3164 4842
318 283 385 350 ⁶24
668 301 841 348 rumunor
863 301 941 348 vrrs
965 301 1137 348 annnorum

231 451 299 505 1031
318 445 517 528 sequmetur,
546 441 684 510 ostendit
710 441 847 528 previus.
889 441 971 520 Quid
994 441 1113 508 multa?
1141 441 1211 508 Non
1233 461 1350 529 paucos
1371 442 1407 508 iu
1426 441 1480 510 illo

318 558 447 626 cenobio
467 558 582 625 matres
596 558 734 625 Domino
756 565 944 645 cooperante
967 558 1146 640 constituit3
1168 559 1203 624 in
1225 557 1308 624 clero
1331 563 1363 626 et
1376 559 1412 624 in
1425 577 1480 645 po-

317 674 392 762 pulo
420 673 536 741 liberos
564 679 596 740 et
623 695 731 740 servos
759 674 819 742 sibi
847 673 988 741 subditos
1017 679 1053 740 ut
1081 673 1230 762 populum
1254 674 1313 742 Dei
1334 674 1482 741 trwtarit

317 796 481 858 mansueta
508 790 721 856 dominatione
748 795 781 856 et
807 796 942 876 paterna
967 791 1095 878 pietate.
1136 789 1338 876 opulentiam
1364 809 1480 875 rarum,

318 927 380 992 qua
401 906 595 987 exuberavit,
618 906 743 992 copiose
766 906 907 990 erogavit
929 913 979 973 et·
1002 912 1068 973 tarn
1091 906 1236 990 dbcrete,
1259 907 1409 992 quatinus
1432 907 1480 972 aui

317 1024 414 1088 totius
436 1023 578 1090 ubertate
600 1021 804 1108 plenitudinis
828 1023 951 1090 beatam
972 1024 1071 1090 uitam
1094 1023 1258 1108 ducerent,
1280 1029 1313 1090 at
1334 1043 1481 1110 superue-

316 1139 438 1205 nientes
461 1139 576 1224 quique
598 1138 739 1204 caritatis
762 1137 888 1206 ianuam
911 1145 1071 1226 patentem
1094 1139 1278 1226 reperirent
1313 1137 1408 1205 Brsri
1423 1138 1481 1222 igi·

316 1261 369 1322 tur
392 1255 542 1342 temporis
564 1253 731 1320 intervallo
754 1254 840 1322 lama
862 1255 923 1322 viri
945 1254 1123 1340 percrebuit
1144 1255 1322 1340 mundoque
1345 1255 1480 1342 pruden-

206 1415 207 1424 κ
317 1372 394 1438 tiam
421 1371 540 1457 pariter
568 1373 600 1436 et
626 1369 777 1455 pietatem
806 1369 999 1456 predicauitl
1027 1371 1066 1438 de
1100 1370 1163 1436 illo.
1198 1368 1242 1436 Et
1267 1371 1313 1436 ita
1339 1371 1479 1456 cognitus
1576 1437 1577 1464 ,

317 1487 420 1554 estin
442 1485 572 1553 urbibus
595 1490 689 1569 atquc
711 1485 897 1571 provinciis,
927 1491 1020 1570 atque
1050 1487 1127 1553 adeo
1149 1490 1258 1571 gratus
1281 1491 1313 1554 et
1335 1491 1479 1574 acceptus
1576 1469 1577 1508 ¹

316 1603 417 1670 factus
440 1607 489 1669 est
509 1600 647 1668 conradi
668 1601 868 1686 imperatoris
891 1601 1032 1686 coniugi·
1055 1602 1157 1688 Glale,
1185 1603 1333 1690 prudenti
1354 1603 1479 1689 lemine,

315 1718 510 1804 imperatrici
530 1724 660 1801 auguste
669 1713 686 1782 ¹.

404 1833 474 1900 Hiis
502 1833 610 1918 itaque
632 1831 817 1916 rapsaces,
844 1831 943 1898 Aribo
968 1832 1220 1919 archiepiscopus
1243 1833 1326 1900 sedis
1349 1832 1479 1918 blrgun

217 1963 297 2022 Anne
316 1951 449 2018 tinensis
477 1950 637 2032 ingressus
666 1949 821 2015 astulam
843 1949 947 2014 caruis
970 1948 1123 2015 universe.
1159 1948 1220 2015 Dei
1242 1968 1315 2032 ergo
1339 1951 1480 2036 omnipo·

318 2065 414 2134 tentis
437 2071 516 2132 nutu
539 2065 723 2150 disponente
747 2069 779 2130 et
800 2083 897 2150 supra
919 2063 1003 2131 dicta
1024 2063 1224 2151 imperatrice
1238 2069 1372 2148 augusta
1384 2067 1480 2133 inter-

316 2181 478 2265 veniente,
505 2180 609 2247 Rardo
632 2181 693 2248 Dei
721 2199 830 2246 servus
858 2185 892 2245 et
916 2179 1088 2246 monachus
1115 2173 1365 2265 Moguntinenais
1394 2181 1478 2250 urbis

315 2298 416 2364 factm
440 2302 488 2363 est
509 2296 617 2382 presul
639 2293 843 2362 venerandus.

404 2413 503 2496 Igitur
526 2448 567 2458 —
591 2418 627 2477 ut
657 2412 809 2480 bonorum
837 2411 904 2479 uita
930 2411 1154 2479 detrimentum
1183 2417 1233 2478 est
1259 2413 1478 2499 pessimorum,

317 2531 349 2594 et
376 2532 413 2595 ut
440 2528 561 2596 zelant‘¹
586 2532 785 2594 mansuetum
812 2527 926 2611 invidi,
955 2529 1132 2595 modestum
1161 2527 1288 2614 superbi
1311 2563 1354 2574 —
1376 2529 1479 2596 insur-

315 2648 466 2712 rexerunt
486 2644 579 2710 multi
599 2644 710 2729 iniqua
731 2642 919 2710 emulatione
941 2645 1087 2710 continue
1111 2644 1145 2709 in
1167 2663 1294 2710 seruum
1314 2643 1389 2726 Dei;
1412 2665 1477 2711 mo-

315 2759 450 2829 nachum
478 2765 510 2826 et
537 2761 695 2827 hominem
722 2763 851 2846 aspectu
872 2759 1042 2826 deformem
1066 2759 1300 2844 Magantinensi
1321 2761 1479 2847 presidere

316 2879 386 2946 aedi
409 2876 613 2961 dedignantes
637 2874 830 2959 deridebant,
854 2893 914 2960 que
935 2875 1012 2942 ioris
1034 2875 1182 2944 uiderunt
1200 2878 1322 2944 carneis
1337 2878 1478 2944 sensibus

316 2993 539 3076 diiudicantes‚
562 2993 648 3060 intus
670 2992 820 3059 latentem
842 2991 1054 3076 spiritualium
1077 2993 1229 3067 donorum
1251 2993 1388 3077 gratiam
1409 2993 1477 3060 nul·

315 3112 438 3178 latenus
461 3109 688 3196 appreciantes.
722 3107 877 3175 Animalis
901 3109 985 3174 enim
1008 3109 1101 3176 horno
1123 3109 1214 3176 iuxta
1234 3089 1329 3176 'fidem
1352 3114 1385 3176 et
1406 3110 1476 3176 doc·

315 3228 433 3294 trinam
455 3224 591 3312 apostoli
618 3245 682 3291 non
703 3224 839 3311 percipit
860 3244 914 3308 ea,
945 3245 1004 3309 que
1027 3231 1102 3292 aunt
1122 3225 1252 3312 spiritus
1274 3221 1362 3292 Dei¹.
1396 3225 1477 3292 Gon·
1579 3255 1580 3266 ¹

316 3343 469 3410 viciorum
491 3348 523 3408 et
545 3341 774 3408 detractionum
796 3359 859 3406 non
873 3341 1039 3408 minimum
1055 3341 1195 3425 accessit,
1218 3347 1314 3427 prout
1326 3341 1476 3408 emulanti

316 3459 438 3543 lingue·
460 3458 584 3528 vanitas
607 3457 756 3524 secularis
779 3461 811 3523 et
832 3457 962 3544 propria
983 3457 1173 3524 consuetudo
1196 3458 1361 3541 suggessit

404 3573 461 3642 llle
482 3579 598 3658 tamen,
621 3579 659 3640 nt
678 3571 784 3640 divine
805 3573 909 3659 ipsum
932 3573 1084 3661 patientie
1098 3574 1198 3640 uirtus
1212 3574 1399 3659 ammonuit
1421 3574 1476 3640 bu·
1579 3551 1580 3600 ³

317 3691 402 3759 milis
425 3697 458 3758 et
478 3691 592 3758 timens
610 3688 722 3773 Deum,
747 3695 813 3755 tam
836 3689 1022 3757 domesticas
1046 3709 1138 3775 quam
1155 3695 1321 3758 extraneas
1335 3691 1476 3776 indigna·

315 3807 417 3877 tiones
440 3827 519 3892 equo
543 3807 647 3872 animo
676 3806 839 3890 sustinuit,
868 3825 902 3873 se
925 3806 1126 3893 dispicientes
1148 3827 1210 3873 non
1233 3807 1392 3894 despexit3
1415 3827 1475 3874 nou

388 3963 408 3997 a.
430 3951 453 3996 et
469 3947 559 3996 addidi.
636 3945 658 3993 b.
679 3947 807 4007 predicaret
822 3966 843 3994 c.
918 3961 939 3994 c.
959 3948 1053 4006 coniuge
1069 3967 1090 3994 e.
1167 3948 1285 3996 drelant
1304 3953 1395 4010 εαίρεϋ
1411 3951 1476 3996 ms·

316 4031 410 4078 aaut
423 4047 466 4091 pro
482 4029 556 4076 celant
571 4027 622 4074 cod.
700 4040 721 4073 a.
739 4026 801 4086 liguo
816 4045 836 4074 c.

388 4134 412 4188 1.
436 4131 556 4188 Bardoni
573 4133 627 4186 iam
638 4102 721 4188 elatea
733 4131 870 4187 abbatiam
882 4130 1110 4202 Hersieldenaem,
1129 4131 1263 4189 suadente
1274 4134 1475 4204 consanguinea

315 4224 374 4279 eius
390 4221 466 4278 Gisla
483 4221 661 4291 imperatrice,
679 4220 806 4276 traditam
825 4235 894 4292 esse,
913 4236 949 4276 ex
960 4221 1058 4276 Annal.
1071 4221 1192 4278 Hildesb.
1211 4227 1240 4276 et
1256 4221 1315 4277 vita
1324 4221 1474 4278 lleinvemi

316 4315 432 4381 constat,
450 4315 481 4366 ut
497 4310 629 4366 indicavit
639 4307 829 4367 wattenbach.
906 4310 931 4365 2.
952 4313 966 4365 1
980 4309 1100 4366 Corinth.
1113 4311 1138 4382 a,
1152 4311 1200 4365 14:
1220 4309 1374 4382 ,Animalia
1386 4315 1474 4368 auteur

317 4397 397 4456 bomo
414 4415 470 4454 non
486 4399 603 4470 percipit
620 4413 661 4469 aa,
679 4413 749 4469 quae
767 4403 832 4454 sunt
849 4397 959 4468 spiritus
975 4397 1029 4454 Dei
1035 4397 1059 4453 ².
1577 4361 1580 4460 i
