3024 4864
224 409 276 465 748

214 483 267 530 nri.
275 483 289 530 l

309 245 375 310 190
556 261 584 310 e.
600 261 776 310 nomnann
797 263 842 309 sn
864 263 967 310 nnncr
988 261 1175 310 nmerocsn
1199 262 1229 308 ee

306 404 483 489 scriptam.
534 402 634 469 Valde
667 402 758 470 nobie
790 402 983 489 acceptabile
1012 423 1082 470 esse
1109 421 1296 487 cognoscam
1326 403 1457 487 quonium

306 540 363 605 per
386 517 523 606 Spiritus
547 519 648 584 sancti
670 519 806 602 gratiam
828 518 863 585 in
885 524 918 584 te
940 517 1098 604 diffusam,
1122 519 1299 603 karissime,
1323 517 1379 585 hoc
1393 537 1456 604 ope·

306 635 371 702 rari
393 633 552 701 studuisti.

395 750 480 816 [nter
507 769 546 816 ee
567 769 624 836 per
647 749 711 816 alie
733 750 853 836 scripta
874 751 1034 817 fraternae
1057 749 1233 817 sanctitatis
1256 754 1328 816 tuae
1349 748 1460 835 petisti:

306 872 342 933 ut
364 865 510 932 sacerdos
538 886 558 931 a
584 863 675 931 nobis
704 865 860 948 dirigatur
888 867 921 931 in
950 866 1093 952 partibus
1118 864 1271 932 Francius
1300 871 1331 932 et
1353 863 1460 930 Galliae

307 983 347 1048 ad
377 981 511 1048 eoncilia
538 980 733 1048 celebrande.
781 979 844 1047 Sed
872 980 949 1048 dum
977 981 1044 1048 Deo
1074 983 1212 1069 propitio
1243 985 1297 1047 tua
1325 981 1461 1046 sancitas

306 1095 478 1184 superetisb
497 1097 615 1179 existit,
639 1096 693 1180 qui
716 1096 799 1162 sedis
823 1097 1013 1184 apostolicae
1036 1103 1068 1164 et
1090 1102 1232 1164 nostram
1246 1097 1313 1163 illic
1328 1113 1462 1182 praesen·

307 1217 371 1279 tat*
393 1213 509 1296 vicem,
534 1212 630 1278 alium
652 1211 718 1278 illic
741 1211 876 1296 dirigere
898 1215 1111 1280 necessarium
1134 1233 1198 1279 non
1221 1221 1278 1278 est

396 1327 480 1406 Quos
502 1333 607 1394 autem
629 1327 819 1414 reppereris,
844 1329 1060 1396 amantissime
1075 1330 1184 1413 irater,
1208 1328 1360 1396 habentes
1375 1327 1464 1393 scien·

306 1445 385 1510 tiam
409 1464 515 1510 sacrae
538 1443 699 1510 doctrines
723 1449 755 1510 ιι
778 1451 921 1511 sanctam
949 1450 1091 1512 tenentes
1119 1445 1221 1529 legem
1249 1451 1345 1529 atque
1372 1441 1465 1509 ortho-

307 1559 422 1625 doxam
445 1561 513 1626 sine
537 1560 630 1626 dubio
654 1560 857 1627 defendentes
880 1560 984 1644 iidem
1008 1561 1065 1628 hos
1088 1562 1214 1627 mittere
1237 1560 1339 1643 stude,
1362 1559 1394 1624 in
1408 1557 1464 1642 qui·

307 1675 366 1742 bns
389 1675 582 1762 praevideris
605 1676 683 1744 locis
707 1676 747 1742 ad
769 1677 1015 1762 praedicandum
1038 1677 1169 1744 verbnm
1193 1676 1316 1741 solutis.
1462 1757 1467 1762 Ι

396 1791 536 1858 Concilia
557 1811 649 1875 vero,
678 1794 856 1877 aggregatis
887 1793 1043 1880 episcopis
1071 1791 1334 1880 provincialibus,
1363 1787 1466 1855 attilii

308 1912 341 1974 et
362 1907 416 1974 ubi
438 1907 498 1973 tibi
519 1913 641 1974 rectum
663 1908 797 1992 videtur,
821 1908 1010 1977 celebranda
1031 1927 1180 1996 procura3
1205 1913 1237 1974 et
1258 1927 1336 1992 quos
1352 1904 1466 1971 devian-

306 2029 354 2090 tes
376 1998 549 2108 inveneris,
573 2023 729 2092 confunde
750 2025 846 2090 facies
871 2045 980 2091 eorum
1002 2024 1176 2108 ignominia
1184 2019 1201 2108 ¹,
1226 2029 1263 2090 ut
1283 2023 1351 2089 sint
1371 2039 1466 2088 coram

307 2139 451 2206 omnibns
476 2140 543 2205 sine
564 2139 692 2206 honoro.
739 2141 894 2207 Dominus
924 2141 1008 2208 enim
1032 2140 1117 2206 Deus
1145 2145 1253 2206 noster
1279 2139 1344 2205 erit
1365 2143 1465 2203 tecum

398 2254 600 2342 Suscepimus
622 2276 696 2322 vero
720 2262 753 2322 ιι
775 2256 917 2322 chartam
940 2257 1150 2342 conscriptam
1173 2276 1247 2323 vere
1263 2261 1359 2340 atque
1374 2255 1467 2322 ortho-

308 2369 408 2436 doxae
431 2369 636 2455 professionis
660 2377 692 2438 et
714 2371 887 2440 catholicae
915 2372 1064 2456 unitatis,
1095 2392 1190 2457 quam
1219 2391 1291 2438 cum
1314 2369 1468 2438 dilectissi-

307 2485 368 2550 mis
391 2484 481 2552 nobis
504 2487 661 2573 episcopis
684 2487 785 2574 partis
801 2486 993 2554 Francorum
1018 2494 1074 2554 tna
1095 2487 1213 2554 direxit
1225 2487 1401 2554 reverenda
1413 2486 1468 2550 sra-

307 2601 449 2667 ternites.
495 2601 596 2679 Quem
618 2609 813 2687 reserantes,
843 2604 941 2669 nimio
964 2603 1078 2687 gaudie
1102 2623 1210 2670 sumus
1232 2603 1365 2691 repleti,
1388 2604 1470 2669 innn-

308 2716 475 2784 merabiles
498 2718 617 2800 gratias
648 2722 776 2802 agenoes
799 2718 867 2786 Deo
896 2720 980 2806 patri
1008 2719 1232 2806 omnipotenti:
1264 2720 1341 2804 quie
1369 2716 1469 2784 unani·

308 2833 450 2898 mitatem
475 2853 583 2900 eornm
607 2835 648 2899 sd
669 2834 851 2902 societatem
874 2841 1015 2902 nostram
1036 2855 1184 2902 revocare
1199 2834 1348 2918 dignatus
1365 2838 1421 2916 est,
1441 2837 1471 2896 ut

308 2947 460 3035 spiritalis
483 2969 593 3016 eornm
614 2953 717 3014 meter
740 2955 849 3016 saneta
870 2950 1004 3018 laetetur
1027 2950 1187 3018 aecclesia
1233 2949 1353 3016 Nostra
1375 2953 1471 3016 auten

308 3065 386 3149 vice,
410 3064 607 3148 karissimel,
631 3085 739 3132 omnes
762 3065 796 3132 in
819 3065 925 3132 osculo
947 3069 1035 3153 pacis
1051 3065 1169 3132 Christi
1192 3065 1305 3132 saluta.
1347 3063 1426 3142 Quia
1446 3065 1472 3126 et

296 3200 365 3246 =ncs
399 3179 561 3248 dilectioni
594 3201 721 3265 eorum,
762 3181 881 3266 gratias
916 3186 1060 3268 agentes,
1096 3181 1283 3268 apostolicus
1318 3181 1472 3247 misimur·

307 3291 457 3362 litteras².

396 3411 479 3478 Nam
502 3415 534 3478 et
556 3411 615 3476 hoc
637 3412 818 3480 intimatum
842 3417 892 3478 est
914 3434 934 3478 a
955 3419 1010 3478 tua
1033 3412 1174 3479 fraterna
1189 3413 1375 3479 sanctitate:
1399 3408 1473 3497 quod

309 3525 461 3611 Virgilius
487 3523 558 3593 ille³
582 3562 624 3572 -
648 3529 805 3594 nescimus
828 3529 856 3594 si
885 3529 1008 3595 dicatur
1030 3528 1249 3616 presbiter-
1274 3522 1473 3612 malignatur¹

310 3643 477 3708 adversum
500 3647 532 3708 te
554 3663 613 3729 pro
637 3663 683 3728 eo,
708 3643 791 3729 quod
807 3643 1056 3711 confundebatur
1072 3667 1091 3711 a
1106 3651 1146 3729 te,
1171 3665 1340 3711 erroneum
1362 3660 1473 3710 sesses

310 3757 506 3825 acatholica
528 3759 686 3841 doctrine3
709 3760 909 3827 inmissiones
932 3760 1051 3827 feciens
1067 3760 1185 3844 Otiloni
1208 3760 1279 3826 duci
1293 3758 1474 3827 Baiubario

309 3883 409 3958 rum⁸‚
432 3879 470 3940 ut
492 3874 598 3941 odium
620 3875 704 3941 inter
728 3881 759 3942 te
782 3881 814 3942 ιι
836 3875 926 3942 illum
949 3877 1134 3959 seminaret;
1159 3875 1274 3959 aiensi,
1299 3875 1387 3960 quod
1409 3879 1439 3942 et
1459 3892 1476 3938 a

383 4021 402 4053 a.
425 4025 482 4054 corr.
499 4012 522 4055 ie
539 4008 642 4056 doctrina
658 4007 784 4068 apostolica
800 4009 909 4068 scriptum
926 4011 952 4055 C.
1014 4008 1037 4054 b.
1059 4027 1114 4056 corr.
1124 4012 1147 4056 in
1163 4011 1279 4070 superstes
1297 4011 1324 4056 C.
1389 4021 1409 4054 c.
1425 4023 1474 4052 cerr.

310 4089 332 4133 in
349 4089 481 4146 praesentas
493 4091 519 4136 C.
573 4087 745 4134 diutissimae
757 4091 791 4134 M.
854 4102 874 4134 e.
890 4087 1005 4134 missimus
1018 4091 1052 4134 M.
1114 4087 1130 4134 f.
1147 4088 1281 4146 malignatus
1293 4091 1320 4135 C.
1386 4101 1409 4146 g.
1423 4103 1475 4132 corr.

309 4169 333 4212 ιι
348 4165 503 4214 Baiuariorum
521 4168 547 4216 C.
625 4165 648 4213 h.
669 4180 738 4224 agene
755 4171 790 4222 M,
806 4183 863 4212 corr.
878 4169 901 4212 ὺι
917 4167 980 4214 aiens
998 4170 1023 4214 c.

382 4263 406 4316 1.
431 4263 476 4316 Ps.
489 4263 533 4331 82,
547 4261 594 4315 17:
619 4261 725 4332 „imple
748 4259 834 4316 facies
857 4275 951 4316 eorum
974 4261 1155 4332 ignominia“.
1244 4263 1270 4318 2.
1293 4275 1339 4332 ep.
1359 4263 1394 4318 67
1412 4257 1476 4317 infra

251 4341 257 4348 ’
309 4365 336 4419 p.
351 4351 410 4406 193.
500 4351 526 4406 3.
550 4363 594 4420 ep.
613 4347 829 4420 Salnburgensis.
