3110 4844
254 293 283 342 s.
299 293 475 342 cornuum
496 293 541 342 nn
562 293 666 342 nunu
687 293 876 343 nrrsrouan
899 295 952 342 ns.
968 295 1013 342 ure
1154 279 1218 344 281

85 435 149 505 115.
165 437 323 524 Puppieno
337 437 536 504 Francorum
557 459 614 502 rea
629 436 724 503 Lullo
746 441 893 525 episcopo
907 440 1040 504 manda
1053 441 1093 504 de
1105 442 1221 525 protir'e

165 555 216 620 deo
234 575 299 640 pro
312 554 423 638 fertili
444 575 529 619 aureo
553 555 710 639 apeadrh'.
834 551 869 633 (S
885 554 940 637 96,
965 551 1004 620 W
1022 555 1096 638 109,
1120 551 1220 635 (198)

146 684 292 773 Pippinns
326 686 429 768 gratia
458 685 518 752 Dei
545 706 602 752 ron
630 683 825 752 Francorum
855 686 905 752 vir
932 685 1067 753 inluster
1094 687 1221 752 domino
1239 693 1381 749 itt-⁷68

78 805 162 867 auch
182 802 265 888 patri
287 800 398 867 Lullcl
422 801 578 888 episcopo.

145 915 307 1000 Cognitum
331 917 447 983 scimus
471 917 632 984 sanctitati
647 921 781 1001 vestrae,
804 915 930 1002 qualem
949 915 1100 1003 pietatem
1116 921 1148 985 et
1161 917 1222 984 mi-

76 1033 253 1099 sericordiam
276 1032 362 1099 Deus
390 1031 467 1099 fecit
493 1033 634 1119 presenti
662 1051 744 1098 anuo
774 1033 808 1098 in
830 1037 917 1100 terra
939 1034 1010 1099 ista
1046 1031 1144 1100 Dedit
1164 1033 1223 1099 tri·

76 1147 243 1214 bdationem
272 1168 331 1235 pro
360 1148 483 1214 delictis
510 1149 643 1232 nostris,
672 1154 745 1236 post
767 1148 1004 1216 tribulationem
1027 1153 1133 1214 autem
1155 1167 1223 1214 ma·

74 1283 148 1348 pam
170 1269 263 1350 atque
285 1263 463 1330 mirabilem
486 1263 732 1332 consolationem
755 1265 822 1331 sive
840 1263 1087 1331 habundantiam
1102 1263 1224 1330 hactus

74 1385 166 1464 terrea
189 1399 269 1464 quae
291 1379 384 1446 modo
407 1379 568 1448 habemus.
604 1379 647 1446 Et
670 1378 709 1446 ab
732 1379 792 1446 hoc
814 1385 909 1464 atque
929 1400 989 1467 pro
1013 1379 1091 1446 alias
1112 1399 1223 1446 causas

73 1501 176 1562 nostras
198 1515 278 1584 opus
302 1501 351 1562 est
372 1495 473 1580 nobis,
495 1495 544 1562 illi
566 1495 685 1580 gratias
709 1515 812 1580 egere,
836 1496 910 1580 quia
932 1495 1079 1579 dignatum
1096 1499 1144 1562 est
1158 1515 1224 1562 ser-

75 1609 110 1676 vis
134 1612 193 1677 suis
222 1610 385 1678 consolare
414 1631 473 1699 per
501 1611 568 1678 eius
598 1611 859 1679 misericordiam.
896 1609 949 1678 Sic
974 1611 1066 1678 uobis
1088 1611 1225 1694 videtur,

74 1726 232 1812 utabsque
261 1727 378 1794 ieiunio
407 1727 526 1793 indicto
551 1727 767 1813 unusquisque
790 1727 956 1814 episcopus
978 1727 1012 1794 in
1035 1747 1093 1792 sua
1115 1747 1225 1813 parro-

72 1839 128 1908 chia
146 1842 279 1910 letanias
301 1843 406 1927 iaciat,
430 1861 494 1909 non
516 1863 588 1910 cum
610 1843 738 1928 ieiunio,
761 1843 825 1909 nisi
846 1848 972 1910 tantum
994 1841 1028 1908 in
1046 1841 1139 1908 laude
1153 1841 1224 1927 Dei,

74 1957 114 2040 qui
133 1957 225 2026 talem
248 1958 340 2025 nobis
356 1959 604 2025 habundantiam
620 1959 721 2040 dedit3
746 1965 779 2025 et
792 1959 890 2024 iaciat
902 1951 1225 2043 unusquisqudhomo

72 2091 116 2138 sua
139 2073 306 2156 elimosina
335 2080 368 2140 ct
389 2094 545 2162 pauperes
568 2079 687 2161 pascat
726 2073 770 2141 Et
794 2075 840 2141 sic
861 2073 1026 2161 previdere
1047 2073 1172 2140 faciatis
1195 2079 1227 2141 et

73 2187 197 2256 ordinare
220 2189 261 2256 de
283 2191 379 2257 verbo
401 2195 521 2275 nostro,
544 2195 580 2257 ut
601 2191 817 2274 unusquisque
838 2190 947 2274 homo,
978 2193 1033 2257 aut
1054 2189 1149 2257 vellet
1172 2194 1227 2257 aut

71 2301 160 2389 uolet,
182 2325 275 2372 suam
299 2305 453 2374 decimam
475 2307 581 2374 donet.
615 2305 727 2374 Valete
749 2305 781 2372 in
799 2304 941 2372 Christo.

75 2512 145 2584 116.
164 2519 280 2584 bullas
295 2519 487 2587 Denebordo
511 2521 646 2608 ultraque
668 2521 778 2586 scribit
799 2522 838 2586 de
855 2523 955 2586 eoma'o
966 2533 1100 2608 propter
1113 2521 1228 2587 imbreo

162 2638 198 2700 a'ra
218 2634 400 2722 Thuriape'a
404 2637 569 2721 faciendis
586 2650 615 2702 et
630 2639 878 2702 demortuorum
895 2638 1096 2723 quorumdum
1110 2657 1226 2702 merno-

162 2773 215 2816 raa
238 2751 431 2817 sollemniter
452 2753 666 2818 celebraverint
841 2750 877 2832 (S
893 2751 947 2834 62,
971 2749 1010 2817 W
1029 2753 1102 2833 107,
1126 2749 1153 2817 G
1170 2751 1226 2832 96)

143 2881 324 2950 Carissimis
347 2883 421 2950 liliis
436 2883 635 2968 Dsnehardo,
655 2883 847 2968 Eauberhto,
863 2881 1037 2968 winberto,
1054 2882 1227 2969 Sigeherio,
1246 2895 1387 2951 vor-tva

70 2991 230 3079 Sigewaldo
254 2997 365 3065 Lullus
389 3001 520 3066 antistes
544 3000 578 3065 iu
601 2999 737 3066 Domino
760 2999 904 3066 salutem.

142 3115 360 3182 Admonemus
383 3135 449 3199 vos,
472 3121 508 3181 ut
529 3116 645 3199 rogetis
669 3135 777 3182 omnes
800 3113 935 3200 ubique⁴
953 3113 1021 3182 Deo
1044 3115 1227 3198 servientes,

69 3229 123 3294 tam
149 3251 259 3298 servos
282 3231 343 3297 Dei
371 3251 465 3316 quam
496 3229 626 3297 ancillas
649 3229 783 3314 Christi,
812 3231 844 3297 in
867 3231 1030 3317 provincia
1052 3229 1229 3316 Thyringo-

70 3359 125 3410 rum
153 3349 399 3432 universamque
426 3346 567 3433 plebem,
595 3351 632 3412 ut
653 3347 686 3412 in
709 3347 870 3412 communi
892 3345 1141 3413 misericordiam
1163 3345 1228 3411 Do·

70 3457 134 3526 nini
155 3461 376 3550 deprecentur,
400 3467 553 3548 quatenus
578 3462 617 3528 ab
634 3462 801 3528 inminenti
819 3461 998 3549 pluviarum
1014 3459 1137 3545 flagello
1151 3460 1229 3527 libe-

70 3591 174 3659 remur3
199 3579 234 3644 id
257 3583 320 3646 est:
344 3584 380 3644 ut
401 3597 496 3644 unam
513 3577 720 3645 ebdomadam
736 3577 915 3645 abstineant
929 3597 963 3644 se
979 3576 1018 3644 ab
1034 3577 1120 3644 omni
1134 3595 1230 3642 carne

71 3691 150 3758 etab
172 3694 262 3760 omni
284 3699 372 3780 potu,
396 3695 430 3758 in
453 3713 514 3778 quo
537 3693 600 3759 mel
622 3694 681 3775 sit;
704 3693 842 3760 secunda
863 3694 944 3760 feria
967 3697 1080 3777 quarta
1100 3693 1180 3759 feria
1198 3698 1230 3760 ct

70 3813 147 3874 sexta
172 3809 254 3878 laria
281 3809 428 3876 ieiunatis
455 3829 555 3894 usque
585 3809 625 3875 ad
651 3829 827 3896 vesperum.
862 3807 907 3875 Et
928 3807 1142 3894 uuusquisque
1164 3828 1230 3875 ser-

71 3939 165 3990 vorum
182 3924 245 3993 Dei
268 3931 301 3992 et
321 3925 607 3992 sanctimonialium
625 3925 853 4010 quinquaginta
868 3925 1008 4011 psalmos
1023 3929 1129 3991 cantet
1144 3923 1230 3990 omni

72 4033 112 4102 die
130 4040 162 4106 in
184 4041 243 4108 illa
265 4041 453 4128 septimana.
487 4039 531 4108 Et
552 4039 623 4107 illes
646 4041 776 4125 missas,
805 4060 885 4126 quae
907 4060 966 4127 pro
988 4039 1230 4128 tempestatibus

70 4148 126 4219 fieri
147 4157 281 4242 soleant,
305 4158 475 4243 celebrare,
499 4178 553 4225 vos
576 4156 774 4244 presbiteri·,
797 4155 1016 4224 recordamini.

130 4329 149 4362 1.
169 4335 198 4362 rx
217 4318 311 4366 Vtile.
340 4319 393 4365 stne
410 4319 520 4364 lanan.
612 4299 743 4388 [111117.
837 4328 856 4361 c.
878 4331 906 4361 ex
924 4316 946 4362 Γ
961 4313 1017 4362 tte.
1047 4315 1151 4361 hmo:
1170 4313 1228 4360 Ibem

72 4391 156 4449 mittola
170 4395 240 4444 Lulli.
318 4397 341 4444 d
361 4396 438 4456 ibique
456 4397 485 4444 V.
562 4409 582 4442 e.
602 4396 645 4455 pbr
662 4396 690 4443 V.
