3148 4846
442 295 629 344 urrerem
650 293 879 344 rroeusnmrsa
901 291 933 344 nn
1204 275 1271 344 41⁹

101 438 187 502 uerte
211 433 412 504 ffinieieuis
435 425 569 521 man,
599 442 631 504 ei
653 437 825 504 toneneas
847 456 906 523 per
927 433 1149 522 appellationis
1168 443 1437 503 remolito-lael

101 550 189 618 dium
215 557 402 619 reboemus
430 552 471 620 ad
492 552 589 620 robur
610 552 780 620 soliditatis
801 550 1022 620 ineonvulsnm
1043 551 1134 636 vigili
1154 551 1272 640 perdu*

100 685 171 736 esre
194 672 319 735 tenetur
341 666 454 735 offitio.

189 782 290 867 Igitur
310 785 345 851 in
366 783 481 852 litteris
496 789 563 851 tam
578 789 750 852 eonventus
765 783 969 852 ecelesiarum
983 787 1162 852 noemmin
1176 801 1272 870 quam
1333 819 1337 831 .

98 899 297 986 privatarum
318 919 524 987 personarum
541 901 606 968 inm
621 899 740 987 pluries
755 900 973 984 eognovimus:
998 899 1083 986 quod
1095 898 1135 966 lis
1151 903 1184 967 at
1196 918 1272 966 eou-

98 1017 272 1100 troversia,
303 1036 362 1101 que
390 1017 474 1084 iuter
495 1017 692 1104 prepositum
716 1015 846 1083 eeulosie
867 1015 953 1084 beati
974 1014 1128 1082 Bonifatii
1151 1019 1183 1082 et
1204 1015 1274 1082 eius

97 1131 272 1198 eouirntms
295 1151 391 1220 super
412 1133 536 1200 deieetu
558 1131 787 1220 stipendiorum
810 1152 938 1200 suorum
962 1132 1111 1216 vertitur,
1138 1149 1273 1218 sepenu-

98 1267 187 1314 mero
209 1247 261 1316 rel
283 1268 341 1335 per
362 1247 515 1316 iudieium
536 1248 588 1315 uel
609 1249 856 1319 nannetiouem
878 1247 930 1315 vel
953 1247 1145 1314 arbitrorum
1160 1267 1272 1314 eonsu-

97 1383 168 1430 rnm
191 1364 232 1430 ad
254 1365 341 1451 pneis
363 1365 517 1432 umtntem
541 1369 574 1432 et
595 1365 760 1432 eonoordie
778 1364 893 1432 bouum
910 1363 952 1430 sit
967 1363 1134 1450 perdueta3
1158 1362 1273 1432 deiude

96 1483 172 1566 post
197 1479 313 1547 modiei
336 1481 488 1566 temporis
509 1480 713 1548 intervallum
735 1480 776 1547 ad
797 1479 871 1547 lites
894 1483 927 1547 et
948 1480 1169 1548 eonteuoiones
1190 1477 1274 1546 reei-

96 1595 173 1662 diro
195 1595 304 1663 doiore
331 1596 375 1664 sit
400 1616 575 1664 reeursurn.
619 1596 710 1674 Quod
736 1597 839 1683 quivis
861 1615 938 1662 sane
961 1595 1076 1663 mentis
1099 1593 1272 1662 arbitratur

95 1709 257 1779 medati
284 1713 487 1780 eenbarium.
522 1711 694 1796 Quoniam,
723 1713 752 1780 si
779 1711 939 1780 ordinario
965 1710 1146 1798 presidente
1168 1710 1272 1780 iudioe

95 1826 232 1894 ultimus
254 1827 421 1896 diffinitive
443 1829 599 1896 monens
621 1827 759 1896 eaieulus
782 1826 1037 1896 eouteuoiouibus
1058 1826 1155 1894 duem
1168 1828 1272 1913 impo-

94 1943 162 2010 suit
184 1949 217 2012 et
238 1944 396 2012 sententia
416 1945 451 2011 iu
472 1963 540 2011 rem
563 1944 735 2012 iudicatam
756 1944 893 2028 mandit,
916 1948 1029 2011 neutra
1043 1943 1188 2032 paroinm
1203 1943 1272 2010 siue

93 2079 181 2147 pena
202 2063 235 2128 et
257 2061 442 2147 exceptione
463 2061 511 2127 rei
532 2059 680 2144 iudicate,
703 2059 788 2145 quod
810 2061 871 2126 rite
891 2064 1043 2126 statutum
1059 2058 1130 2144 init,
1153 2063 1272 2126 retrae-

94 2181 168 2243 tare
191 2177 303 2263 potuit
351 2174 386 2244 Si
407 2195 482 2244 vero
504 2176 676 2244 nansaotio
699 2175 788 2244 litem
811 2175 929 2262 sopivit
950 2181 982 2244 et
1004 2174 1124 2263 piaeita
1146 2179 1272 2242 servata

93 2311 161 2358 non
186 2296 270 2376 sunt,
293 2311 378 2379 pena
399 2297 665 2378 uansgressorem
687 2292 832 2360 comitari
854 2290 972 2377 debuit,
996 2311 1057 2377 que
1072 2290 1272 2358 eonstitutio·

93 2409 192 2476 nibus
219 2409 399 2496 principum
427 2413 519 2476 eauta
546 2410 713 2495 reperitur.
758 2409 793 2476 Si
816 2414 921 2476 autem
945 2407 1136 2476 arbitrorum
1158 2405 1272 2494 peunle

94 2525 233 2593 seposuit
258 2523 427 2610 iuditium,
458 2523 577 2592 malote
598 2525 632 2592 in
655 2524 789 2593 arbitrio
811 2525 931 2592 dietata
952 2528 1060 2610 partes
1083 2522 1273 2610 oompellere

96 2641 236 2726 debuit·,
259 2645 311 2726 ut,
334 2639 417 2727 quod
440 2641 605 2726 utriusque
627 2641 828 2708 conniventia
849 2641 990 2708 deeisum
1013 2644 1076 2724 est,
1104 2639 1274 2723 breiruga·

94 2757 196 2826 bilem
229 2756 368 2841 rigorem
398 2755 555 2824 obtineret
580 2757 614 2823 in
642 2763 814 2843 posterum.
861 2755 979 2822 Verum
1007 2775 1079 2822 oum
1109 2754 1186 2822 bnee
1215 2775 1273 2822 suo

92 2874 168 2942 leon
189 2875 295 2940 minus
317 2873 484 2941 observata
506 2872 579 2956 siut,
603 2893 642 2940 ea
663 2871 864 2960 postmodum
878 2870 1051 2940 metaurarn'
1066 2871 1151 2954 eogit
1164 2889 1273 2938 neees-

93 2993 193 3072 sitns3
215 2990 362 3076 idemque
383 2988 553 3076 persuadet
572 2987 705 3072 utilitas,
728 2987 867 3056 maxime
881 3006 922 3055 no
936 2991 1047 3056 nonna
1060 2985 1166 3071 legum
1181 3005 1272 3054 seno·

92 3107 202 3175 tiones
224 3105 297 3173 lites
318 3106 352 3172 in
373 3104 533 3172 infinitum
554 3104 789 3192 protrahantur.

188 3221 333 3290 Penestis
354 3222 462 3307 itaque
484 3221 651 3306 diiigenter
672 3221 747 3287 bine
767 3219 841 3286 inde
863 3219 961 3286 variis
982 3219 1125 3304 pureum
1140 3218 1272 3287 rationi·

92 3340 168 3425 bus,
191 3357 269 3425 quas
290 3337 382 3406 uobis
404 3336 562 3421 signatusb
578 3336 775 3424 porrexistis,
797 3336 832 3402 iu
852 3336 968 3402 mentis
984 3340 1090 3402 nosne
1103 3333 1273 3403 libramine

90 3455 267 3541 habitaque
294 3473 358 3520 nen
384 3453 600 3541 periuuetoria
627 3459 676 3520 set
704 3452 845 3520 studiosa
866 3450 1090 3538 disputationis
1111 3450 1271 3536 indagine,
1355 3439 1358 3446 ⁴

89 3571 250 3658 requisito
273 3575 381 3637 tamen
399 3569 487 3656 prius
502 3587 656 3637 eonsensu
671 3568 854 3636 nuntiorum
870 3573 902 3634 et
916 3567 956 3634 ab
971 3569 1016 3636 eis
1031 3567 1116 3634 iaetu
1129 3567 1269 3634 omnium

91 3686 336 3774 ailegaudorum
358 3685 605 3770 renunciatione,
627 3685 661 3752 in
676 3684 736 3752 boo
750 3683 877 3752 medem
893 3689 1038 3752 nostrum
1051 3683 1171 3751 resedit
1184 3703 1272 3750 seru·

88 3807 213 3874 finium
236 3808 268 3870 et
288 3803 449 3887 iuditium,
471 3807 509 3868 ut
530 3801 720 3868 senentiam
743 3800 870 3868 euobis
891 3799 1000 3885 iatam,
1023 3799 1104 3867 boue
1134 3799 1269 3868 scilieet:

91 3925 157 4009 „ut
178 3918 358 4008 prepositus
381 3917 512 3987 eoeiesie
533 3917 618 3986 beati
632 3915 783 3984 Bouiintii
805 3937 844 3984 ex
866 3916 971 4000 rebus,
995 3935 1073 4002 quas
1094 3915 1129 3982 iu
1149 3914 1271 3982 villies-

88 4037 236 4106 tiouibus
265 4033 396 4104 eoeleaie
423 4055 518 4121 super
540 4033 679 4101 debitam
700 4033 930 4119 prestationem
955 4053 990 4100 se
1010 4030 1127 4100 babere
1148 4031 1271 4099 oouies·

89 4175 154 4223 nus
182 4157 247 4237 est,
274 4151 429 4219 defeetum
458 4149 690 4237 prebendarum
712 4149 862 4216 iratribus
886 4147 1034 4236 supplere
1056 4145 1184 4230 debeat,
1212 4165 1271 4214 neo

88 4271 182 4339 inter
209 4268 340 4357 propria
368 4265 441 4336 illas
469 4287 563 4355 posse
586 4262 802 4353 eomputare“,
830 4269 934 4335 ratam
956 4263 1144 4346 haberemus
1167 4267 1199 4330 et
1219 4261 1269 4328 iu·

171 4425 192 4460 a
212 4411 292 4459 estut
307 4426 388 4475 apogr.
465 4409 489 4457 o.
505 4408 609 4469 umen
625 4423 706 4472 mgr.

996 4490 1055 4547 2¹1*
