3090 4848
327 327 356 376 s.
374 329 549 377 acumem
570 329 614 377 uu
637 329 740 378 nuum
761 329 949 378 urrsuonsu
979 331 1009 377 ιι
1210 311 1253 378 69

1 481 2 490 ’
79 469 258 537 enumerari
287 476 437 557 possunt,
467 471 627 556 quamvis,
655 476 693 538 ut
714 472 843 557 dicitur,
875 471 1005 539 Sextilis
1027 475 1083 537 aut
1105 469 1253 550 Quintilis
1272 475 1413 532 ‘lle-'lua

79 591 225 672 tempora
245 586 407 672 protelent
428 587 573 672 costulis,
603 587 740 654 tedebit·
769 608 827 654 nos
855 587 940 654 vitae
968 593 1096 654 nostrae
1118 590 1151 654 et
1171 607 1254 673 pene

77 702 169 770 uobis
191 701 375 789 pertesuml
398 708 447 768 est
468 703 584 770 vivere.
620 702 730 770 Omnis
745 702 850 788 bomo,
872 704 906 769 iu
922 723 981 770 sua
996 722 1091 769 causa
1105 701 1253 770 deficiens

78 825 110 885 et
130 820 166 884 iu
189 819 258 884 suis
281 817 438 885 consiliis⁸
467 817 630 903 diffidens,
660 817 765 904 querit
793 819 854 886 sibi
882 819 1019 886 amioum
1048 817 1190 902 fidelem,
1218 817 1252 886 iu

77 934 167 1002 cuiue
191 933 332 1001 consiliis
355 932 502 1018 confidat,
526 932 599 1020 qui‘¹
621 935 655 1001 iu
678 935 743 1000 suis
767 933 921 1018 diffidet·;
945 940 978 1003 et
993 935 1089 1002 talem
1104 933 1253 1000 fiduciam

77 1033 194 1117 babeat
221 1049 256 1115 iu
285 1047 354 1135 illo,
386 1055 422 1116 ut
450 1049 590 1116 omnem‘
619 1055 774 1118 secretum
803 1049 851 1117 sui
881 1052 1038 1138 pectoris⁸
1063 1049 1198 1138 pandetl
1222 1055 1254 1118 et

77 1165 211 1253 aperiat
259 1163 302 1232 Et
328 1171 365 1232 ut
393 1166 523 1250 dicitur,
553 1165 629 1252 quid
658 1165 780 1232 dulcius
803 1170 867 1251 est,
896 1187 990 1252 quam
1013 1167 1129 1233 habeas
1152 1166 1252 1252 illum,

76 1302 147 1350 cum
177 1303 241 1367 quo
271 1281 379 1348 omnia
406 1282 510 1368 possis
538 1271 625 1368 loqui
652 1287 688 1347 ut
715 1282 839 1348 tecum?
929 1281 972 1348 Et
999 1283 1086 1368 ideo,
1116 1303 1175 1370 pro
1203 1281 1253 1348 his

76 1399 247 1466 dumtaxat
269 1398 414 1464 omnibus
433 1399 632 1464 miseriarum
648 1397 899 1482 necessitatibus,
925 1417 1007 1483 quae
1021 1398 1172 1464 lacinioso
1188 1419 1253 1465 ser·

75 1535 170 1580 mone
198 1515 454 1582 enumeravimus
462 1513 479 1598 ¹,
508 1513 599 1581 nobis
627 1515 841 1580 necessarium
868 1514 945 1598 fuit,
973 1520 1010 1580 ut
1032 1535 1252 1600 quaereremus

76 1631 215 1696 amicum
238 1627 364 1696 fidelem
388 1635 420 1696 et
441 1629 549 1714 talem,
572 1630 606 1695 iu
630 1649 724 1715 quern
746 1627 941 1697 confidamus
965 1629 1077 1696 melius
1101 1650 1196 1716 quam
1218 1631 1250 1696 in

74 1753 201 1813 nosmet
230 1744 353 1833 ipsos¹3
385 1747 437 1830 qui
467 1744 590 1812 dolores
613 1751 738 1811 nostros
762 1751 794 1812 et
816 1745 961 1812 miserias
991 1751 1023 1812 et
1048 1752 1252 1833 paupertates

1 1953 2 1958 ἵ
75 1883 149 1928 suas
181 1862 369 1949 deputaret,
386 1866 431 1934 ¹et
458 1863 643 1950 conpatiens
672 1861 763 1928 nobis
792 1861 904 1929 nosset
927 1865 959 1928 ot
981 1861 1171 1929 consuleret*
1194 1881 1251 1930 uos

1 1961 2 1964 ¹
75 1985 107 2045 et
139 1983 337 2046 sustentaret
367 1977 499 2063 eloquiis
528 1977 594 2044 suis
623 1983 656 2044 et
682 1977 897 2044 saluberrimis
925 1978 1121 2046 sermonibus
1149 1977 1253 2046 suble·

1 2099 2 2126 ¹
74 2101 175 2162 varet.
223 2093 290 2160 Diu
313 2093 535 2178 quaesivimus.
582 2093 625 2160 Et
648 2093 845 2178 confidimus,
868 2094 943 2179 quia
964 2094 1142 2160 invenimus
1164 2095 1198 2160 in
1220 2101 1253 2162 te

73 2211 164 2277 illum
191 2210 346 2294 amicum,
371 2219 489 2294 quem¹²
512 2209 707 2296 cupivimus·
731 2215 764 2278 et
786 2211 965 2298 optavimus
989 2216 1021 2276 et
1044 2211 1251 2296 speravimus.

1 2351 2 2378 ι
73 2326 115 2393 Et
138 2329 168 2394 si
191 2325 286 2393 nobis
308 2325 397 2392 Deus
419 2325 572 2410 dedisset,
595 2331 631 2392 ut
652 2347 711 2413 por
733 2327 879 2410 angelum
904 2345 995 2392 suum
1012 2361 1051 2372 -
1072 2327 1154 2394 sicut
1174 2327 1252 2394 Am·

74 2439 213 2511 baeuc⁰¹
228 2441 418 2529 prophetam
440 2461 512 2508 cum
534 2441 677 2528 prandiis
700 2443 734 2509 in
749 2442 853 2509 lacum
869 2442 993 2509 leonum
1010 2442 1051 2509 ad
1065 2443 1252 2510 Danielum⁹

1 2635 2 2654 ἢ
74 2567 180 2626 vatem
214 2554 322 2625 misit¹
355 2562 388 2626 et
420 2557 601 2645 Philippum
636 2578 734 2624 uuum
766 2558 805 2625 de
839 2564 960 2645 septem
995 2559 1178 2626 diaconibus
1212 2559 1253 2626 ad

75 2669 272 2741 eunuchum⁸
290 2709 331 2720 -
348 2674 382 2738 iu
404 2672 476 2740 illas
498 2681 601 2740 terras
624 2679 657 2740 et
679 2675 712 2740 in
735 2674 823 2740 illam
843 2675 1130 2760 peregrinationem
1144 2695 1253 2762 posse·

1 2775 2 2798 ³
74 2797 163 2856 mus'
186 2789 367 2876 pervenire,
391 2788 446 2854 ubi
468 2787 608 2871 habitas3
634 2795 665 2856 et
688 2791 715 2856 si
738 2789 879 2857 licuisset
901 2790 991 2857 nobis
1014 2791 1087 2856 viva
1101 2791 1198 2859 verba
1212 2811 1252 2858 ex

74 2925 127 2971 ore
149 2912 206 2972 tuo
231 2905 352 2988 audire,
375 2924 471 2989 quam
494 2904 599 2972 dulcia
620 2905 762 2972 lancibus
785 2907 864 2972 meis
888 2906 1012 2991 eloquia
1026 2913 1091 2992 tua,
1115 2907 1251 2992 domine,

74 3041 170 3110 super
193 3020 260 3088 mel
283 3026 316 3087 et
336 3021 445 3086 favum
468 3021 515 3086 ori
539 3018 673 3088 nostro⁴.

163 3137 230 3204 Sed
253 3136 328 3222 quia
343 3136 403 3203 hoc
418 3137 534 3202 uostris
550 3137 672 3203 meritis
687 3157 751 3203 nou
766 3137 950 3222 meruimus,
974 3138 1030 3203 sed
1043 3138 1138 3223 longo
1153 3139 1251 3207 inter-

72 3253 156 3320 vallo
185 3259 293 3319 terrae
314 3252 475 3337 marisque
498 3257 530 3318 et
551 3249 723 3320 multarum
746 3253 981 3339 provinciarum
1003 3254 1148 3320 terminis
1171 3255 1251 3321 divi·

73 3370 204 3453 dimur‘‚
228 3373 337 3434 tamen
361 3387 419 3455 pro
442 3369 500 3434 hac
515 3366 632 3434 fiducia
647 3389 744 3456 supra
758 3375 934 3436 memorata
947 3375 1057 3436 uotum
1073 3371 1133 3437 tibi
1147 3371 1251 3438 iacere

73 3486 237 3568 volumus,
267 3483 366 3549 irater
392 3482 603 3550 Bonifatius':
633 3485 708 3568 quia
735 3485 870 3551 multum
899 3487 1052 3572 temporis
1075 3484 1180 3570 fluxit,
1211 3507 1250 3553 ex

70 3622 134 3686 quo
156 3599 353 3666 desiderium
381 3597 564 3683 habuimus
594 3601 676 3665 sicut
702 3599 832 3686 plurimi
861 3621 901 3666 ex
924 3603 1111 3668 necessariis
1133 3604 1249 3670 uostris

2 3769 3 3800 p
70 3723 105 3782 et
125 3716 273 3801 cognatis
295 3715 361 3782 siue
383 3714 504 3798 alienis,
529 3715 705 3782 domiuom‘
720 3717 895 3800 quondamu
911 3717 997 3784 orbis
1012 3717 1145 3785 Romam
1162 3724 1249 3805 pete-

145 3891 167 3923 ι.
190 3873 287 3922 dedodit
308 3878 342 3922 M.
438 3875 460 3920 b.
481 3877 609 3934 pertcssunr
632 3877 708 3924 MCV.
805 3891 825 3924 c.
846 3877 949 3924 conciliis
968 3881 1000 3924 M.
1094 3877 1116 3924 d
1137 3895 1167 3924 au
1183 3877 1250 3937 quia?

3 3953 4 3980 ³
71 3972 93 4003 e.
117 3975 176 4002 ωπ.
193 3959 216 4002 r'n
234 3953 320 4001 diffidit
336 3957 362 4001 C.
439 3953 455 4000 i.
478 3972 535 4002 corr.
551 3959 573 4002 ia
590 3969 656 4002 omna
674 3959 699 4002 C.
778 3970 799 4014 g.
821 3958 909 4015 pectori
926 3961 959 4004 M.
1037 3956 1060 4004 h.
1082 3975 1138 4004 corr.
1155 3961 1178 4003 tn
1194 3971 1248 4017 pan·

70 4037 114 4082 dat
133 4039 160 4084 ι’.
256 4035 273 4080 i.
298 4033 479 4081 enumerabimus
499 4036 548 4083 CV.
642 4035 664 4081 lr.
688 4035 746 4094 ipsis
769 4037 796 4083 V.
890 4037 905 4082 l.
929 4055 986 4082 corr.
1003 4039 1025 4083 in
1047 4037 1202 4083 consolaretur
1223 4041 1249 4085 C.

3 4149 4 4178 p
71 4131 102 4161 ι.
124 4129 183 4175 quae
201 4116 252 4164 CV.
330 4127 353 4160 u.
373 4113 477 4174 cupimus
496 4115 552 4170 MV,
569 4133 625 4160 corr.
642 4117 664 4162 r'u
681 4115 808 4174 cupivimus
825 4121 851 4164 C.
929 4129 950 4162 o.
971 4115 1085 4162 Ambacuo
1102 4121 1136 4169 M,
1153 4134 1210 4161 corr.
1227 4120 1248 4163 v'a
1346 4127 1350 4138 ·

69 4195 191 4242 Abbseum
208 4199 241 4250 c‚·
257 4193 359 4240 Ambacu
377 4195 404 4240 V.
467 4207 490 4254 p.
511 4194 628 4241 Danielem
641 4197 666 4243 C.
730 4209 752 4255 q.
773 4207 895 4255 possumus
909 4197 963 4254 MV,
980 4213 1037 4242 corr.
1053 4199 1074 4242 ἰιι
1091 4209 1210 4254 possemus
1222 4199 1248 4244 C.

70 4289 90 4320 r.
113 4275 244 4321 diuidamus
263 4274 291 4321 V.
354 4287 374 4319 s.
394 4291 451 4320 corr.
467 4277 489 4320 bs
506 4273 608 4322 Boulinoi
625 4277 651 4324 C.
714 4278 731 4320 t.
753 4275 912 4334 dominumque
931 4277 986 4322 MV.
1048 4289 1070 4322 u.
1089 4275 1202 4335 quandam
1215 4279 1248 4322 M.

147 4381 171 4435 1.
194 4377 329 4434 Habecuc
341 4376 505 4452 (Ἀμβακοὺμ
524 4377 673 4434 secundum
692 4379 845 4434 versionem
865 4379 1040 4449 septuaginta
1052 4379 1248 4450 interpretum).

71 4469 99 4522 2.
118 4467 217 4524 Daniel
230 4467 274 4539 14,
287 4467 332 4523 33.
422 4467 448 4521 3.
467 4465 529 4523 Act.
543 4471 630 4538 apost.
643 4469 669 4538 8,
682 4469 725 4524 26.
739 4469 782 4524 27.
872 4469 898 4523 4.
918 4467 952 4524 V.
972 4469 1016 4523 Ps.
1030 4467 1090 4538 118,
1105 4471 1164 4524 103.
