3176 4846
386 293 546 348 nossem
567 297 755 348 romonem
776 297 857 348 vrrs
879 297 1052 348 usuoorm
1233 283 1296 349 561

130 443 182 504 bns
205 443 380 523 gementes:
410 439 461 506 He
481 454 573 528 poter
594 440 741 525 inquiunt
763 444 816 506 oroi
835 463 893 506 noa
915 441 1131 529 dereliquisti?
1164 439 1207 506 nt
1228 461 1299 507 rur·
1327 447 1395 504 1051

129 573 201 622 em:
224 557 293 622 Pro
313 568 405 644 pos-ts
418 555 567 640 inquiunt
579 570 688 623 aomo
702 559 825 638 reddat,
850 561 935 643 qaod
949 559 1037 625 debet
1051 557 1111 625 aba·
1122 558 1298 634 Dominam
1319 523 1366 570 Μ’
1375 523 1403 570 ¹1

131 672 219 758 peu,
244 693 335 758 quem
357 675 589 739 emtam
611 695 649 739 aa
670 673 771 755 nabab,
794 697 860 739 noo
883 687 928 740 est
948 696 1029 740 masa
1053 697 1091 740 aa
1113 675 1265 740 armabas.

219 785 391 872 Postquam
413 807 489 872 ergo
507 787 609 856 dolori
623 787 727 856 eordis
741 789 842 856 multo
857 788 1002 875 planetu·
1016 789 1206 872 satisfecere,
1228 793 1299 854 tau-

130 901 204 968 dem
227 903 348 986 omnia,
371 923 452 988 quae
475 903 514 971 de
536 909 645 972 sanato
667 923 798 991 eorpore
820 905 977 990 fsoersut,
1001 905 1222 972 deliberavero.
1257 903 1300 971 Et

130 1022 207 1086 tuna
228 1018 380 1104 depositis
402 1019 436 1086 iu
458 1019 599 1087 eiusdem
622 1020 682 1088 looi
705 1021 856 1088 aeoolesia
873 1021 1001 1108 pietatis
1016 1021 1198 1105 monibus,
1222 1039 1299 1106 quo·

130 1133 217 1202 uiam
232 1135 360 1220 quidam
375 1135 478 1203 medie
492 1136 553 1202 fuit
567 1137 677 1204 ostada
691 1137 897 1225 temporibus,
920 1143 1030 1224 utpote
1046 1139 1067 1205 3
1083 1137 1157 1204 Idus
1172 1131 1272 1203 lunii*
1281 1131 1298 1220 ¹,

129 1250 235 1337 ipsum
257 1271 372 1339 eorpus
393 1252 509 1320 feretro
531 1253 719 1340 imposuere,
741 1257 779 1318 ut
801 1254 841 1320 ad
856 1251 1049 1337 Mogontiam
1070 1253 1299 1339 deportaretur,

129 1365 324 1434 humandum
351 1368 515 1453 oougruis·
538 1368 718 1436 honoribus.
810 1366 872 1435 Sed
900 1369 1078 1457 interrupto
1106 1367 1157 1435 hia
1180 1369 1299 1452 ordine,

130 1487 298 1568 antequam
322 1483 361 1551 de
383 1484 442 1552 hoo
464 1483 532 1551 loeo
556 1485 763 1569 egrediamur,
789 1483 951 1570 benefieia,
975 1505 1054 1571 qnae
1076 1483 1123 1552 ibi
1146 1484 1299 1550 Dominus

129 1605 280 1685 operetur
300 1619 358 1687 per
381 1602 482 1667 saneti
504 1600 691 1668 aouieseoris
714 1602 764 1668 sui
786 1603 909 1686 merita,
932 1621 1169 1688 prosequemur.
1203 1599 1301 1668 Senta

128 1713 191 1781 luit
211 1712 318 1801 feria',
342 1735 411 1782 oum
435 1721 545 1784 sauata
567 1717 624 1784 illa
644 1719 750 1784 amma
764 1723 872 1784 sanato
888 1717 1089 1801 egrederetur
1104 1717 1143 1783 de
1158 1735 1299 1802 oorpore.

128 1829 238 1910 Quod‘
261 1849 333 1898 enm
356 1831 465 1900 eodem
489 1832 541 1900 die
561 1831 661 1900 lotum
685 1840 793 1920 esset,
825 1853 954 1918 aquam,
984 1833 1018 1899 iu
1047 1852 1110 1918 qua
1131 1831 1301 1898 abluebant

129 1966 212 2030 enm,
235 1948 384 2015 fuderunt
398 1948 438 2014 ad
453 1949 575 2016 radieea
591 1950 712 2016 arboris
729 1950 825 2034 aride,
851 1970 930 2035 qnae
945 1949 990 2018 ibi
1005 1948 1110 2015 stabat
1124 1948 1157 2013 iu
1173 1966 1297 2032 equore.

127 2062 194 2150 lpsi
218 2063 354 2149 quidem,
379 2083 471 2150 quem
494 2063 656 2150 lavissent,
681 2085 742 2132 uon
758 2065 973 2149 attendebant,
996 2065 1051 2132 sed
1067 2064 1225 2130 homiuem
1242 2061 1299 2127 ali-

127 2179 217 2245 euius
240 2186 364 2246 tanturn
387 2180 536 2248 bonitatis
559 2182 792 2268 presumebant.
828 2181 889 2248 Sed
913 2186 1031 2268 quauta
1052 2179 1149 2246 fuerit
1171 2178 1299 2244 estima-

126 2295 224 2362 tionis
240 2296 324 2382 apud
336 2295 449 2381 Deum,
464 2297 664 2364 innotescunt
677 2295 845 2381 mirabilia,
864 2317 943 2382 quae
958 2301 1088 2384 propter
1103 2296 1170 2362 eine
1186 2295 1300 2360 merita

128 2418 278 2498 operetur
300 2411 417 2480 ibidem
440 2413 549 2479 diuina
569 2413 791 2482 benivolentia
826 2411 918 2498 Nam,
943 2413 1053 2481 eadem
1075 2411 1156 2478 feria
1175 2411 1300 2478 eodem-

127 2547 190 2612 que
218 2535 377 2595 momento
394 2549 467 2614 ,quo
491 2549 573 2615 aqua
594 2530 666 2597 fusa
688 2535 737 2597 eet
759 2529 800 2596 ad
821 2530 943 2596 radiees
967 2529 1088 2596 arboris
1111 2528 1299 2609 aridissime,

127 2644 214 2711 omui
245 2645 353 2712 eadem
381 2644 462 2712 feria
490 2651 581 2713 serta
608 2647 781 2732 eodemque
801 2651 961 2712 momento
984 2665 1023 2712 ex
1047 2643 1135 2710 arido
1158 2643 1243 2726 ligno
1265 2642 1298 2707 iu

126 2760 263 2828 eduum
285 2761 466 2845 multorum,
490 2761 558 2828 Deo
573 2763 703 2846 gratiae
725 2761 827 2829 fluunt
842 2781 942 2847 aquae
957 2760 1168 2848 plenissimae.
1237 2756 1299 2823 Sed

127 2875 168 2942 ad
191 2875 334 2945 ordinem
356 2881 562 2944 reuertamur.

215 2991 317 3077 Igitur
343 2993 547 3078 exequiarum
578 2993 728 3079 obsequia
754 2993 839 3060 eirea
867 2992 928 3059 viri
956 2990 1030 3058 Dei¹
1056 3009 1169 3076 eorpus
1199 2987 1299 3054 ambi-

124 3108 206 3176 tiose
235 3107 444 3193 celebrantes,
474 3108 613 3176 levatum
641 3111 768 3176 tandem
798 3131 869 3176 oum
898 3108 1014 3174 feretro
1038 3112 1070 3173 et
1093 3105 1180 3191 equis
1204 3123 1299 3191 super

125 3271 225 3292 .....
234 3234 246 3270 ⁸
268 3245 452 3312 perrexere,
482 3243 588 3292 seeum
617 3225 707 3292 illum
730 3224 941 3312 deportantes.
978 3221 1038 3288 Ubi
1060 3241 1131 3288 enm
1155 3223 1298 3289 devenio-
1337 3240 1340 3246 ’

124 3346 198 3408 seut
220 3346 252 3409 et
273 3341 405 3408 miseras
433 3343 707 3426 oougregatiouea,
738 3341 827 3408 vultu
856 3338 1016 3426 squalidas
1041 3344 1073 3405 at
1094 3344 1184 3422 gestu
1207 3337 1298 3421 lugu-

123 3455 208 3542 bres,
233 3457 358 3524 obviam
381 3459 585 3544 invenissent,
609 3459 710 3526 oritur
723 3457 901 3543 utrimqueh
917 3455 1036 3523 elamor
1050 3454 1142 3522 fletus
1159 3453 1299 3521 etmulti

122 3571 280 3656 ululatus3
303 3575 349 3642 ita
370 3578 407 3640 ut
427 3572 636 3661 psalmodiam
660 3579 692 3642 et
714 3580 828 3657 eetera,
853 3593 932 3658 qnae
947 3571 1149 3655 aauebautur,
1174 3570 1226 3636 riu
1243 3589 1298 3636 eu-

197 3792 219 3827 t.
240 3779 345 3840 plentius
361 3797 381 3826 e.
459 3779 482 3826 b.
502 3779 554 3828 Inlii
570 3798 590 3826 c.
668 3793 688 3826 t.
708 3777 846 3826 humandum
862 3778 968 3836 congruit
984 3779 1068 3838 scripsi
1080 3795 1122 3838 pro
1139 3775 1260 3822 hamdis
1277 3793 1297 3820 c.

123 3855 148 3906 d.
170 3856 236 3914 Quod
253 3861 346 3906 addidit
362 3859 502 3917 Popedroch.
573 3873 593 3905 e.
615 3859 677 3904 assat
693 3857 787 3904 addidit
803 3857 943 3918 Papedrocb.
1011 3857 1027 3904 f.
1048 3855 1116 3903 viridi
1132 3873 1152 3901 c.
1220 3868 1240 3913 ς.
1262 3857 1297 3900 la·
1410 3914 1414 3922 1

123 3955 184 3985 ιιι
200 3955 244 3985 m
260 3949 294 3986 eet
309 3939 332 3984 in
348 3939 401 3985 eod.
478 3937 501 3986 h.
522 3941 642 3998 utrumqne
658 3955 678 3984 e.

195 4045 220 4098 1.
254 4043 436 4098 Herlruanuns
466 4041 615 4113 Angiensis
647 4057 710 4096 enm
742 4041 903 4110 uaorologlis
933 4039 1091 4109 Luueburg.
1119 4037 1295 4094 Hildeeheirn.

122 4131 257 4192 Werthiu.
275 4133 366 4188 Prum.
381 4131 514 4188 Seoueusi
531 4131 633 4186 dieue
651 4131 717 4186 idne
734 4131 805 4186 lunii
822 4135 929 4202 bueturp
948 4129 1086 4184 llariauus
1104 4127 1215 4184 Soottus
1233 4143 1296 4182 oum

122 4221 223 4277 neorol.
242 4219 364 4290 Moguut.
384 4221 505 4276 Lauriss.
524 4219 624 4275 Salisb.
642 4223 671 4273 et
689 4217 717 4274 S.
731 4219 870 4274 Maximini
888 4218 960 4272 diem
978 4219 997 4272 4
1014 4217 1080 4273 ldua
1099 4217 1183 4288 lunii;
1202 4232 1296 4272 neero-

120 4311 177 4380 log.
197 4309 430 4366 biolleubeaoense
448 4307 695 4364 diomdld.1nuii.
718 4305 988 4364 WATTENBAOH.
1060 4307 1086 4361 2.
1105 4305 1164 4360 dies
1179 4306 1211 4361 11
1225 4305 1296 4361 quii

121 4415 148 4454 a
163 4397 231 4455 1051
251 4413 304 4454 nou
323 4399 351 4454 iu
369 4403 476 4455 sextam
494 4396 590 4454 leriam
608 4397 704 4452 inuidit
721 4397 771 4452 sed
788 4398 817 4452 iu
835 4395 930 4452 seriam
948 4396 1066 4452 tertiam

167 4495 247 4548 Jsrru'.
262 4499 406 4544 Bibliotheea
420 4499 459 4544 lll.
1047 4493 1083 4548 36
