3164 4842
523 309 641 360 sssero
664 308 691 360 s.
708 307 882 360 ιιοιιιιιιιι
1041 269 1046 282 ’
1218 289 1282 358 471

120 451 242 536 tirnque
270 451 310 518 ad
339 472 392 519 eos
420 471 588 520 conversus
611 452 775 539 episeopus
797 453 922 537 inquid:
950 453 1108 521 Immabt
1146 453 1192 520 Aa
1219 451 1283 520 illi:

121 568 302 634 Iorooa'mus
329 568 485 652 inquiunt.
519 567 562 634 Et
589 569 635 635 eit
660 569 701 635 ad
723 569 888 634 maiorem:
912 568 1009 636 Ursae
1031 582 1059 636 ta
1080 573 1116 635 ia
1137 573 1284 657 pronam

120 686 256 762 occidam
279 684 320 750 ed
341 683 495 750 iuniorem
517 703 592 750 vero
615 684 673 751 ait:
698 685 881 771 Naanqaam
903 707 940 750 aa
959 700 1011 752 troo
1031 689 1146 752 ιιιιιίιιι
1166 685 1284 751 aaut

111 799 220 883 filiam
242 813 298 866 aad
310 801 426 884 filiam
461 797 550 878 Quod
572 805 739 886 unumque
762 805 891 866 eventus
914 801 961 866 rei
982 801 1138 888 probauit
1174 799 1218 868 Et
1239 799 1285 866 sic

120 915 254 982 ecclesia
275 915 359 982 beati
381 914 520 1002 Martyni
542 916 691 982 traditam
715 914 775 983 sibi
798 915 1004 983 hereditatem
1027 917 1172 1004 optinuit

119 1119 299 1200 Qualiter
320 1118 474 1187 Lullum
500 1119 676 1187 omnibus
703 1120 967 1188 orientalibus
990 1120 1283 1188 commendavit

210 1260 266 1328 Vir
290 1267 394 1330 eutem
417 1263 492 1346 Dei,
524 1261 631 1328 divina
652 1262 827 1348 inspirante
849 1263 965 1346 gratia
995 1262 1109 1347 ubique
1131 1262 1286 1347 gestiebat

118 1377 209 1444 verbi
223 1377 284 1444 Dei
306 1378 428 1446 semina
449 1378 630 1464 pullulasse.
665 1375 780 1445 Gentes
804 1377 905 1444 adhuc
927 1379 1097 1446 indomitas
1116 1379 1286 1446 destinavit

120 1493 207 1560 adira
230 1493 419 1576 Fresonum;
448 1499 494 1577 ut,
517 1495 581 1560 ritu
604 1495 825 1582 supersticiose
848 1494 1007 1578 derelicto,
1031 1495 1155 1562 cultura
1176 1493 1285 1580 ydolo·

118 1629 189 1676 rum
212 1609 366 1697 deposita7
388 1630 498 1676 verum
521 1610 659 1676 oninium
683 1615 855 1677 creatorem
877 1609 981 1676 Deum
1003 1609 1150 1676 colerent.
1185 1609 1286 1695 Syno-

119 1724 185 1792 dali
213 1726 399 1794 auctoritate
426 1730 457 1792 et
479 1745 631 1792 consensu
653 1725 805 1812 principis
828 1725 955 1813 Pippini
977 1723 1104 1792 Lullum
1126 1725 1285 1810 Mogontia

119 1839 292 1926 ordinavit,
321 1861 426 1909 seeum
454 1841 601 1927 primitus
629 1842 670 1908 ad
693 1841 903 1925 Thuringeam
930 1841 1061 1908 deduxit
1087 1846 1119 1908 et
1140 1842 1284 1908 omnibus

118 1957 152 2024 in
174 1957 231 2025 illa
251 1957 379 2042 regione
401 1956 559 2024 nobilibus
580 1958 669 2024 illum
692 1957 931 2041 commendavit,
955 1958 1055 2025 ande·
1076 1955 1150 2024 fidei
1171 1957 1283 2024 kstbo·

117 2072 178 2140 lice
202 2073 423 2161 astipulatores
446 2075 475 2139 ei
499 2073 690 2141 assisterent
725 2071 902 2139 Novissime
925 2078 1031 2140 autem
1053 2078 1201 2160 precepto
1224 2072 1286 2138 Ro·

118 2191 206 2256 mani
233 2187 389 2276 pontilicis
413 2195 445 2256 et
467 2190 596 2257 consilio
619 2189 790 2256 venerandi
812 2188 964 2275 principis
987 2187 1116 2276 Pippini
1138 2194 1170 2256 et
1192 2209 1285 2276 syno-

119 2305 199 2372 dalis
228 2306 424 2373 auctoritatis
451 2304 579 2373 licentia
607 2311 638 2372 et
667 2305 806 2371 omnium
835 2305 1052 2391 episcoporum
1082 2311 1115 2372 et
1136 2305 1284 2372 abbatum

118 2441 177 2488 nea
198 2441 261 2489 non
284 2422 504 2488 canonicorum
528 2428 561 2488 et
580 2421 804 2487 monachorum
826 2421 1027 2506 omniumque
1042 2420 1282 2488 christianornm

118 2537 160 2604 ad
187 2557 277 2604 suern
305 2537 454 2604 diocesim
477 2537 717 2624 pertinentium,
745 2537 903 2625 profectus
927 2541 983 2604 est
1019 2535 1082 2604 Sed
1104 2543 1136 2604 et
1157 2535 1284 2604 Lullum

118 2658 193 2720 ante
206 2654 382 2720 iuramento
398 2653 596 2738 consbinxit,
614 2654 736 2720 dicens:
760 2655 820 2720 Ειι
834 2656 959 2741 quadan
975 2657 1091 2735 animo,
1109 2656 1282 2741 proficisci,

118 2791 313 2856 quonamque
334 2793 383 2836 nse
404 2772 515 2836 dicim
534 2774 642 2856 pratia
664 2773 801 2857 diripera
821 2771 964 2836 solome.
1002 2769 1099 2836 Noae
1121 2783 1224 2836 oetam
1241 2772 1285 2836 da

110 2887 220 2970 fidene,
243 2900 288 2967 ut,
312 2887 498 2973 abicumae
520 2887 659 2967 obierim,
683 2909 785 2952 meam
807 2907 920 2973 eorpus
943 2888 987 2951 ad
1009 2887 1163 2952 desum
1181 2899 1283 2952 ιναιιι-

107 3001 214 3086 saraa
248 2999 292 3067 Et
317 3001 371 3068 ille
400 3000 526 3088 quidem
554 3001 738 3087 spopondit,
769 3021 802 3068 se
825 3001 946 3085 omnia,
973 3005 1068 3087 prout
1089 2999 1282 3088 possibilitas

116 3116 246 3200 sineret,
268 3117 434 3185 custodire.

173 3319 227 3388 De
255 3320 545 3408 disceptatione
572 3321 652 3388 viri
679 3320 750 3389 Dei
779 3342 861 3388 curn
890 3321 1088 3409 Stephano
1117 3341 1228 3408 papa.

205 3463 326 3531 Eodem
340 3469 482 3550 tempore
497 3463 638 3548 contigit,
653 3462 810 3530 Romame
827 3463 976 3532 domnum
992 3462 1199 3551 apostolicum
1212 3463 1282 3532 Ste-

115 3575 272 3668 ιιιιιιιιιιιι1
288 3585 320 3646 et
342 3579 510 3648 servitores
532 3579 632 3646 sancti
648 3577 733 3648 Petri
755 3579 936 3665 insolenter,
959 3585 995 3646 at
1014 3599 1208 3648 messorum
1222 3583 1280 3666 est

114 3695 276 3764 infestare.
309 3695 353 3763 Et
378 3695 437 3762 ob'
460 3695 519 3761 hoc
540 3700 667 3782 arrepto
688 3696 816 3780 itinere,
845 3696 952 3762 insciis
975 3695 1054 3780 illis,
1083 3701 1208 3783 sumpto
1231 3717 1280 3764 se-

115 3833 188 3880 cum
210 3809 668 3897 gladi0‚venit1nrrantiam
691 3812 731 3878 ad
752 3812 965 3899 supradictum
981 3813 1156 3899 prinoipem
1171 3811 1280 3900 Pippi·
1299 3827 1351 3882 754

115 3949 208 4013 num,
237 3929 412 4015 patrocinia
435 3947 581 4014 poscens3
613 3949 649 3994 eo
672 3928 780 4014 modo,
803 3934 839 3994 ut
861 3948 932 3995 cum
954 3928 1075 3996 duobus
1098 3900 1347 4016 presbiteris¹⁸¹⁸

115 4045 310 4130 totidemque
332 4043 514 4111 diaconibus
536 4045 622 4111 intra
643 4044 789 4112 conclave
811 4045 904 4111 nnius
927 4051 996 4110 orat
997 4045 1055 4112 orii
1078 4045 1112 4112 in
1134 4044 1231 4112 cilitio
1249 4050 1281 4112 et

116 4163 222 4230 cinere
254 4181 319 4228 una
349 4180 421 4228 oum
449 4159 615 4227 antedictis
643 4161 827 4246 presbiteris
856 4165 888 4228 et
917 4159 1108 4248 dyaoouibns
1135 4161 1168 4227 in
1196 4165 1282 4227 terra

115 4279 243 4348 iaceret.
277 4275 321 4344 Et
341 4296 398 4363 per
420 4276 565 4344 nuntium
587 4296 694 4360 regern
716 4277 755 4345 ad
778 4297 813 4344 se
835 4277 990 4346 multavit
1024 4276 1072 4344 Eo
1091 4297 1213 4362 qnoque
1228 4297 1281 4343 ve·

188 4407 287 4464 LIII.
485 4431 593 4466 anne.
669 4416 778 4466 babe-
