<?xml version="1.0" encoding="UTF-8"?>
<!DOCTYPE html PUBLIC "-//W3C//DTD XHTML 1.0 Transitional//EN"
    "http://www.w3.org/TR/xhtml1/DTD/xhtml1-transitional.dtd">
<html xmlns="http://www.w3.org/1999/xhtml" xml:lang="en" lang="en">
 <head>
  <title>
</title>
<meta http-equiv="Content-Type" content="text/html;charset=utf-8" />
  <meta name='ocr-system' content='tesseract 3.04.00' />
  <meta name='ocr-capabilities' content='ocr_page ocr_carea ocr_par ocr_line ocrx_word'/>
</head>
<body>
  <div class='ocr_page' id='page_1' title='image "./bibliothecareru03jaffgoog_0306.png"; bbox 0 0 3110 4844; ppageno 0'>
   <div class='ocr_carea' id='block_1_1' title="bbox 336 271 1266 338">
    <p class='ocr_par' dir='ltr' id='par_1_1' title="bbox 336 271 1266 338">
     <span class='ocr_line' id='line_1_1' title="bbox 336 271 1266 338; baseline -0.005 0"><span class='ocrx_word' id='word_1_1' title='bbox 336 271 402 338; x_wconf 72' lang='grc'>286</span> <span class='ocrx_word' id='word_1_2' title='bbox 578 289 605 337; x_wconf 90' lang='lat' dir='ltr'>s.</span> <span class='ocrx_word' id='word_1_3' title='bbox 621 288 798 337; x_wconf 67' lang='lat' dir='ltr'>sormam</span> <span class='ocrx_word' id='word_1_4' title='bbox 819 287 864 335; x_wconf 78' lang='lat' dir='ltr'>nr</span> <span class='ocrx_word' id='word_1_5' title='bbox 886 287 989 335; x_wconf 82' lang='lat' dir='ltr'>num</span> <span class='ocrx_word' id='word_1_6' title='bbox 1010 285 1198 335; x_wconf 70' lang='lat' dir='ltr'>sereretur</span> <span class='ocrx_word' id='word_1_7' title='bbox 1220 287 1266 333; x_wconf 80' lang='lat' dir='ltr'>rso</span> 
     </span>
    </p>
   </div>
   <div class='ocr_carea' id='block_1_2' title="bbox 176 424 1521 4220">
    <p class='ocr_par' dir='ltr' id='par_1_2' title="bbox 176 424 1487 1559">
     <span class='ocr_line' id='line_1_2' title="bbox 176 424 1471 517; baseline -0.002 -23"><span class='ocrx_word' id='word_1_8' title='bbox 176 439 318 494; x_wconf 75' lang='lat' dir='ltr'>vso—778</span> <span class='ocrx_word' id='word_1_9' title='bbox 335 451 394 517; x_wconf 92' lang='lat' dir='ltr'>per</span> <span class='ocrx_word' id='word_1_10' title='bbox 421 430 544 497; x_wconf 78' lang='lat' dir='ltr'>litteras</span> <span class='ocrx_word' id='word_1_11' title='bbox 571 430 770 496; x_wconf 86' lang='lat' dir='ltr'>adinvicem</span> <span class='ocrx_word' id='word_1_12' title='bbox 793 429 992 496; x_wconf 75' lang='lat' dir='ltr'><strong>salutationis</strong></span> <span class='ocrx_word' id='word_1_13' title='bbox 1016 428 1152 513; x_wconf 78' lang='lat' dir='ltr'>dirigere</span> <span class='ocrx_word' id='word_1_14' title='bbox 1173 429 1271 495; x_wconf 89' lang='lat' dir='ltr'>verba</span> <span class='ocrx_word' id='word_1_15' title='bbox 1294 432 1326 494; x_wconf 91' lang='lat' dir='ltr'>et</span> <span class='ocrx_word' id='word_1_16' title='bbox 1347 428 1382 492; x_wconf 92' lang='lat' dir='ltr'>de</span> <span class='ocrx_word' id='word_1_17' title='bbox 1400 424 1471 492; x_wconf 78' lang='lat' dir='ltr'>reu</span> 
     </span>
     <span class='ocr_line' id='line_1_3' title="bbox 337 540 1475 631; baseline -0.006 -19"><span class='ocrx_word' id='word_1_18' title='bbox 337 546 440 630; x_wconf 79' lang='lat' dir='ltr'>dignis</span> <span class='ocrx_word' id='word_1_19' title='bbox 464 550 558 631; x_wconf 89' lang='lat' dir='ltr'>atque</span> <span class='ocrx_word' id='word_1_20' title='bbox 580 545 710 613; x_wconf 90' lang='lat' dir='ltr'>utilibus</span> <span class='ocrx_word' id='word_1_21' title='bbox 733 551 884 627; x_wconf 70' lang='lat' dir='ltr'>tractme3</span> <span class='ocrx_word' id='word_1_22' title='bbox 914 565 955 612; x_wconf 90' lang='lat' dir='ltr'>nc</span> <span class='ocrx_word' id='word_1_23' title='bbox 983 564 1075 611; x_wconf 89' lang='lat' dir='ltr'>mens</span> <span class='ocrx_word' id='word_1_24' title='bbox 1104 544 1224 611; x_wconf 90' lang='lat' dir='ltr'>scilicet</span> <span class='ocrx_word' id='word_1_25' title='bbox 1250 543 1393 625; x_wconf 84' lang='lat' dir='ltr'>sollicita,</span> <span class='ocrx_word' id='word_1_26' title='bbox 1417 540 1475 625; x_wconf 88' lang='lat' dir='ltr'>quid</span> 
     </span>
     <span class='ocr_line' id='line_1_4' title="bbox 335 655 1477 748; baseline -0.005 -20"><span class='ocrx_word' id='word_1_27' title='bbox 335 661 375 728; x_wconf 91' lang='lat' dir='ltr'>de</span> <span class='ocrx_word' id='word_1_28' title='bbox 398 668 481 728; x_wconf 86' lang='lat' dir='ltr'>statu</span> <span class='ocrx_word' id='word_1_29' title='bbox 505 662 598 728; x_wconf 89' lang='lat' dir='ltr'>amici</span> <span class='ocrx_word' id='word_1_30' title='bbox 620 662 727 728; x_wconf 91' lang='lat' dir='ltr'>divina</span> <span class='ocrx_word' id='word_1_31' title='bbox 749 661 983 748; x_wconf 87' lang='lat' dir='ltr'>dispensatione</span> <span class='ocrx_word' id='word_1_32' title='bbox 1005 664 1038 726; x_wconf 88' lang='lat' dir='ltr'>et</span> <span class='ocrx_word' id='word_1_33' title='bbox 1059 660 1175 727; x_wconf 85' lang='lat' dir='ltr'>iudicio</span> <span class='ocrx_word' id='word_1_34' title='bbox 1191 665 1312 743; x_wconf 80' lang='lat' dir='ltr'>agatur,</span> <span class='ocrx_word' id='word_1_35' title='bbox 1336 657 1382 727; x_wconf 89' lang='lat' dir='ltr'>vel</span> <span class='ocrx_word' id='word_1_36' title='bbox 1394 655 1477 723; x_wconf 83' lang='lat' dir='ltr'>taedio</span> 
     </span>
     <span class='ocr_line' id='line_1_5' title="bbox 336 774 1477 857; baseline -0.006 -13"><span class='ocrx_word' id='word_1_37' title='bbox 336 777 455 844; x_wconf 77' lang='lat' dir='ltr'>diutim</span> <span class='ocrx_word' id='word_1_38' title='bbox 484 777 648 846; x_wconf 87' lang='lat' dir='ltr'>adficiatur</span> <span class='ocrx_word' id='word_1_39' title='bbox 675 777 726 844; x_wconf 92' lang='lat' dir='ltr'>vel</span> <span class='ocrx_word' id='word_1_40' title='bbox 756 778 852 844; x_wconf 86' lang='lat' dir='ltr'>anxia</span> <span class='ocrx_word' id='word_1_41' title='bbox 878 797 986 844; x_wconf 84' lang='lat' dir='ltr'>rerum</span> <span class='ocrx_word' id='word_1_42' title='bbox 1007 777 1231 843; x_wconf 76' lang='lat' dir='ltr'>incertitudine</span> <span class='ocrx_word' id='word_1_43' title='bbox 1252 774 1365 842; x_wconf 77' lang='lat' dir='ltr'>cotidie</span> <span class='ocrx_word' id='word_1_44' title='bbox 1385 775 1477 857; x_wconf 81' lang='lat' dir='ltr'>gemat</span> 
     </span>
     <span class='ocr_line' id='line_1_6' title="bbox 335 887 1480 980; baseline -0.006 -20"><span class='ocrx_word' id='word_1_45' title='bbox 335 893 503 972; x_wconf 84' lang='lat' dir='ltr'>Quocirca·</span> <span class='ocrx_word' id='word_1_46' title='bbox 525 895 559 959; x_wconf 91' lang='lat' dir='ltr'>in</span> <span class='ocrx_word' id='word_1_47' title='bbox 582 894 695 980; x_wconf 90' lang='lat' dir='ltr'>primis</span> <span class='ocrx_word' id='word_1_48' title='bbox 718 893 899 977; x_wconf 79' lang='lat' dir='ltr'>diligentius</span> <span class='ocrx_word' id='word_1_49' title='bbox 923 892 1096 960; x_wconf 82' lang='lat' dir='ltr'>salutantes</span> <span class='ocrx_word' id='word_1_50' title='bbox 1119 911 1177 979; x_wconf 88' lang='lat' dir='ltr'>per</span> <span class='ocrx_word' id='word_1_51' title='bbox 1198 892 1282 958; x_wconf 90' lang='lat' dir='ltr'>hunc</span> <span class='ocrx_word' id='word_1_52' title='bbox 1300 889 1433 975; x_wconf 82' lang='lat' dir='ltr'>gerulam</span> <span class='ocrx_word' id='word_1_53' title='bbox 1444 887 1480 952; x_wconf 88' lang='lat' dir='ltr'>vi·</span> 
     </span>
     <span class='ocr_line' id='line_1_7' title="bbox 335 1007 1481 1095; baseline -0.005 -21"><span class='ocrx_word' id='word_1_54' title='bbox 335 1009 435 1075; x_wconf 83' lang='lat' dir='ltr'>citans</span> <span class='ocrx_word' id='word_1_55' title='bbox 458 1010 662 1076; x_wconf 76' lang='lat' dir='ltr'>eminentiam</span> <span class='ocrx_word' id='word_1_56' title='bbox 685 1016 824 1076; x_wconf 87' lang='lat' dir='ltr'>vestram</span> <span class='ocrx_word' id='word_1_57' title='bbox 840 1045 882 1056; x_wconf 90' lang='lat'>-</span> <span class='ocrx_word' id='word_1_58' title='bbox 902 1008 1095 1075; x_wconf 86' lang='lat' dir='ltr'>desiderium</span> <span class='ocrx_word' id='word_1_59' title='bbox 1117 1009 1236 1095; x_wconf 87' lang='lat' dir='ltr'>quippe</span> <span class='ocrx_word' id='word_1_60' title='bbox 1257 1007 1418 1075; x_wconf 84' lang='lat' dir='ltr'>habentes:</span> <span class='ocrx_word' id='word_1_61' title='bbox 1438 1023 1481 1069; x_wconf 90' lang='lat' dir='ltr'>au·</span> 
     </span>
     <span class='ocr_line' id='line_1_8' title="bbox 335 1119 1483 1211; baseline -0.002 -23"><span class='ocrx_word' id='word_1_62' title='bbox 335 1123 404 1190; x_wconf 90' lang='lat' dir='ltr'>dire</span> <span class='ocrx_word' id='word_1_63' title='bbox 426 1129 458 1191; x_wconf 89' lang='lat' dir='ltr'>et</span> <span class='ocrx_word' id='word_1_64' title='bbox 479 1143 572 1192; x_wconf 90' lang='lat' dir='ltr'>nosse</span> <span class='ocrx_word' id='word_1_65' title='bbox 595 1125 728 1192; x_wconf 89' lang='lat' dir='ltr'>eandem</span> <span class='ocrx_word' id='word_1_66' title='bbox 750 1125 1016 1208; x_wconf 79' lang='lat' dir='ltr'>gloriosissimum</span> <span class='ocrx_word' id='word_1_67' title='bbox 1039 1143 1288 1211; x_wconf 88' lang='lat' dir='ltr'>prosperumque</span> <span class='ocrx_word' id='word_1_68' title='bbox 1314 1143 1372 1209; x_wconf 90' lang='lat' dir='ltr'>per</span> <span class='ocrx_word' id='word_1_69' title='bbox 1396 1119 1483 1188; x_wconf 86' lang='lat' dir='ltr'>omnia</span> 
     </span>
     <span class='ocr_line' id='line_1_9' title="bbox 335 1235 1484 1327; baseline -0.003 -22"><span class='ocrx_word' id='word_1_70' title='bbox 335 1239 512 1326; x_wconf 87' lang='lat' dir='ltr'>proiectum</span> <span class='ocrx_word' id='word_1_71' title='bbox 534 1241 661 1324; x_wconf 87' lang='lat' dir='ltr'>habere,</span> <span class='ocrx_word' id='word_1_72' title='bbox 684 1241 744 1306; x_wconf 92' lang='lat' dir='ltr'>hoc</span> <span class='ocrx_word' id='word_1_73' title='bbox 765 1240 868 1307; x_wconf 90' lang='lat' dir='ltr'>modis</span> <span class='ocrx_word' id='word_1_74' title='bbox 891 1240 1038 1307; x_wconf 89' lang='lat' dir='ltr'>omnibus</span> <span class='ocrx_word' id='word_1_75' title='bbox 1060 1245 1207 1327; x_wconf 89' lang='lat' dir='ltr'>optantes</span> <span class='ocrx_word' id='word_1_76' title='bbox 1223 1277 1265 1286; x_wconf 93' lang='lat'><em>-</em></span> <span class='ocrx_word' id='word_1_77' title='bbox 1281 1242 1318 1304; x_wconf 90' lang='lat' dir='ltr'>ut</span> <span class='ocrx_word' id='word_1_78' title='bbox 1339 1235 1484 1322; x_wconf 77' lang='lat' dir='ltr'>nosipsos</span> 
     </span>
     <span class='ocr_line' id='line_1_10' title="bbox 335 1352 1485 1440; baseline -0.006 -18"><span class='ocrx_word' id='word_1_79' title='bbox 335 1361 521 1440; x_wconf 87' lang='lat' dir='ltr'>nostrosque</span> <span class='ocrx_word' id='word_1_80' title='bbox 536 1357 718 1423; x_wconf 90' lang='lat' dir='ltr'>carissimos</span> <span class='ocrx_word' id='word_1_81' title='bbox 732 1361 858 1424; x_wconf 87' lang='lat' dir='ltr'>vestrae</span> <span class='ocrx_word' id='word_1_82' title='bbox 872 1355 1079 1424; x_wconf 77' lang='lat' dir='ltr'>beatitudinil</span> <span class='ocrx_word' id='word_1_83' title='bbox 1093 1355 1235 1422; x_wconf 85' lang='lat' dir='ltr'>subnixis</span> <span class='ocrx_word' id='word_1_84' title='bbox 1251 1352 1485 1422; x_wconf 74' lang='lat' dir='ltr'>commendemus</span> 
     </span>
     <span class='ocr_line' id='line_1_11' title="bbox 334 1465 1487 1559; baseline -0.005 -21"><span class='ocrx_word' id='word_1_85' title='bbox 334 1471 496 1557; x_wconf 86' lang='lat' dir='ltr'>precibus3</span> <span class='ocrx_word' id='word_1_86' title='bbox 521 1477 566 1557; x_wconf 75' lang='lat' dir='ltr'>ut</span> <span class='ocrx_word' id='word_1_87' title='bbox 590 1473 624 1538; x_wconf 93' lang='lat' dir='ltr'>in</span> <span class='ocrx_word' id='word_1_88' title='bbox 647 1473 777 1538; x_wconf 81' lang='lat' dir='ltr'>vestris⁰</span> <span class='ocrx_word' id='word_1_89' title='bbox 793 1474 892 1540; x_wconf 76' lang='lat' dir='ltr'>saone</span> <span class='ocrx_word' id='word_1_90' title='bbox 908 1493 945 1539; x_wconf 89' lang='lat' dir='ltr'>ao</span> <span class='ocrx_word' id='word_1_91' title='bbox 960 1472 1027 1539; x_wconf 88' lang='lat' dir='ltr'>Deo</span> <span class='ocrx_word' id='word_1_92' title='bbox 1043 1471 1169 1559; x_wconf 82' lang='lat' dir='ltr'>placitis</span> <span class='ocrx_word' id='word_1_93' title='bbox 1185 1470 1380 1538; x_wconf 88' lang='lat' dir='ltr'>orationibus</span> <span class='ocrx_word' id='word_1_94' title='bbox 1394 1473 1424 1536; x_wconf 92' lang='lat' dir='ltr'>et</span> <span class='ocrx_word' id='word_1_95' title='bbox 1435 1465 1487 1532; x_wconf 87' lang='lat' dir='ltr'>sut·</span> 
     </span>
    </p>

    <p class='ocr_par' dir='ltr' id='par_1_3' title="bbox 299 1579 1491 2137">
     <span class='ocr_line' id='line_1_12' title="bbox 299 1579 1487 1676; baseline -0.005 -24"><span class='ocrx_word' id='word_1_96' title='bbox 299 1604 301 1610; x_wconf 75' lang='grc'>’</span> <span class='ocrx_word' id='word_1_97' title='bbox 334 1586 435 1670; x_wconf 73' lang='lat' dir='ltr'>fragio</span> <span class='ocrx_word' id='word_1_98' title='bbox 459 1592 584 1654; x_wconf 87' lang='lat' dir='ltr'>vestrae</span> <span class='ocrx_word' id='word_1_99' title='bbox 605 1593 758 1674; x_wconf 78' lang='lat' dir='ltr'>paternae</span> <span class='ocrx_word' id='word_1_100' title='bbox 780 1589 910 1676; x_wconf 83' lang='lat' dir='ltr'>pietatis</span> <span class='ocrx_word' id='word_1_101' title='bbox 932 1587 1072 1673; x_wconf 88' lang='lat' dir='ltr'>undique</span> <span class='ocrx_word' id='word_1_102' title='bbox 1100 1585 1272 1654; x_wconf 88' lang='lat' dir='ltr'>auxiliante</span> <span class='ocrx_word' id='word_1_103' title='bbox 1295 1585 1364 1652; x_wconf 93' lang='lat' dir='ltr'>Deo</span> <span class='ocrx_word' id='word_1_104' title='bbox 1390 1579 1487 1649; x_wconf 89' lang='lat' dir='ltr'>muniti</span> 
     </span>
     <span class='ocr_line' id='line_1_13' title="bbox 335 1698 1489 1790; baseline -0.004 -20"><span class='ocrx_word' id='word_1_105' title='bbox 335 1709 430 1788; x_wconf 88' lang='lat' dir='ltr'>atquc</span> <span class='ocrx_word' id='word_1_106' title='bbox 452 1721 543 1770; x_wconf 88' lang='lat' dir='ltr'>muro</span> <span class='ocrx_word' id='word_1_107' title='bbox 565 1703 771 1790; x_wconf 88' lang='lat' dir='ltr'>protectionis</span> <span class='ocrx_word' id='word_1_108' title='bbox 801 1709 924 1772; x_wconf 87' lang='lat' dir='ltr'>vestrae</span> <span class='ocrx_word' id='word_1_109' title='bbox 952 1702 1153 1787; x_wconf 88' lang='lat' dir='ltr'>circumdati,</span> <span class='ocrx_word' id='word_1_110' title='bbox 1181 1708 1292 1769; x_wconf 86' lang='lat' dir='ltr'>contra</span> <span class='ocrx_word' id='word_1_111' title='bbox 1320 1720 1427 1768; x_wconf 89' lang='lat' dir='ltr'>omues</span> <span class='ocrx_word' id='word_1_112' title='bbox 1451 1698 1489 1763; x_wconf 90' lang='lat' dir='ltr'>in·</span> 
     </span>
     <span class='ocr_line' id='line_1_14' title="bbox 334 1802 1490 1905; baseline -0.002 -20"><span class='ocrx_word' id='word_1_113' title='bbox 334 1802 537 1886; x_wconf 70' lang='lat' dir='ltr'>testationes⁴¹</span> <span class='ocrx_word' id='word_1_114' title='bbox 559 1820 681 1886; x_wconf 91' lang='lat' dir='ltr'>inimici</span> <span class='ocrx_word' id='word_1_115' title='bbox 701 1820 736 1887; x_wconf 93' lang='lat' dir='ltr'>in</span> <span class='ocrx_word' id='word_1_116' title='bbox 758 1821 817 1888; x_wconf 86' lang='lat' dir='ltr'>hac</span> <span class='ocrx_word' id='word_1_117' title='bbox 833 1822 908 1904; x_wconf 79' lang='lat' dir='ltr'>vita,</span> <span class='ocrx_word' id='word_1_118' title='bbox 933 1839 1014 1904; x_wconf 91' lang='lat' dir='ltr'>quae</span> <span class='ocrx_word' id='word_1_119' title='bbox 1028 1824 1097 1886; x_wconf 89' lang='lat' dir='ltr'>tota</span> <span class='ocrx_word' id='word_1_120' title='bbox 1110 1820 1277 1905; x_wconf 88' lang='lat' dir='ltr'>temptatio</span> <span class='ocrx_word' id='word_1_121' title='bbox 1293 1823 1353 1903; x_wconf 73' lang='lat' dir='ltr'>est</span> <span class='ocrx_word' id='word_1_122' title='bbox 1377 1811 1490 1896; x_wconf 76' lang='lat' dir='ltr'>defensi,</span> 
     </span>
     <span class='ocr_line' id='line_1_15' title="bbox 335 1928 1491 2020; baseline -0.004 -18"><span class='ocrx_word' id='word_1_123' title='bbox 335 1939 368 2002; x_wconf 88' lang='lat' dir='ltr'>at</span> <span class='ocrx_word' id='word_1_124' title='bbox 398 1935 438 2001; x_wconf 87' lang='lat' dir='ltr'>ad</span> <span class='ocrx_word' id='word_1_125' title='bbox 467 1934 573 2020; x_wconf 84' lang='lat' dir='ltr'>illam,</span> <span class='ocrx_word' id='word_1_126' title='bbox 602 1956 682 2020; x_wconf 87' lang='lat' dir='ltr'>quae</span> <span class='ocrx_word' id='word_1_127' title='bbox 709 1941 811 2003; x_wconf 82' lang='lat' dir='ltr'>moute</span> <span class='ocrx_word' id='word_1_128' title='bbox 839 1955 955 2003; x_wconf 87' lang='lat' dir='ltr'>vacans</span> <span class='ocrx_word' id='word_1_129' title='bbox 978 1941 1012 2002; x_wconf 89' lang='lat' dir='ltr'>at</span> <span class='ocrx_word' id='word_1_130' title='bbox 1032 1933 1095 2002; x_wconf 87' lang='lat' dir='ltr'>fine</span> <span class='ocrx_word' id='word_1_131' title='bbox 1117 1955 1244 2020; x_wconf 88' lang='lat' dir='ltr'>carens,</span> <span class='ocrx_word' id='word_1_132' title='bbox 1277 1934 1392 2001; x_wconf 88' lang='lat' dir='ltr'>vestris</span> <span class='ocrx_word' id='word_1_133' title='bbox 1415 1928 1491 1997; x_wconf 83' lang='lat' dir='ltr'>almis</span> 
     </span>
     <span class='ocr_line' id='line_1_16' title="bbox 334 2051 1010 2137; baseline -0.001 -20"><span class='ocrx_word' id='word_1_134' title='bbox 334 2051 612 2119; x_wconf 79' lang='lat' dir='ltr'>intercessionibus</span> <span class='ocrx_word' id='word_1_135' title='bbox 634 2052 800 2137; x_wconf 89' lang='lat' dir='ltr'>pervenire</span> <span class='ocrx_word' id='word_1_136' title='bbox 822 2071 1010 2118; x_wconf 88' lang='lat' dir='ltr'>mereamur.</span> 
     </span>
    </p>

    <p class='ocr_par' dir='ltr' id='par_1_4' title="bbox 315 2163 1521 4220">
     <span class='ocr_line' id='line_1_17' title="bbox 424 2163 1494 2253; baseline -0.005 -21"><span class='ocrx_word' id='word_1_137' title='bbox 424 2165 569 2233; x_wconf 84' lang='lat' dir='ltr'>Misimus</span> <span class='ocrx_word' id='word_1_138' title='bbox 591 2168 681 2234; x_wconf 89' lang='lat' dir='ltr'>vobis</span> <span class='ocrx_word' id='word_1_139' title='bbox 705 2187 804 2253; x_wconf 88' lang='lat' dir='ltr'>parva</span> <span class='ocrx_word' id='word_1_140' title='bbox 826 2168 947 2251; x_wconf 79' lang='lat' dir='ltr'>exenia,</span> <span class='ocrx_word' id='word_1_141' title='bbox 971 2165 1004 2232; x_wconf 93' lang='lat' dir='ltr'>id</span> <span class='ocrx_word' id='word_1_142' title='bbox 1028 2170 1077 2232; x_wconf 89' lang='lat' dir='ltr'>est</span> <span class='ocrx_word' id='word_1_143' title='bbox 1090 2171 1213 2252; x_wconf 89' lang='lat' dir='ltr'>reptem</span> <span class='ocrx_word' id='word_1_144' title='bbox 1229 2163 1382 2251; x_wconf 85' lang='lat' dir='ltr'>ruptilem</span> <span class='ocrx_word' id='word_1_145' title='bbox 1397 2179 1494 2240; x_wconf 80' lang='lat' dir='ltr'>unam3</span> 
     </span>
     <span class='ocr_line' id='line_1_18' title="bbox 334 2279 1496 2369; baseline -0.003 -21"><span class='ocrx_word' id='word_1_146' title='bbox 334 2282 542 2369; x_wconf 79' lang='lat' dir='ltr'>deprecantes</span> <span class='ocrx_word' id='word_1_147' title='bbox 572 2282 703 2366; x_wconf 74' lang='lat' dir='ltr'>obnixe,</span> <span class='ocrx_word' id='word_1_148' title='bbox 731 2287 768 2348; x_wconf 88' lang='lat' dir='ltr'>ut</span> <span class='ocrx_word' id='word_1_149' title='bbox 795 2303 935 2348; x_wconf 90' lang='lat' dir='ltr'>amorem</span> <span class='ocrx_word' id='word_1_150' title='bbox 957 2281 1113 2348; x_wconf 90' lang='lat' dir='ltr'>mittentis</span> <span class='ocrx_word' id='word_1_151' title='bbox 1136 2279 1238 2365; x_wconf 80' lang='lat' dir='ltr'>magis</span> <span class='ocrx_word' id='word_1_152' title='bbox 1262 2299 1361 2366; x_wconf 87' lang='lat' dir='ltr'>quam</span> <span class='ocrx_word' id='word_1_153' title='bbox 1383 2295 1496 2346; x_wconf 84' lang='lat' dir='ltr'>censum</span> 
     </span>
     <span class='ocr_line' id='line_1_19' title="bbox 334 2393 1498 2484; baseline -0.005 -20"><span class='ocrx_word' id='word_1_154' title='bbox 334 2397 540 2484; x_wconf 86' lang='lat' dir='ltr'>perpendatis</span> <span class='ocrx_word' id='word_1_155' title='bbox 564 2397 604 2463; x_wconf 91' lang='lat' dir='ltr'>ob</span> <span class='ocrx_word' id='word_1_156' title='bbox 627 2417 716 2483; x_wconf 88' lang='lat' dir='ltr'>spem</span> <span class='ocrx_word' id='word_1_157' title='bbox 739 2399 920 2479; x_wconf 81' lang='lat' dir='ltr'>meliorum3</span> <span class='ocrx_word' id='word_1_158' title='bbox 949 2397 1033 2482; x_wconf 87' lang='lat' dir='ltr'>quod</span> <span class='ocrx_word' id='word_1_159' title='bbox 1056 2395 1188 2463; x_wconf 89' lang='lat' dir='ltr'>celerius</span> <span class='ocrx_word' id='word_1_160' title='bbox 1210 2393 1248 2462; x_wconf 91' lang='lat' dir='ltr'>fit</span> <span class='ocrx_word' id='word_1_161' title='bbox 1269 2395 1435 2462; x_wconf 85' lang='lat' dir='ltr'>orantibus</span> <span class='ocrx_word' id='word_1_162' title='bbox 1453 2411 1498 2458; x_wconf 80' lang='lat' dir='ltr'>vo</span> 
     </span>
     <span class='ocr_line' id='line_1_20' title="bbox 335 2511 1498 2596; baseline -0.004 -18"><span class='ocrx_word' id='word_1_163' title='bbox 335 2511 395 2596; x_wconf 83' lang='lat' dir='ltr'>bis,</span> <span class='ocrx_word' id='word_1_164' title='bbox 420 2513 448 2579; x_wconf 91' lang='lat' dir='ltr'>si</span> <span class='ocrx_word' id='word_1_165' title='bbox 471 2512 627 2580; x_wconf 90' lang='lat' dir='ltr'>Dominus</span> <span class='ocrx_word' id='word_1_166' title='bbox 650 2514 749 2580; x_wconf 62' lang='lat' dir='ltr'>dmm</span> <span class='ocrx_word' id='word_1_167' title='bbox 772 2519 804 2580; x_wconf 92' lang='lat' dir='ltr'>et</span> <span class='ocrx_word' id='word_1_168' title='bbox 825 2514 909 2580; x_wconf 87' lang='lat' dir='ltr'>vires</span> <span class='ocrx_word' id='word_1_169' title='bbox 932 2513 1131 2580; x_wconf 80' lang='lat' dir='ltr'>concesserit</span> <span class='ocrx_word' id='word_1_170' title='bbox 1166 2511 1324 2579; x_wconf 88' lang='lat' dir='ltr'>Memores</span> <span class='ocrx_word' id='word_1_171' title='bbox 1349 2511 1434 2578; x_wconf 86' lang='lat' dir='ltr'>enim</span> <span class='ocrx_word' id='word_1_172' title='bbox 1454 2527 1498 2574; x_wconf 89' lang='lat' dir='ltr'>au·</span> 
     </span>
     <span class='ocr_line' id='line_1_21' title="bbox 315 2627 1502 2714; baseline -0.005 -20"><span class='ocrx_word' id='word_1_173' title='bbox 315 2629 407 2694; x_wconf 88' lang='lat' dir='ltr'>&#39;mus</span> <span class='ocrx_word' id='word_1_174' title='bbox 430 2627 596 2694; x_wconf 88' lang='lat' dir='ltr'>verborum</span> <span class='ocrx_word' id='word_1_175' title='bbox 621 2629 772 2713; x_wconf 83' lang='lat' dir='ltr'>omnium,</span> <span class='ocrx_word' id='word_1_176' title='bbox 797 2648 887 2714; x_wconf 87' lang='lat' dir='ltr'>quae,</span> <span class='ocrx_word' id='word_1_177' title='bbox 911 2649 950 2694; x_wconf 84' lang='lat' dir='ltr'>ex</span> <span class='ocrx_word' id='word_1_178' title='bbox 974 2627 1168 2695; x_wconf 88' lang='lat' dir='ltr'>abnndantia</span> <span class='ocrx_word' id='word_1_179' title='bbox 1189 2627 1293 2694; x_wconf 91' lang='lat' dir='ltr'>cordis</span> <span class='ocrx_word' id='word_1_180' title='bbox 1317 2627 1418 2694; x_wconf 79' lang='lat' dir='ltr'>vestri</span> <span class='ocrx_word' id='word_1_181' title='bbox 1438 2643 1502 2711; x_wconf 92' lang='lat' dir='ltr'>pro·</span> 
     </span>
     <span class='ocr_line' id='line_1_22' title="bbox 334 2742 1503 2829; baseline -0.003 -20"><span class='ocrx_word' id='word_1_182' title='bbox 334 2742 428 2828; x_wconf 86' lang='lat' dir='ltr'>lata·‚</span> <span class='ocrx_word' id='word_1_183' title='bbox 450 2744 569 2811; x_wconf 88' lang='lat' dir='ltr'>nostris</span> <span class='ocrx_word' id='word_1_184' title='bbox 586 2744 714 2811; x_wconf 83' lang='lat' dir='ltr'>auribus</span> <span class='ocrx_word' id='word_1_185' title='bbox 730 2748 904 2811; x_wconf 88' lang='lat' dir='ltr'>sonuerunt</span> <span class='ocrx_word' id='word_1_186' title='bbox 919 2743 1135 2829; x_wconf 84' lang='lat' dir='ltr'>adimplenda3</span> <span class='ocrx_word' id='word_1_187' title='bbox 1160 2763 1230 2828; x_wconf 83' lang='lat' dir='ltr'>que,</span> <span class='ocrx_word' id='word_1_188' title='bbox 1254 2749 1413 2827; x_wconf 90' lang='lat' dir='ltr'>quantum</span> <span class='ocrx_word' id='word_1_189' title='bbox 1427 2757 1503 2808; x_wconf 70' lang='lat' dir='ltr'>ama</span> 
     </span>
     <span class='ocr_line' id='line_1_23' title="bbox 336 2851 1504 2946; baseline -0.003 -20"><span class='ocrx_word' id='word_1_190' title='bbox 336 2865 479 2927; x_wconf 73' lang='lat' dir='ltr'>amantm</span> <span class='ocrx_word' id='word_1_191' title='bbox 513 2865 562 2944; x_wconf 90' lang='lat' dir='ltr'>te,</span> <span class='ocrx_word' id='word_1_192' title='bbox 599 2880 639 2927; x_wconf 84' lang='lat' dir='ltr'>ex</span> <span class='ocrx_word' id='word_1_193' title='bbox 671 2860 756 2928; x_wconf 89' lang='lat' dir='ltr'>omni</span> <span class='ocrx_word' id='word_1_194' title='bbox 785 2866 876 2946; x_wconf 88' lang='lat' dir='ltr'>parte</span> <span class='ocrx_word' id='word_1_195' title='bbox 904 2858 1114 2926; x_wconf 87' lang='lat' dir='ltr'>declarabant.</span> <span class='ocrx_word' id='word_1_196' title='bbox 1160 2857 1242 2936; x_wconf 83' lang='lat' dir='ltr'>Quid</span> <span class='ocrx_word' id='word_1_197' title='bbox 1272 2879 1349 2943; x_wconf 82' lang='lat' dir='ltr'>ergo</span> <span class='ocrx_word' id='word_1_198' title='bbox 1378 2851 1504 2945; x_wconf 82' lang='lat' dir='ltr'>prolete¹</span> 
     </span>
     <span class='ocr_line' id='line_1_24' title="bbox 336 2973 1508 3061; baseline -0.003 -19"><span class='ocrx_word' id='word_1_199' title='bbox 336 2975 423 3042; x_wconf 88' lang='lat' dir='ltr'>alind</span> <span class='ocrx_word' id='word_1_200' title='bbox 444 2976 537 3045; x_wconf 90' lang='lat' dir='ltr'>nobis</span> <span class='ocrx_word' id='word_1_201' title='bbox 560 2975 716 3060; x_wconf 81' lang='lat' dir='ltr'>agendum</span> <span class='ocrx_word' id='word_1_202' title='bbox 740 2982 803 3060; x_wconf 88' lang='lat' dir='ltr'>est,</span> <span class='ocrx_word' id='word_1_203' title='bbox 827 2977 889 3042; x_wconf 91' lang='lat' dir='ltr'>nisi</span> <span class='ocrx_word' id='word_1_204' title='bbox 912 2975 1010 3059; x_wconf 88' lang='lat' dir='ltr'>quod,</span> <span class='ocrx_word' id='word_1_205' title='bbox 1034 2975 1156 3060; x_wconf 81' lang='lat' dir='ltr'>quoad⁸</span> <span class='ocrx_word' id='word_1_206' title='bbox 1177 2973 1245 3041; x_wconf 92' lang='lat' dir='ltr'>Deo</span> <span class='ocrx_word' id='word_1_207' title='bbox 1269 2973 1508 3061; x_wconf 76' lang='lat' dir='ltr'>disponentes</span> 
     </span>
     <span class='ocr_line' id='line_1_25' title="bbox 335 3083 1507 3174; baseline -0.003 -18"><span class='ocrx_word' id='word_1_208' title='bbox 335 3089 430 3158; x_wconf 86' lang='lat' dir='ltr'>finem</span> <span class='ocrx_word' id='word_1_209' title='bbox 454 3097 639 3158; x_wconf 70' lang='lat' dir='ltr'>cunewrum</span> <span class='ocrx_word' id='word_1_210' title='bbox 661 3091 880 3158; x_wconf 85' lang='lat' dir='ltr'>considerante</span> <span class='ocrx_word' id='word_1_211' title='bbox 909 3109 1017 3158; x_wconf 90' lang='lat' dir='ltr'>omnes</span> <span class='ocrx_word' id='word_1_212' title='bbox 1047 3089 1277 3174; x_wconf 85' lang='lat' dir='ltr'>advixerimus,</span> <span class='ocrx_word' id='word_1_213' title='bbox 1306 3089 1447 3158; x_wconf 87' lang='lat' dir='ltr'>fideliter</span> <span class='ocrx_word' id='word_1_214' title='bbox 1472 3083 1507 3152; x_wconf 83' lang='lat' dir='ltr'>ad</span> 
     </span>
     <span class='ocr_line' id='line_1_26' title="bbox 334 3204 1508 3294; baseline 0 -23"><span class='ocrx_word' id='word_1_215' title='bbox 334 3205 471 3272; x_wconf 90' lang='lat' dir='ltr'>invicem</span> <span class='ocrx_word' id='word_1_216' title='bbox 493 3207 717 3274; x_wconf 84' lang='lat' dir='ltr'>custodiamus.</span> <span class='ocrx_word' id='word_1_217' title='bbox 802 3205 952 3294; x_wconf 87' lang='lat' dir='ltr'>Preterea</span> <span class='ocrx_word' id='word_1_218' title='bbox 974 3205 1179 3274; x_wconf 89' lang='lat' dir='ltr'>nihilominus</span> <span class='ocrx_word' id='word_1_219' title='bbox 1201 3210 1235 3272; x_wconf 92' lang='lat' dir='ltr'>et</span> <span class='ocrx_word' id='word_1_220' title='bbox 1249 3204 1416 3293; x_wconf 87' lang='lat' dir='ltr'>deinceps,</span> <span class='ocrx_word' id='word_1_221' title='bbox 1440 3205 1508 3270; x_wconf 86' lang='lat' dir='ltr'>dvm</span> 
     </span>
     <span class='ocr_line' id='line_1_27' title="bbox 336 3321 1509 3409; baseline 0.002 -22"><span class='ocrx_word' id='word_1_222' title='bbox 336 3321 450 3406; x_wconf 90' lang='lat' dir='ltr'>aliquis</span> <span class='ocrx_word' id='word_1_223' title='bbox 474 3342 491 3390; x_wconf 94' lang='lat' dir='ltr'>e</span> <span class='ocrx_word' id='word_1_224' title='bbox 513 3322 604 3388; x_wconf 91' lang='lat' dir='ltr'>nobis</span> <span class='ocrx_word' id='word_1_225' title='bbox 628 3321 757 3388; x_wconf 79' lang='lat' dir='ltr'>ulterim</span> <span class='ocrx_word' id='word_1_226' title='bbox 781 3322 846 3390; x_wconf 90' lang='lat' dir='ltr'>vite</span> <span class='ocrx_word' id='word_1_227' title='bbox 868 3323 955 3406; x_wconf 88' lang='lat' dir='ltr'>vias,</span> <span class='ocrx_word' id='word_1_228' title='bbox 984 3328 1021 3389; x_wconf 92' lang='lat' dir='ltr'>ut</span> <span class='ocrx_word' id='word_1_229' title='bbox 1043 3328 1117 3409; x_wconf 91' lang='lat' dir='ltr'>opto</span> <span class='ocrx_word' id='word_1_230' title='bbox 1139 3321 1263 3406; x_wconf 84' lang='lat' dir='ltr'>felices,</span> <span class='ocrx_word' id='word_1_231' title='bbox 1292 3323 1388 3408; x_wconf 89' lang='lat' dir='ltr'>prior</span> <span class='ocrx_word' id='word_1_232' title='bbox 1410 3322 1509 3404; x_wconf 75' lang='lat' dir='ltr'>ingre·</span> 
     </span>
     <span class='ocr_line' id='line_1_28' title="bbox 336 3436 1511 3524; baseline 0.001 -22"><span class='ocrx_word' id='word_1_233' title='bbox 336 3436 457 3520; x_wconf 83' lang='lat' dir='ltr'>dictur,</span> <span class='ocrx_word' id='word_1_234' title='bbox 493 3457 531 3503; x_wconf 89' lang='lat' dir='ltr'>en</span> <span class='ocrx_word' id='word_1_235' title='bbox 562 3437 767 3524; x_wconf 81' lang='lat' dir='ltr'>supervivens</span> <span class='ocrx_word' id='word_1_236' title='bbox 796 3438 865 3505; x_wconf 86' lang='lat' dir='ltr'>sine</span> <span class='ocrx_word' id='word_1_237' title='bbox 893 3457 983 3504; x_wconf 89' lang='lat' dir='ltr'>mora</span> <span class='ocrx_word' id='word_1_238' title='bbox 1010 3437 1117 3504; x_wconf 89' lang='lat' dir='ltr'>missis</span> <span class='ocrx_word' id='word_1_239' title='bbox 1147 3443 1179 3504; x_wconf 91' lang='lat' dir='ltr'>et</span> <span class='ocrx_word' id='word_1_240' title='bbox 1207 3437 1394 3505; x_wconf 86' lang='lat' dir='ltr'>elemosinis</span> <span class='ocrx_word' id='word_1_241' title='bbox 1423 3437 1511 3503; x_wconf 85' lang='lat' dir='ltr'>itiner</span> 
     </span>
     <span class='ocr_line' id='line_1_29' title="bbox 338 3551 1514 3640; baseline 0.003 -23"><span class='ocrx_word' id='word_1_242' title='bbox 338 3551 425 3618; x_wconf 91' lang='lat' dir='ltr'>illius</span> <span class='ocrx_word' id='word_1_243' title='bbox 447 3551 521 3620; x_wconf 89' lang='lat' dir='ltr'>hinc</span> <span class='ocrx_word' id='word_1_244' title='bbox 545 3559 576 3620; x_wconf 89' lang='lat' dir='ltr'>et</span> <span class='ocrx_word' id='word_1_245' title='bbox 602 3553 693 3637; x_wconf 84' lang='lat' dir='ltr'>inde,</span> <span class='ocrx_word' id='word_1_246' title='bbox 723 3559 876 3637; x_wconf 88' lang='lat' dir='ltr'>qnantum</span> <span class='ocrx_word' id='word_1_247' title='bbox 898 3553 1003 3620; x_wconf 87' lang='lat' dir='ltr'>valeat</span> <span class='ocrx_word' id='word_1_248' title='bbox 1026 3559 1114 3620; x_wconf 90' lang='lat' dir='ltr'>tuere</span> <span class='ocrx_word' id='word_1_249' title='bbox 1137 3571 1174 3620; x_wconf 93' lang='lat' dir='ltr'>ac</span> <span class='ocrx_word' id='word_1_250' title='bbox 1196 3573 1392 3640; x_wconf 88' lang='lat' dir='ltr'>prosperum</span> <span class='ocrx_word' id='word_1_251' title='bbox 1416 3555 1514 3620; x_wconf 77' lang='lat' dir='ltr'>saone</span> 
     </span>
     <span class='ocr_line' id='line_1_30' title="bbox 336 3667 1514 3756; baseline 0 -22"><span class='ocrx_word' id='word_1_252' title='bbox 336 3667 462 3753; x_wconf 89' lang='lat' dir='ltr'>saepius</span> <span class='ocrx_word' id='word_1_253' title='bbox 484 3667 667 3734; x_wconf 83' lang='lat' dir='ltr'>reminiscat</span> <span class='ocrx_word' id='word_1_254' title='bbox 688 3687 726 3734; x_wconf 90' lang='lat' dir='ltr'>ac</span> <span class='ocrx_word' id='word_1_255' title='bbox 748 3667 888 3751; x_wconf 82' lang='lat' dir='ltr'>studeat3</span> <span class='ocrx_word' id='word_1_256' title='bbox 913 3669 1113 3737; x_wconf 87' lang='lat' dir='ltr'>obsecrantes</span> <span class='ocrx_word' id='word_1_257' title='bbox 1136 3669 1281 3752; x_wconf 58' lang='lat' dir='ltr'>otenel,</span> <span class='ocrx_word' id='word_1_258' title='bbox 1304 3675 1343 3736; x_wconf 90' lang='lat' dir='ltr'>ut</span> <span class='ocrx_word' id='word_1_259' title='bbox 1358 3691 1423 3756; x_wconf 90' lang='lat' dir='ltr'>per</span> <span class='ocrx_word' id='word_1_260' title='bbox 1437 3670 1514 3735; x_wconf 85' lang='lat' dir='ltr'>hunc</span> 
     </span>
     <span class='ocr_line' id='line_1_31' title="bbox 334 3783 1517 3872; baseline 0.001 -22"><span class='ocrx_word' id='word_1_261' title='bbox 334 3783 466 3850; x_wconf 75' lang='lat' dir='ltr'>irenem</span> <span class='ocrx_word' id='word_1_262' title='bbox 486 3788 629 3850; x_wconf 75' lang='lat' dir='ltr'>noenum</span> <span class='ocrx_word' id='word_1_263' title='bbox 649 3783 869 3851; x_wconf 85' lang='lat' dir='ltr'>fidelissimam</span> <span class='ocrx_word' id='word_1_264' title='bbox 890 3786 1111 3872; x_wconf 84' lang='lat' dir='ltr'>presbytemm</span> <span class='ocrx_word' id='word_1_265' title='bbox 1133 3785 1261 3851; x_wconf 92' lang='lat' dir='ltr'>nomine</span> <span class='ocrx_word' id='word_1_266' title='bbox 1275 3784 1517 3854; x_wconf 86' lang='lat' dir='ltr'>Laearorednm</span> 
     </span>
     <span class='ocr_line' id='line_1_32' title="bbox 336 3899 1519 3989; baseline 0.003 -25"><span class='ocrx_word' id='word_1_267' title='bbox 336 3899 455 3985; x_wconf 90' lang='lat' dir='ltr'>scripta</span> <span class='ocrx_word' id='word_1_268' title='bbox 476 3899 604 3986; x_wconf 88' lang='lat' dir='ltr'>pietatis</span> <span class='ocrx_word' id='word_1_269' title='bbox 626 3904 699 3966; x_wconf 86' lang='lat' dir='ltr'>tuae</span> <span class='ocrx_word' id='word_1_270' title='bbox 723 3899 764 3966; x_wconf 93' lang='lat' dir='ltr'>ad</span> <span class='ocrx_word' id='word_1_271' title='bbox 785 3921 844 3968; x_wconf 90' lang='lat' dir='ltr'>nos</span> <span class='ocrx_word' id='word_1_272' title='bbox 865 3901 1001 3984; x_wconf 78' lang='lat' dir='ltr'>dirigere</span> <span class='ocrx_word' id='word_1_273' title='bbox 1017 3900 1166 3984; x_wconf 79' lang='lat' dir='ltr'>digneris,</span> <span class='ocrx_word' id='word_1_274' title='bbox 1190 3907 1346 3987; x_wconf 90' lang='lat' dir='ltr'>quatenus</span> <span class='ocrx_word' id='word_1_275' title='bbox 1362 3923 1428 3989; x_wconf 88' lang='lat' dir='ltr'>per</span> <span class='ocrx_word' id='word_1_276' title='bbox 1442 3901 1519 3968; x_wconf 88' lang='lat' dir='ltr'>haec</span> 
     </span>
     <span class='ocr_line' id='line_1_33' title="bbox 336 4013 1520 4101; baseline 0.002 -21"><span class='ocrx_word' id='word_1_277' title='bbox 336 4033 460 4098; x_wconf 87' lang='lat' dir='ltr'>earum,</span> <span class='ocrx_word' id='word_1_278' title='bbox 484 4033 563 4099; x_wconf 88' lang='lat' dir='ltr'>quae</span> <span class='ocrx_word' id='word_1_279' title='bbox 586 4013 646 4081; x_wconf 88' lang='lat' dir='ltr'>tibi</span> <span class='ocrx_word' id='word_1_280' title='bbox 668 4014 787 4101; x_wconf 88' lang='lat' dir='ltr'>placita</span> <span class='ocrx_word' id='word_1_281' title='bbox 809 4019 898 4100; x_wconf 85' lang='lat' dir='ltr'>sunt,</span> <span class='ocrx_word' id='word_1_282' title='bbox 927 4036 1034 4083; x_wconf 86' lang='lat' dir='ltr'>rerum</span> <span class='ocrx_word' id='word_1_283' title='bbox 1058 4017 1197 4100; x_wconf 77' lang='lat' dir='ltr'>cognitio</span> <span class='ocrx_word' id='word_1_284' title='bbox 1220 4015 1390 4082; x_wconf 81' lang='lat' dir='ltr'>clarescat</span> <span class='ocrx_word' id='word_1_285' title='bbox 1441 4017 1520 4095; x_wconf 79' lang='lat' dir='ltr'>Quis</span> 
     </span>
     <span class='ocr_line' id='line_1_34' title="bbox 336 4129 1521 4220; baseline 0.003 -25"><span class='ocrx_word' id='word_1_286' title='bbox 336 4129 457 4197; x_wconf 87' lang='lat' dir='ltr'>habetis</span> <span class='ocrx_word' id='word_1_287' title='bbox 482 4129 549 4196; x_wconf 92' lang='lat' dir='ltr'>sine</span> <span class='ocrx_word' id='word_1_288' title='bbox 572 4129 666 4196; x_wconf 90' lang='lat' dir='ltr'>dubio</span> <span class='ocrx_word' id='word_1_289' title='bbox 690 4131 723 4196; x_wconf 91' lang='lat' dir='ltr'>in</span> <span class='ocrx_word' id='word_1_290' title='bbox 747 4131 858 4198; x_wconf 89' lang='lat' dir='ltr'>eodem</span> <span class='ocrx_word' id='word_1_291' title='bbox 878 4131 1021 4218; x_wconf 88' lang='lat' dir='ltr'>praefato</span> <span class='ocrx_word' id='word_1_292' title='bbox 1037 4131 1222 4220; x_wconf 89' lang='lat' dir='ltr'>presbytero</span> <span class='ocrx_word' id='word_1_293' title='bbox 1238 4131 1430 4200; x_wconf 88' lang='lat' dir='ltr'>veredicum</span> <span class='ocrx_word' id='word_1_294' title='bbox 1446 4131 1521 4198; x_wconf 88' lang='lat' dir='ltr'>fida-</span> 
     </span>
    </p>
   </div>
   <div class='ocr_carea' id='block_1_3' title="bbox 337 4307 1523 4451">
    <p class='ocr_par' dir='ltr' id='par_1_5' title="bbox 337 4307 1523 4451">
     <span class='ocr_line' id='line_1_35' title="bbox 406 4307 1523 4364; baseline 0.003 -10"><span class='ocrx_word' id='word_1_295' title='bbox 406 4321 427 4354; x_wconf 72' lang='lat' dir='ltr'>t</span> <span class='ocrx_word' id='word_1_296' title='bbox 447 4307 559 4364; x_wconf 79' lang='lat' dir='ltr'>Quocirca</span> <span class='ocrx_word' id='word_1_297' title='bbox 577 4308 605 4353; x_wconf 80' lang='lat' dir='ltr'>V.</span> <span class='ocrx_word' id='word_1_298' title='bbox 680 4307 702 4355; x_wconf 83' lang='lat' dir='ltr'>t.</span> <span class='ocrx_word' id='word_1_299' title='bbox 722 4308 872 4355; x_wconf 80' lang='lat' dir='ltr'>beatitudinis</span> <span class='ocrx_word' id='word_1_300' title='bbox 890 4310 918 4356; x_wconf 80' lang='lat' dir='ltr'>V.</span> <span class='ocrx_word' id='word_1_301' title='bbox 994 4323 1014 4356; x_wconf 85' lang='lat' dir='ltr'>a</span> <span class='ocrx_word' id='word_1_302' title='bbox 1034 4309 1120 4358; x_wconf 87' lang='lat' dir='ltr'>ventris</span> <span class='ocrx_word' id='word_1_303' title='bbox 1138 4311 1166 4357; x_wconf 77' lang='lat' dir='ltr'>V.</span> <span class='ocrx_word' id='word_1_304' title='bbox 1236 4310 1259 4356; x_wconf 88' lang='lat' dir='ltr'>d.</span> <span class='ocrx_word' id='word_1_305' title='bbox 1279 4307 1479 4359; x_wconf 75' lang='lat' dir='ltr'>iniestimtionss</span> <span class='ocrx_word' id='word_1_306' title='bbox 1497 4311 1523 4358; x_wconf 81' lang='lat' dir='ltr'>V.</span> 
     </span>
     <span class='ocr_line' id='line_1_36' title="bbox 337 4387 1235 4451; baseline 0.004 -19"><span class='ocrx_word' id='word_1_307' title='bbox 337 4399 357 4432; x_wconf 79' lang='lat' dir='ltr'>a.</span> <span class='ocrx_word' id='word_1_308' title='bbox 376 4387 467 4451; x_wconf 64' lang='lat' dir='ltr'>prolate</span> <span class='ocrx_word' id='word_1_309' title='bbox 484 4389 511 4435; x_wconf 82' lang='lat' dir='ltr'>V.</span> <span class='ocrx_word' id='word_1_310' title='bbox 589 4387 605 4433; x_wconf 85' lang='lat' dir='ltr'>t.</span> <span class='ocrx_word' id='word_1_311' title='bbox 625 4390 666 4435; x_wconf 75' lang='lat' dir='ltr'>sic.</span> <span class='ocrx_word' id='word_1_312' title='bbox 745 4401 767 4444; x_wconf 79' lang='lat' dir='ltr'>g.</span> <span class='ocrx_word' id='word_1_313' title='bbox 787 4387 863 4448; x_wconf 78' lang='lat' dir='ltr'>quoad</span> <span class='ocrx_word' id='word_1_314' title='bbox 880 4389 972 4436; x_wconf 73' lang='lat' dir='ltr'>addidi.</span> <span class='ocrx_word' id='word_1_315' title='bbox 1050 4389 1073 4436; x_wconf 83' lang='lat' dir='ltr'>ln.</span> <span class='ocrx_word' id='word_1_316' title='bbox 1095 4389 1190 4437; x_wconf 83' lang='lat' dir='ltr'>obnixae</span> <span class='ocrx_word' id='word_1_317' title='bbox 1209 4391 1235 4436; x_wconf 78' lang='lat' dir='ltr'>V.</span> 
     </span>
    </p>
   </div>
   <div class='ocr_carea' id='block_1_4' title="bbox 0 0 1562 4844">
    <p class='ocr_par' dir='ltr' id='par_1_6' title="bbox 0 0 1562 4844">
     <span class='ocr_line' id='line_1_37' title="bbox 0 0 1562 4844; baseline 0 0"><span class='ocrx_word' id='word_1_318' title='bbox 0 0 1562 4844; x_wconf 95' lang='lat' dir='ltr'> </span> 
     </span>
    </p>
   </div>
  </div>
 </body>
</html>
