3176 4846
331 293 410 340 vura
432 291 587 340 annuunt
608 291 868 341 sncnmrrscorr
890 291 1086 342 noannnnn
1221 273 1287 342 θῶ

124 446 202 514 aut,
226 436 329 520 qnia‘,
353 435 515 520 mortifero
537 435 605 500 doti
626 435 779 500 camnine
801 433 1106 520 cancotnbfotcu
1119 439 1286 516 ἐποποιῶν,
1308 443 1377 498 nte

124 571 188 616 non
215 552 307 624 dictat
327 551 423 636 facta
452 565 705 638 cornpcnearcnt,
733 553 788 616 aad
817 553 926 618 amida
952 555 1089 638 nequitae
1110 565 1287 638 succepto,

123 668 202 732 dota
224 669 443 754 oportunitate,
465 680 641 754 patrarent.
677 666 809 754 Seotper
831 670 913 733 onim
934 670 1086 754 munnam
1108 691 1189 748 seca,
1214 689 1288 734 con·

124 785 255 848 scicntia
279 778 489 870 pnntrbota¹.
525 781 720 849 Conscientia
742 787 825 850 enim
847 805 970 864 eman,
998 805 1075 852 neco
1097 783 1290 868 mfidciitutie

124 899 294 982 venefica,
318 922 382 964 non
404 902 507 986 potuit
527 921 592 964 non
613 921 732 966 noane.
770 897 936 966 Gmcratio
960 903 1042 966 eninr
1064 901 1118 966 tea
1138 923 1241 986 proca
1262 911 1292 964 at

122 1037 272 1102 pernaso
290 1017 435 1098 filiorum
456 1017 613 1101 Menpoti‚
641 1018 800 1100 pannutia
830 1037 888 1100 qne
915 1039 1079 1103 nunqnam
1100 1018 1216 1082 disant
1237 1037 1291 1082 cor

124 1126 241 1212 cnnm'‚
271 1134 433 1219 ponimina
454 1125 662 1218 oipnororn¹,
693 1132 921 1196 tietantia
948 1136 1055 1219 capita
1082 1134 1162 1219 ydra
1183 1132 1289 1218 rapni-

1317 515 1367 564 cn

124 1247 260 1313 tutantia
281 1271 444 1336 nunqnam
465 1252 632 1314 cinatntser
654 1250 689 1314 in
709 1240 817 1312 bono‘.
850 1247 923 1333 Epo
939 1251 1093 1334 enirnpcr
1105 1251 1291 1335 patientiam

123 1366 260 1430 nntium
282 1386 342 1429 coe.
378 1364 519 1430 Vindicet
532 1364 622 1429 Deua
645 1363 848 1450 obprobrium
871 1377 900 1428 ot
921 1366 1184 1430 conculcationem
1199 1387 1290 1430 eonc-

124 1492 227 1546 tonnrn
248 1503 393 1562 mem,
423 1493 452 1546 et
471 1482 586 1546 reddat
607 1483 791 1566 nomimant
813 1491 897 1544 tante
919 1481 1098 1548 montona
1121 1504 1216 1569 super
1238 1505 1290 1548 oa·

122 1599 194 1684 pita
209 1617 333 1672 comme
357 1600 506 1682 qnoniam
520 1597 702 1684 polluerunt
714 1599 930 1662 sanemarium
940 1596 1085 1678 Domiti,
1103 1610 1131 1663 et
1146 1599 1184 1663 de
1199 1600 1290 1664 domo

121 1712 190 1778 Dei
201 1712 351 1797 fecerunt
370 1714 551 1799 speluncam
573 1707 757 1778 monent
793 1711 865 1777 Hoc
886 1714 990 1783 videat
1003 1713 1093 1778 Dens
1116 1727 1145 1780 at
1162 1716 1289 1796 indicat,

122 1829 295 1916 reddatque
318 1832 362 1894 eia
390 1830 558 1894 somnium
586 1851 685 1915 opera
712 1849 837 1904 cornm5
865 1832 943 1914 qnia
961 1833 1063 1914 pratis
1085 1832 1196 1896 octone
1216 1853 1290 1896 aan-

120 1947 250 2030 9ninem
271 1967 388 2024 mmm,
413 1957 442 2010 et
462 1947 656 2012 insidiantur
677 1947 740 2010 uite
762 1957 791 2008 ot
811 1944 925 2010 tonent
945 1967 1023 2010 mco.

212 2057 366 2127 Posthac
388 2079 497 2127 versus
521 2057 716 2143 Magantium
739 2057 829 2126 cumd
852 2059 1051 2146 procederet,
1074 2065 1107 2127 et
1127 2071 1221 2146 prae·
1244 2062 1291 2128 fo-

122 2175 211 2242 ribus
240 2175 377 2242 civitatis
401 2195 508 2243 eorum
532 2175 737 2261 comperisset
759 2181 855 2240 et-
876 2175 910 2242 in
931 2175 1039 2259 fugam
1060 2176 1140 2263 ipsis
1163 2195 1292 2244 conver·

123 2291 232 2358 sia-
257 2293 409 2360 evasisset
435 2297 581 2378 potenter
607 2291 753 2374 insidias,
783 2291 886 2358 noluit
906 2289 1046 2358 fidelium
1068 2312 1196 2360 suarum
1219 2313 1292 2360 con·

123 2407 288 2475 saltationi
310 2409 522 2493 acquiescere,
551 2414 602 2492 ut,
630 2405 761 2474 collecta
781 2405 912 2491 militia,
935 2407 1094 2502 civitatem
1116 2415 1294 2495 percuteret

122 2524 158 2592 in
185 2543 239 2590 ore
262 2523 368 2608 gladii.
406 2523 467 2592 Sed
491 2545 561 2592 cum
584 2524 619 2590 in
641 2523 799 2610 pravitate
820 2523 976 2610 propositi
998 2523 1048 2590 sui
1070 2544 1124 2590 eos
1147 2545 1292 2611 persera-

122 2659 195 2708 rarc
218 2645 251 2706 ct
271 2639 430 2726 imperiali
452 2661 486 2708 se
510 2641 696 2708 iuuentute
718 2659 814 2726 super
835 2644 923 2707 tanto
945 2637 1064 2724 flagitio
1087 2641 1169 2708 tueri
1185 2659 1292 2710 carne-

122 2759 188 2839 ret,
217 2756 438 2842 civitatemque
465 2757 568 2844 ipsam
598 2757 664 2824 eius
693 2755 753 2824 soli
779 2753 921 2822 domino‘
942 2757 1190 2824 mnsarvandam
1211 2757 1291 2824 tata-

122 2876 248 2953 rentum
277 2878 446 2958 postquam
475 2893 526 2940 cos
555 2873 587 2940 in
615 2871 787 2941 fastivitate
816 2873 956 2938 omnium
984 2877 1165 2938 sanctorum
1188 2873 1291 2957 gladio
1307 2886 1385 2933 noes

123 2989 456 3056 excommunicationis
483 2988 613 3056 ferierat
640 2993 672 3056 et
701 2987 859 3056 civitatem
889 2987 1046 3056 adivinis
1069 2987 1290 3074 suspendarat3

122 3105 164 3172 ad
186 3104 382 3190 imperialem
405 3105 609 3191 presentiam,
632 3105 683 3172 cui
699 3108 790 3172 tanta
804 3103 954 3187 obsequie
967 3103 1174 3188 impenderat,
1197 3123 1292 3191 snper

122 3225 190 3290 tam
212 3219 366 3307 piaculari
387 3219 506 3304 flagitio
530 3241 600 3288 cum
623 3219 841 3304 religiosorum
859 3219 1077 3305 copiosissima
1091 3219 1292 3288 multitudiue

121 3336 353 3422 tumsalpinare
375 3337 544 3404 contendit

211 3452 269 3520 Eu·
287 3458 490 3540 tempestate,
519 3452 620 3520 felicis
648 3450 873 3520 recordationis
903 3469 987 3536 papa
1011 3449 1154 3518 Adriano
1184 3450 1289 3520 debito

119 3575 236 3638 nature
256 3565 448 3657 periunctc⁶‚
472 3569 595 3652 magnis
619 3567 791 3654 apostolica
805 3566 896 3634 sedes
911 3565 1152 3634 obtunsionum¹
1166 3567 1289 3636 malleis

120 3686 342 3770 erroribusque
368 3685 624 3773 trapezitarum,
652 3689 814 3770 tamquam
842 3703 975 3768 regnum
1003 3683 1035 3752 in
1058 3703 1093 3750 se
1115 3684 1221 3769 ipsum
1242 3683 1290 3750 di-

195 3869 215 3902 ι
237 3853 297 3914 quod
314 3857 336 3902 2.
413 3853 436 3900 b.
456 3853 647 3910 discordiam.
725 3865 745 3898 a
764 3851 862 3898 inianter
881 3853 901 3898 1.
974 3852 996 3899 tt
1017 3869 1060 3898 on.
1077 3853 1099 3898 1.
1168 3864 1187 3898 a.
1208 3865 1250 3912 pro
1267 3853 1289 3898 1.

119 3936 138 3984 t.
160 3953 191 3982 an
206 3934 323 3982 dominio?
399 3947 420 3992 g.
442 3934 601 3980 obtunsionem
618 3936 640 3990 1,
656 3933 814 3980 obtemicnum
830 3933 852 3980 2.
929 3932 952 3980 h.
973 3933 1137 3992 trmaaatam
1154 3933 1175 3980 1.

195 4040 220 4094 1.
243 4037 308 4108 Sap.
322 4040 364 4109 11,
378 4039 425 4094 10:
446 4037 536 4109 „Cum
554 4038 626 4094 enim
645 4037 682 4092 sit
697 4035 794 4092 timida
811 4036 941 4107 nequitia,
958 4036 1008 4095 dat
1023 4035 1210 4095 carmenum
1226 4051 1288 4092 con·

120 4127 318 4199 damnationia;
350 4141 458 4198 semper
489 4128 561 4182 enim
591 4126 742 4197 praesumit
773 4140 871 4196 saeva,
904 4125 1062 4196 perturbata
1090 4124 1288 4180 couscientia“.

119 4220 148 4274 2.
172 4218 217 4272 Ps
231 4217 274 4286 tt,
286 4217 315 4271 8:
336 4217 496 4287 „generatio
513 4231 601 4286 prava
618 4220 648 4270 et
664 4229 843 4285 exasperans3
862 4214 1010 4283 generatio,
1029 4227 1100 4283 quaa
1118 4229 1172 4270 nou
1190 4214 1290 4269 direxit

120 4305 292 4363 corsuum¹‘.
346 4305 372 4359 3.
391 4303 486 4360 nach.
500 4305 543 4374 23,
556 4305 599 4360 33.
654 4303 680 4358 4.
700 4301 832 4358 (littam.
847 4304 942 4372 1221.
997 4299 1288 4373 e.ctnactt.al,13;

120 4397 148 4451 6.
173 4395 242 4450 1159
261 4393 337 4464 Sept.
351 4395 375 4448 1.
