3090 4848
287 273 330 336 92
537 289 564 335 a.
581 289 758 336 nonrssnn
780 289 824 335 reu
847 289 949 336 unum
971 285 1157 334 uersuonrn
1184 287 1214 332 aa

177 452 201 490 e.
216 437 268 491 732
286 416 398 496 mortis
421 429 618 496 morantibus
641 429 803 514 gentibus,
832 429 866 494 in
889 448 995 495 erroro
1017 428 1212 512 constitutis,
1240 428 1279 495 ab
1302 428 1361 494 hac
1385 447 1460 513 apo·

287 545 398 612 stolica
419 545 481 611 Dei
504 544 636 612 ccclesia
659 545 777 612 dneoto
801 583 842 592 -
868 542 1037 628 Gregorius
1066 565 1174 611 servus
1204 562 1365 610 servorum
1388 543 1459 610 Dei.

375 660 492 744 Magna
513 681 571 726 uos
594 660 705 727 habuit
727 660 907 745 gratulatio,
930 660 1021 726 lectis
1037 660 1234 726 sanctissime
1249 659 1460 726 fraternitatis

286 783 360 844 tuae
381 776 511 859 littaris3
536 797 609 843 cum
630 777 664 842 in
688 777 744 862 eis,
768 776 886 844 relecta
900 775 992 860 serie,
1015 774 1128 842 luisset
1143 779 1315 861 repertum,
1338 775 1461 842 domini

285 891 388 958 nostri
411 892 482 958 lesu
505 891 623 959 Christi
645 893 748 976 gratia
770 892 922 978 plurimos
946 896 978 957 te
1001 911 1020 958 a
1042 890 1219 975 gentilitate
1242 895 1274 957 et
1292 911 1398 958 erroro
1420 891 1461 958 ad

286 1029 360 1074 vero
382 1006 457 1074 fidei
479 1009 670 1092 agnitionem
695 1009 896 1076 convertisse.
932 1007 1022 1086 Quod
1045 1008 1120 1093 quia
1140 1006 1247 1072 divium
1261 1007 1463 1074 institutione

287 1124 435 1190 docemur
457 1125 491 1189 in
514 1123 689 1210 parabolis,
714 1125 765 1191 oui
787 1125 926 1210 quinquo
948 1123 1068 1190 talenta
1090 1121 1210 1188 credita
1231 1122 1373 1206 fuerant,
1397 1121 1464 1188 alia

286 1239 425 1325 quinque
452 1238 550 1306 luisse
577 1240 734 1308 lucratum
743 1236 761 1322 ¹,
791 1240 826 1306 in
853 1239 944 1306 talis·
973 1238 1154 1306 commercii
1182 1237 1270 1304 lucro
1298 1257 1370 1304 cum
1391 1242 1465 1305 tota

285 1355 472 1443 plaudamus
501 1354 662 1422 aecclesia.
753 1355 837 1422 Hinc
868 1356 937 1422 iure
965 1355 1023 1422 tibi
1052 1353 1134 1422 sacri
1162 1353 1258 1440 pallei
1285 1353 1464 1420 direximus

286 1492 411 1555 munus,
436 1471 519 1556 quod
542 1471 627 1538 beati
641 1470 729 1538 Petri
752 1470 887 1557 apostoli
909 1470 1095 1536 auctoritate
1111 1469 1285 1556 suscipiens
1300 1468 1463 1550 induaris;

287 1591 381 1673 atquo
404 1587 487 1654 inter
510 1586 762 1673 archiepiscopos
790 1607 889 1670 unua,
918 1586 986 1653 Deo
1016 1591 1142 1652 auctore
1169 1583 1396 1672 praecipimus,
1426 1589 1465 1650 ut

287 1702 453 1770 censearis.
507 1701 648 1780 Qualiter
679 1703 764 1769 enim
793 1722 865 1768 oum
893 1703 1010 1786 utaris,
1040 1721 1080 1767 ex
1109 1700 1257 1768 mandato
1288 1699 1463 1786 apostolico

286 1819 475 1886 informatus
504 1837 671 1902 cognosces
701 1819 760 1884 ita:
791 1823 841 1901 ut,
869 1817 946 1882 dum
973 1817 1143 1883 missarum
1167 1816 1354 1902 sollempnia
1376 1816 1464 1899 geris

287 1935 338 2002 vol
361 1936 544 2022 episcopum
568 1940 600 2001 te
623 1933 813 2017 contingerit
835 1952 1034 2018 consecrare,
1062 1933 1115 1999 illo
1139 1931 1357 1999 tantummodo
1379 1936 1464 1998 tcm—

286 2071 460 2138 porosum
482 2050 592 2116 utaris.

377 2166 458 2244 Quia
485 2185 560 2232 vero
588 2164 714 2250 turbas,
744 2165 874 2232 Domini
901 2164 1019 2248 gratia,
1047 2164 1081 2230 in
1111 2163 1229 2231 eisdem
1252 2161 1397 2250 partibus
1421 2163 1466 2230 ad

286 2288 407 2350 rectam
441 2281 536 2348 fidem
570 2281 782 2349 asseruissetl
817 2291 1021 2363 conversas⁶,
1060 2281 1192 2365 nequire
1229 2285 1261 2347 to
1296 2298 1466 2348 occurrero

288 2399 448 2468 omnibus:
473 2418 511 2464 ea
535 2417 614 2482 quae
637 2398 748 2464 salutis
771 2403 845 2464 sunt
866 2396 1049 2484 impendere
1073 2401 1129 2462 aut
1150 2396 1298 2464 intimare
1322 2431 1365 2442 -
1388 2415 1466 2462 cum

287 2515 352 2581 iam
375 2513 467 2597 longe
489 2513 625 2598 lateque,
649 2513 753 2596 gratia
767 2512 895 2596 Christi,
919 2513 986 2580 eius
1006 2512 1084 2580 fides
1099 2512 1134 2579 in
1148 2513 1212 2578 illis
1227 2510 1371 2598 partibus
1387 2531 1466 2597 pro-

287 2637 421 2719 pagetur
445 2665 486 2675 —
510 2625 736 2715 precipimus²:
774 2633 811 2695 ut
838 2630 926 2695 iuxta
954 2647 1116 2694 sacrorum
1144 2648 1300 2694 canonum
1330 2631 1465 2712 statuta,

247 2753 249 2760 ’
287 2747 343 2814 ubi
364 2745 533 2813 multitudo
556 2745 696 2811 excrevit
717 2743 868 2827 fidelium,
892 2765 932 2810 ox
954 2744 1062 2827 vigore
1086 2743 1384 2830 apostolicaesedis
1407 2743 1466 2810 do-

288 2862 363 2929 beas
392 2861 538 2928 ordinare
567 2861 748 2947 episcopos3
782 2861 838 2946 pia
870 2864 977 2926 tamen
1013 2859 1298 2947 contomplatione,
1332 2861 1466 2926 utnon

288 2977 420 3045 vilescat
441 2965 578 3060 dignitas
602 2970 828 3062 episcopatus⁸.

376 3091 591 3158 Presbiterum
614 3111 749 3174 namque
773 3111 865 3176 quom
887 3091 1038 3179 preterito
1062 3090 1226 3158 asseruisti
1248 3109 1331 3157 anuo
1347 3089 1389 3156 ad
1402 3110 1466 3157 nos

289 3207 453 3274 advenisse
487 3212 658 3291 nostroque
692 3205 808 3272 iudicio
843 3207 941 3274 fuisse
975 3227 995 3273 a
1027 3208 1093 3273 suis
1121 3207 1251 3274 nefariis
1281 3205 1466 3274 absolutum

289 3323 480 3407 actionibus,
509 3323 633 3408 credas,
662 3343 763 3409 nequo
792 3322 882 3390 nobis
907 3323 1121 3390 confessiones
1150 3323 1272 3408 aliquas
1300 3321 1376 3389 fecit
1403 3342 1466 3390 nec

290 3439 444 3522 anobis,
474 3444 510 3504 ut
538 3459 611 3505 suos
641 3441 768 3527 expleat
793 3439 919 3523 libitus,
951 3438 1111 3506 absolutus
1135 3444 1192 3505 ost.
1229 3437 1307 3522 Sed,
1338 3439 1466 3506 sicum

290 3555 390 3622 errori
413 3555 555 3620 deditum
577 3556 765 3642 reppereris
789 3555 872 3621 hunc
894 3554 1084 3641 apostolicae
1100 3554 1184 3620 sedis
1199 3553 1307 3638 vigore
1323 3559 1358 3620 ut
1372 3555 1468 3622 iuxta

290 3675 471 3738 sanctorum
493 3689 648 3737 canonum
671 3671 855 3738 censuramd
879 3669 1018 3754 corrigas
1040 3670 1233 3757 precipimus
1249 3675 1282 3737 et
1297 3670 1466 3755 emendes;

362 3845 382 3877 a
402 3830 487 3877 talibus
505 3835 538 3878 M.
617 3831 639 3876 h.
660 3831 786 3877 mser-uisse
802 3833 837 3876 M.
915 3843 935 3876 o.
956 3841 1077 3876 consonos
1095 3833 1129 3876 M.
1208 3831 1230 3877 d.
1252 3843 1349 3878 tonsura
1365 3833 1400 3877 Μ.

361 3935 386 3989 1.
410 3933 562 4004 nachao,
577 3935 618 3989 16.
708 3935 735 3988 2.
761 3933 962 4004 ,Praecipimns
981 3964 1013 3973 —
1033 3933 1225 4003 episcopatus“
1245 3937 1310 3990 suut
1328 3933 1468 4005 Gregorio

289 4023 387 4079 iuniori
406 4023 444 4090 (id
462 4028 505 4078 est
523 4021 655 4088 seeundo)
673 4020 777 4076 tributa
794 4022 822 4076 in
834 4021 957 4077 Gratiani
974 4021 1054 4077 Decr.
1069 4023 1100 4077 P.
1112 4023 1140 4078 ll
1158 4039 1181 4078 c.
1196 4025 1229 4078 16
1248 4039 1294 4093 qu.
1308 4025 1324 4078 1
1344 4039 1406 4080 can.
1420 4026 1467 4081 53.

288 4115 314 4168 3.
341 4110 382 4168 (lt.
401 4109 526 4166 Gratiani
544 4112 625 4165 Doer.
644 4111 674 4164 Ρ.
692 4110 706 4164 Ι
724 4111 757 4164 Ι).
776 4112 811 4166 80
834 4127 894 4166 oen.
912 4112 943 4165 3:
970 4111 1120 4181 ,Episcopi
1142 4126 1197 4166 non
1220 4111 1250 4166 in
1271 4114 1393 4169 castellis
1418 4119 1469 4170 aut

288 4201 403 4256 modicis
421 4199 578 4254 civitatibus
597 4197 699 4252 debent
716 4199 844 4254 constitui
858 4204 932 4253 —et
948 4200 1094 4269 episcopus
1112 4215 1167 4256 non
1186 4199 1220 4255 ab
1238 4215 1294 4256 uuo
1312 4202 1362 4256 sed
1377 4204 1468 4273 aplu-

288 4289 363 4345 ribus
382 4287 466 4344 debet
484 4287 619 4358 episcopis
638 4287 764 4357 ordinari,
787 4292 823 4358 et,
845 4293 877 4342 ut
894 4287 996 4342 dictum
1015 4293 1065 4358 est,
1084 4304 1139 4344 uon
1157 4289 1193 4344 ad
1211 4289 1349 4346 modicam
1368 4292 1469 4348 civita-

288 4379 354 4450 tem',
373 4393 408 4433 uo
425 4377 541 4433 vflssoat
558 4390 658 4431 nomeu
676 4375 827 4446 episeopi‘t
