3090 4848
261 290 288 339 s.
304 291 481 340 nonmsrn
502 293 546 338 nr
569 291 875 340 connumeretur
898 289 936 340 ιι.
949 289 980 338 ιι
1142 273 1204 340 157

41 427 257 514 relinqueret¹3
282 431 366 517 quod
389 439 421 500 et
443 433 607 514 oreuobis
630 434 759 519 proprio
783 431 950 500 intimabit.
993 429 1066 514 Sed,
1090 432 1117 498 si
1140 433 1206 498 vita
1224 437 1278 494 'lto

39 564 135 612 eomes
158 547 257 614 fuerit
278 553 310 614 et
331 554 438 615 vestm
459 549 539 615 mihi
561 549 662 615 oratio
685 568 750 616 non
772 549 922 632 deluerit,
953 567 1033 632 quae
1056 548 1204 631 iussistis,
1223 511 1273 560 θοι

37 661 105 726 dum
140 663 238 728 saluti
270 663 358 730 fuero
387 663 513 750 plenius
542 665 724 748 restitutae,
759 663 975 730 sanctissimae
1004 664 1205 748 paternitatis

36 781 155 844 ratae
179 778 404 866 obtemperabo
426 779 633 862 iussionibus3
657 785 703 862 ut,
726 779 802 846 dum
826 779 889 846 alia
908 779 977 844 vioe
998 778 1050 844 hic
1065 784 1206 846 vestrum

35 893 165 960 missurn
188 894 379 978 direxeritis,
407 915 487 980 quae
508 895 726 982 praecepistis,
749 894 881 981 impleta
903 914 972 961 esse
995 895 1205 980 reperiantur,

34 1015 65 1076 ut
85 1009 208 1095 absque
230 1011 380 1077 tarditate
404 1030 483 1095 quae
505 1011 690 1078 desideratis
715 1010 912 1097 expleantur.

117 1126 368 1194 Transmisimua
391 1127 474 1192 enim
498 1148 555 1213 per
573 1127 750 1213 predictum
766 1132 906 1193 vestrum
920 1125 1131 1213 presbiterum
1148 1125 1206 1192 ali·

34 1247 185 1326 quantum
200 1242 407 1324 cotzumbri·;
424 1242 508 1327 quod
522 1243 685 1310 incensum
701 1242 838 1309 Domino
855 1240 994 1309 offeratis
1010 1241 1206 1328 temporibus

34 1358 196 1424 matutinis
214 1365 247 1424 et
261 1359 460 1445 vespertinis,
485 1359 552 1426 sive
567 1358 642 1425 dum
657 1359 826 1425 missarum
843 1355 1008 1424 celebratis
1024 1357 1204 1438 sollemnia3

33 1474 99 1540 miri
116 1473 227 1540 odoris
247 1479 340 1558 atque
354 1474 569 1558 fraglantiael.
606 1473 669 1540 Sed
685 1480 769 1561 peto,
792 1479 828 1540 ut
843 1473 960 1559 absque
976 1472 1093 1538 iniuria
1107 1473 1206 1538 susci·

34 1590 134 1674 platis,
160 1589 247 1674 quod
269 1610 351 1675 pura
372 1591 503 1656 cariata
526 1590 682 1674 dirigitur.
752 1589 900 1655 Salutans
919 1595 1057 1656 vestram
1073 1588 1206 1654 sanctis·

33 1705 141 1770 simam
166 1706 393 1791 paternitatem
417 1706 450 1772 in
472 1705 626 1790 Domino,
650 1712 683 1772 et
704 1710 740 1770 ut
761 1725 819 1791 pro
842 1703 933 1771 nobis
957 1724 1048 1770 orare
1070 1703 1205 1770 iubentis

34 1819 177 1907 deposco.
213 1820 277 1888 Sed
300 1826 332 1888 et
354 1841 478 1889 omnem
502 1821 676 1905 ecclesiam,
700 1841 782 1905 quae
804 1819 965 1886 vobiscum
990 1825 1048 1903 est,
1071 1840 1128 1906 per
1149 1839 1206 1884 vos

32 1936 142 2021 saluto,
168 1943 201 2003 et
223 1943 260 2003 ut
282 1939 345 2024 ipsi
367 1958 425 2023 pro
448 1958 499 2005 me
522 1943 662 2004 exorent.
702 1935 837 2004 Multum
860 1937 945 2004 enim
967 1935 1052 2002 valet
1073 1934 1205 2020 deprae-

32 2054 109 2119 atio
132 2053 213 2118 iusti
237 2049 395 2119 adsidua’.
431 2052 512 2119 Nam
536 2058 568 2120 et
588 2073 656 2136 ego,
679 2054 754 2119 licet
769 2057 916 2139 peccator
931 2052 1076 2134 existam,
1099 2055 1206 2116 mmen

33 2170 126 2235 uestri
154 2170 343 2235 memoriam
373 2174 445 2235 ante
473 2189 579 2235 sacras
608 2168 821 2236 confessiones
851 2166 1065 2254 apostolorum
1087 2165 1206 2232 iaciens

32 2285 164 2350 oradoni
189 2283 348 2350 incumbo.
428 2283 486 2350 His
510 2285 684 2372 premissis,
708 2290 854 2370 optamus
877 2282 1076 2350 sanctitatem
1099 2287 1205 2368 pater·

33 2401 137 2467 nitatis
167 2404 295 2466 nestrae
321 2401 355 2466 in
379 2399 514 2467 Domino
544 2401 623 2467 bene
646 2399 761 2466 valere.
807 2399 913 2484 Atque
940 2398 974 2464 in
1003 2416 1113 2484 opere,
1144 2417 1205 2483 quo

34 2516 218 2603 adsumptus
243 2536 287 2600 ss,
312 2515 411 2582 multo
435 2515 569 2602 amplius
592 2516 729 2582 fructum
751 2515 826 2582 boni
840 2515 945 2601 operis
961 2513 1117 2600 pullulare
1132 2532 1206 2578 con·

33 2631 116 2700 cedat
130 2637 165 2698 et
182 2631 224 2698 ad
241 2632 470 2698 incrementum
486 2632 657 2718 perducere
672 2631 812 2716 patiatur
827 2629 936 2696 divina
949 2631 1107 2696 maiestas.
1136 2628 1206 2695 Tri-

34 2749 108 2816 nitas
130 2748 276 2814 indivisa
298 2747 497 2815 sanctitatem
514 2753 651 2814 vestram
673 2751 847 2830 conservet,
871 2751 1013 2812 orantem
1029 2766 1087 2832 pro
1103 2743 1203 2810 nobis.

35 2959 89 3028 55.
115 2963 307 3048 Bonifatius
330 2962 498 3026 Danielem
526 2963 707 3048 episcopum
728 2959 958 3026 Viatooieaeem
981 2962 1019 3025 de
1039 2981 1203 3048 peruerse·

113 3101 192 3144 rum
214 3078 411 3142 sacerdotum
434 3081 648 3142 communione
671 3077 814 3142 consulit.
853 3077 937 3141 Petit
943 3123 952 3157 ,
977 3089 1012 3141 ot
1028 3077 1203 3163 propbeta-

112 3217 193 3258 rnm
221 3193 338 3258 librum
365 3217 386 3258 a
409 3193 565 3259 Winterto
593 3193 704 3258 abbate
727 3205 890 3258 exaratum
912 3192 975 3256 eibi
995 3196 1203 3278 imperciatur.

112 3311 260 3376 Munera
281 3311 384 3374 mittit.
425 3309 532 3374 Ocalee
556 3321 682 3395 captum
705 3307 910 3373 consolatura
958 3305 992 3390 (S
1009 3309 1040 3392 3,
1065 3305 1130 3374 WG
1152 3307 1203 3390 12)

111 3443 259 3510 Domino
291 3442 495 3510 dilectissimo
523 3440 667 3508 Danielid
698 3435 863 3526 episeopo'
891 3438 1067 3508 Bonifatius
1095 3461 1238 3508 servuso.
1251 3449 1374 3504 ‘let-746

28 3575 195 3626 serrorum
218 3556 280 3624 Dei
303 3557 474 3645 optabilem
497 3557 531 3624 in
554 3555 679 3624 Christo
703 3555 844 3623 caritatis
868 3555 1011 3622 salutem.

112 3674 323 3741 Consuetudo
347 3673 432 3760 apud
454 3673 598 3740 homines
621 3693 690 3740 esse
713 3673 896 3756 dinoscitur,
921 3691 991 3738 cum
1011 3671 1097 3738 aliis·
1113 3673 1204 3740 triste

91 3885 114 3916 ι.
139 3867 261 3916 cozumbri
278 3870 304 3915 C.
382 3869 404 3914 b.
425 3869 543 3927 damantis
560 3873 594 3925 M,
610 3867 743 3926 fraglantiae
761 3871 786 3916 C.
865 3879 884 3912 c.
904 3884 933 3912 e:
949 3869 978 3912 M
993 3867 1121 3923 'lev-76,
1139 3871 1160 3916 C
1174 3868 1204 3915 57

28 3949 93 4004 -59,
118 3951 145 3998 7
163 3949 262 3995 20-4.
295 3950 426 3995 muta.-
447 3949 503 3996 ltem
524 3949 621 4009 epistole
641 3947 751 3994 Boniiecii
772 3945 940 4004 archiepiscopi
960 3945 989 3990 sd
1010 3946 1126 3994 Danielem
1145 3949 1204 4004 MC,-

27 4027 76 4075 ltem
92 4028 202 4090 epistola
216 4027 329 4074 Bonllscii
345 4027 518 4087 archiepiscopi.
542 4027 645 4088 Epistola
663 4027 723 4072 beati
734 4026 833 4073 Boniiati
850 4026 952 4085 episcopi
972 4027 1005 4080 V,
1021 4043 1041 4072 o.
1054 4043 1125 4086 supra
1139 4045 1164 4086 p.
1176 4029 1204 4072 lt

27 4117 45 4151 a
59 4111 87 4156 18
104 4129 129 4156 a.
143 4113 168 4156 1.
232 4108 255 4154 d.
274 4106 373 4155 Daniele
392 4107 418 4160 V,
436 4124 491 4152 corr.
509 4109 532 4152 ιἰι
547 4105 636 4154 Danieli
656 4109 688 4152 Μ.
751 4120 771 4152 c.
793 4105 844 4152 aliis
861 4109 896 4159 M,
913 4104 952 4150 alii
971 4105 1024 4162 VC,·
1041 4123 1072 4151 aa
1087 4105 1148 4152 illis?

95 4219 120 4268 l.
147 4211 194 4268 Cf.
212 4227 256 4281 ep.
269 4213 304 4266 53
322 4225 350 4279 p.
366 4210 430 4278 155,
453 4208 500 4264 ubi
518 4208 677 4264 Gemmulus
695 4209 790 4263 itidem
808 4208 938 4278 queritur,
957 4223 987 4262 se
1008 4207 1146 4278 ,diversis
1165 4209 1204 4263 in·

28 4297 203 4357 inmitatibus
221 4297 444 4356 secundatum
465 4312 534 4353 esse.
617 4299 643 4354 2.
666 4298 761 4366 laos,
775 4297 818 4351 16.
898 4297 924 4352 3.
948 4295 1133 4366 vintoniensi,
1152 4297 1204 4352 705

30 4392 121 4446 -746,
151 4389 190 4446 V.
208 4404 292 4460 supra
308 4403 337 4458 p.
351 4389 386 4444 61
405 4389 471 4443 nt.
