3144 4852
184 411 255 467 1160

174 484 223 532 lua.
234 485 264 532 24

281 244 347 312 658
485 263 564 310 rrrr
588 263 742 312 saroam
764 261 1027 314 eacmumscorr
1048 264 1245 314 noeunrmr

282 409 314 470 et
336 403 364 470 si
386 403 467 471 forte
489 406 716 492 irrumperent,
741 406 842 490 quod·
865 406 926 474 sibi
948 407 1021 490 luge
1044 405 1217 492 presidium
1239 405 1335 486 foret3
1362 405 1453 489 gani-

282 519 339 586 bus
362 519 457 586 humo
480 518 562 586 fixus
586 526 618 587 et
640 520 729 588 vultu
751 522 995 608 circumquaque
1017 520 1137 588 lumina
1160 526 1295 605 vertens,
1319 523 1348 588 si
1365 522 1452 606 quis·

281 635 367 721 piam
390 657 543 724 prospera
565 636 640 704 belli
662 643 816 722 narraret,
839 637 872 703 in
895 637 995 724 ipsius
1018 636 1188 705 orationisl
1205 637 1385 724 precatibus
1403 642 1452 703 at·

280 752 399 818 tonitus
421 752 653 840 prestolabatur
676 760 708 820 et
730 753 874 840 supplex.

370 867 494 937 Interea
516 868 708 954 Magantini,
739 889 872 954 quorum
901 867 958 934 filii
981 867 1120 952 Mangoti
1147 868 1300 956 produces
1326 869 1360 934 in
1383 874 1453 934 tota
1491 955 1494 963 Ι

282 984 348 1051 acie
371 990 404 1052 et
425 985 530 1072 capita
553 991 656 1068 crant,
689 985 808 1070 passim
830 1005 888 1072 per
910 991 1065 1068 montem,
1096 990 1258 1070 tamquam
1280 1005 1376 1071 vespe
1400 984 1453 1052 vel

280 1101 382 1186 magis
408 1105 444 1169 ut
466 1101 629 1185 demones,
659 1101 789 1168 turcatis
812 1096 976 1168 manibns¹
997 1101 1182 1185 uncatisque
1204 1097 1371 1166 naribus‘²
1395 1120 1452 1184 ga-

278 1216 450 1302 teratisque
472 1212 658 1285 verticibus¹
674 1216 892 1284 efferebantur.
927 1216 972 1283 Et
992 1217 1140 1303 precipiti
1153 1215 1340 1302 liniantiquc
1355 1236 1453 1282 cursu

280 1332 380 1400 ardua
402 1333 518 1400 montis
541 1337 702 1420 captantes
711 1333 733 1417 ⁶,
757 1333 863 1420 capita
885 1353 943 1398 sna
964 1332 1101 1398 infausto
1122 1332 1277 1415 agitantes
1293 1331 1451 1419 auspici03

280 1449 361 1516 daut
395 1449 470 1516 solis
504 1448 560 1515 ab·
590 1453 660 1516 estu
689 1447 868 1516 morticine‘
896 1448 1080 1532 deserteqna
1108 1457 1238 1514 carnes‘
1265 1448 1299 1513 in
1327 1449 1450 1514 saniem

278 1565 387 1631 verse*
401 1565 538 1632 mucore'
553 1564 712 1630 horrentis
734 1565 866 1630 intuitus
889 1585 1013 1630 vermes
1037 1563 1200 1648 ebulliunt,
1224 1564 1269 1630 sic
1290 1563 1369 1649 ipsis
1390 1583 1451 1650 pro

278 1681 399 1748 foribus
422 1681 561 1764 claustri,
585 1701 645 1766 que
668 1681 774 1746 media
790 1679 906 1746 montis
923 1681 1107 1766 respiciunt,
1131 1686 1163 1746 et
1177 1681 1294 1746 circum
1310 1678 1451 1765 undique

278 1817 396 1882 muros,
420 1796 557 1864 efferatis
580 1795 725 1862 dentibus
746 1795 918 1881 rabidoque
934 1816 988 1863 ore
1002 1796 1192 1879 frendentes,
1216 1795 1451 1882 percrebresce-

278 1910 381 1978 bant¹.
421 1912 465 1979 Et
486 1913 541 1979 alii
563 1912 644 1997 telis,
669 1911 797 1996 quidam
819 1911 942 1996 gladiis,
966 1932 1039 1998 pars
1063 1911 1195 1978 arcubus
1217 1911 1380 1998 pugnabat
1401 1918 1451 1978 ab

278 2047 338 2112 qne
361 2027 499 2110 balistis3
527 2027 611 2094 hunc
633 2027 686 2094 ille
709 2027 824 2115 lapide,
848 2027 899 2094 hic
921 2027 1010 2094 illum
1034 2028 1163 2114 cuspide
1185 2027 1299 2095 ictibus
1321 2028 1452 2114 petebat

276 2143 450 2212 horrendis.
487 2143 547 2210 Hic
575 2144 637 2211 diri
664 2144 803 2210 vulneris
834 2144 967 2210 umbone
991 2165 1010 2208 a
1032 2165 1066 2210 se
1089 2143 1291 2231 comparique
1313 2164 1370 2210 suo
1394 2145 1452 2212 de-

276 2258 358 2345 pulit
383 2260 497 2341 ictum;
527 2260 577 2326 hic
608 2260 704 2326 densa
727 2280 839 2328 manus
861 2259 929 2346 pila
950 2265 1060 2326 tenent
1081 2261 1237 2326 minantia
1258 2257 1359 2346 pilis‘.
1395 2261 1450 2326 Et'

275 2375 349 2442 hinc
371 2375 543 2443 barchones
566 2376 734 2461 terrigeri¹n
757 2376 874 2443 lunatis
898 2375 1114 2462 bipennibusr,
1142 2375 1234 2442 indo⁰
1257 2377 1347 2442 tetris
1370 2376 1451 2442 leri·

275 2491 420 2576 gatisque
442 2491 617 2558 manubriis
625 2497 646 2575 ’,
670 2491 841 2577 securibus
865 2492 951 2558 saxis
974 2491 1132 2578 predictas
1148 2491 1268 2575 ingenti
1283 2493 1451 2560 conamine

234 2594 238 2602 ’
276 2607 394 2673 feriunt
416 2612 534 2695 portae.

365 2722 502 2791 Etcum
525 2723 690 2791 interiores
714 2743 830 2808 magna
853 2723 884 2789 vi
907 2723 952 2790 eis
971 2724 1163 2806 resisterent,
1186 2724 1328 2810 ictusque
1343 2725 1377 2790 in
1394 2745 1451 2791 eos

276 2839 495 2925 intorquerent
508 2840 616 2907 uiriles
631 2841 859 2926 redderentque
875 2841 998 2906 tristem
1014 2838 1157 2904 tristibus
1169 2839 1268 2906 vicem
1283 2876 1323 2885 —
1337 2861 1451 2926 quam·

276 2958 326 3022 vie
353 2958 447 3043 pauci
475 2962 506 3022 at
533 2957 686 3042 inermes,
717 2963 748 3022 et
771 2956 1005 3042 comparatione
1028 2955 1060 3021 in
1083 2954 1210 3022 milibus
1234 2975 1312 3022 unus
1335 2976 1452 3044 percu·

277 3073 359 3139 tiens
375 3079 602 3160 -postquam
625 3072 664 3139 de
686 3072 817 3139 meridie
840 3071 1004 3156 adipeam
1027 3091 1108 3157 pene
1131 3072 1350 3158 vespertinalis
1370 3072 1451 3140 hore

277 3189 414 3256 sinaxim
449 3209 522 3255 sevo
551 3187 652 3255 Marte
681 3193 746 3254 tam
775 3188 899 3254 modica
926 3207 1040 3252 manus
1068 3207 1138 3253 cum
1166 3192 1255 3254 tanta
1282 3185 1450 3254 turbarum

277 3304 474 3372 dimicasset*
497 3305 688 3391 frequentia,
718 3310 749 3370 et
776 3303 897 3390 lapides
924 3302 990 3369 tela
1017 3303 1123 3370 velud'
1145 3303 1252 3390 pluvie
1279 3309 1386 3388 guttas
1414 3306 1452 3372 in

277 3421 364 3507 ipsos
386 3422 557 3505 ingereret,
585 3425 618 3486 et
639 3419 759 3486 nullum
785 3419 885 3486 adhuc
906 3419 1012 3485 hostes
1035 3419 1095 3486 Dei
1118 3421 1156 3487 da
1179 3419 1342 3507 ponderis·
1365 3421 1451 3487 tanti

271 3537 461 3639 ‘masmine‘
490 3536 597 3624 adepti
629 3535 764 3603 fuissent
797 3535 1009 3624 triumphum
1044 3555 1107 3602 non
1137 3537 1207 3622 paci
1234 3537 1451 3624 imperatoris,

349 3693 370 3724 a
392 3677 447 3738 quid
464 3679 485 3724 1.
565 3677 588 3724 b.
608 3677 666 3739 ipsis
683 3677 826 3724 oracionibus
843 3680 864 3724 1.
945 3691 965 3724 c.
984 3678 1078 3724 nasibus
1094 3680 1121 3738 1,
1141 3677 1234 3726 neribus
1250 3681 1272 3725 2.
1351 3676 1374 3726 d.
1393 3693 1451 3740 np-

276 3761 352 3805 tantes
368 3760 390 3815 1,
407 3759 429 3804 2.
492 3771 512 3803 e.
532 3757 613 3804 subl.
676 3757 692 3804 i.
713 3757 841 3804 morticinia
859 3760 879 3802 1.
942 3771 963 3816 g.
985 3757 1092 3803 carnisl.
1154 3757 1177 3804 h.
1199 3771 1265 3804 verso
1277 3759 1298 3804 1.
1360 3758 1377 3804 i.
1397 3773 1451 3805 mn-

277 3853 341 3886 sscre
358 3839 380 3887 1.
441 3836 465 3884 k.
485 3835 684 3897 percrebrescebat
696 3838 717 3892 1,
732 3834 936 3897 percrebescebsnt
949 3837 971 3882 2.
1033 3835 1048 3882 Ι.
1069 3835 1101 3882 Ex
1114 3839 1168 3894 1,a.
1230 3851 1260 3883 m.
1282 3855 1312 3882 aa
1327 3839 1452 3896 gardam

276 3919 391 3968 ararem
460 3917 685 3978 stipamine.
756 3929 777 3962 0.
798 3915 851 3962 nes
867 3917 1044 3976 ,catapan
1060 3918 1082 3973 1,
1099 3917 1121 3962 a
1190 3929 1214 3977 p.
1235 3899 1407 3996 saepe-eu.
1426 3921 1452 3968 1.

277 4011 300 4060 q.
321 3997 453 4046 dimicasset
469 4000 490 4044 1.
552 4011 570 4043 r.
591 3995 627 4042 vel
643 3998 668 4042 ut
684 3997 706 4042 2.
769 4008 788 4042 s.
808 3994 908 4054 pondere
925 3996 947 4041 2.
1009 3997 1027 4042 t.
1048 3995 1177 4042 certaminis
1194 3998 1216 4053 1,
1233 3997 1255 4043 2.

349 4104 373 4158 1.
397 4099 523 4157 manibus
534 4097 626 4156 furcas
637 4097 803 4156 tenentibus.
875 4100 900 4153 2.
925 4098 1036 4154 naribus
1049 4115 1179 4156 uncorum
1192 4100 1313 4170 tegmine
1326 4101 1452 4160 munitis

277 4193 303 4247 3.
327 4189 464 4261 capitibus
481 4187 592 4245 frixoria
610 4205 632 4244 a.
651 4188 803 4257 sartagines
820 4184 980 4244 ferentibus.
1007 4186 1049 4244 Ol.
1064 4187 1245 4244 Dieffenbaoh
1262 4189 1451 4248 Glossarium:

279 4277 468 4348 ,Gefrarium
491 4275 670 4350 watelysen“.
764 4279 791 4331 4.
815 4275 856 4333 Cf.
875 4277 978 4334 Lucani
995 4277 1116 4332 Pharsl
1134 4280 1164 4333 l:
1189 4285 1240 4350 ,et
1261 4280 1318 4348 pila
1340 4279 1450 4336 minan·

276 4367 318 4421 tia
334 4367 427 4436 pilis“.
