3090 4848
216 420 269 474 745

185 491 247 551 (Oct.
256 490 295 550 31)

248 3091 302 3145 745

247 3163 298 3211 Oct.

315 253 380 320 154
540 273 567 318 e.
583 272 759 320 sosrrsrn
783 273 827 318 nr
849 272 952 318 nuum
974 271 1258 318 crotonenses

313 413 412 480 frater
440 418 548 479 noster
577 418 609 480 et
638 413 668 480 ei
697 415 730 479 in
759 413 905 480 omnibus
935 413 1137 480 oboedientes
1165 411 1368 494 exstiteritis,
1398 409 1486 476 nulla

314 548 392 613 gens
415 535 488 596 ante
511 535 651 595 vestrum
675 534 878 614 conspectum
901 529 1007 614 stabit
1031 529 1086 595 sed
1109 535 1255 595 corruent
1277 532 1350 594 ante
1371 527 1485 593 faciem

314 651 454 711 veebum
478 665 586 711 omnes
614 664 758 731 paganae
786 649 909 729 gentes,
940 645 1087 712 eteritis
1115 645 1267 726 victores3
1295 645 1427 729 insuper
1454 647 1488 708 et

316 761 395 828 bene
419 767 547 845 agentes
569 761 669 827 uitam
692 766 854 828 aeternam
875 761 1088 847 possidebitis.

405 877 468 944 Vos
492 881 608 960 autem,
632 877 793 942 karissimi
815 877 939 960 batres,
963 878 1017 962 qui
1040 879 1116 944 estis
1138 877 1206 942 veri
1229 875 1410 944 sacerdotes
1435 873 1489 940 rel

315 993 373 1060 sub
402 993 540 1077 regulari
567 992 735 1079 disciplina
756 993 934 1076 constituti,
964 993 1010 1060 sic
1032 993 1262 1080 vosmetipsos
1284 991 1431 1058 exhibete
1451 996 1490 1055 ut

315 1115 400 1176 certe
416 1109 477 1176 Dei
499 1105 679 1175 ministros¹
700 1114 732 1175 et
754 1109 987 1194 dispensatores
1009 1109 1249 1196 mysteriorum·
1265 1107 1340 1190 Dei3
1364 1113 1490 1172 utnon

315 1225 512 1313 vituperetur
544 1224 775 1291 ministeriuml
804 1221 992 1310 vestrum⁸²,
1026 1245 1067 1291 nc
1099 1223 1157 1292 fiat
1183 1224 1217 1290 in
1246 1223 1349 1306 vobis,
1383 1222 1489 1307 qnodd

316 1342 469 1426 scriptum
494 1347 557 1407 est:
580 1343 655 1408 hirst
677 1345 758 1407 ebat
774 1344 915 1429 populeae
937 1345 983 1407 sic
1003 1335 1175 1406 eaeord0e⁸.
1207 1339 1292 1406 Etsi
1307 1338 1489 1423 hocfuerit,

318 1457 420 1542 qualis
442 1456 532 1522 vobis
555 1456 617 1522 erit
639 1457 678 1522 sb
701 1456 882 1524 hominibus
904 1457 989 1541 laus,
1021 1463 1076 1524 aut
1098 1456 1200 1541 qualis
1222 1477 1243 1521 a
1264 1454 1331 1522 Deo
1356 1473 1490 1540 exspec-

316 1578 403 1641 tatur
435 1571 625 1639 retributio?
661 1571 723 1638 Sed
752 1574 798 1638 sic
826 1594 882 1639 voe
912 1573 1060 1657 corrigite
1087 1579 1123 1638 ut
1149 1573 1217 1639 veri
1245 1569 1426 1638 sacerdotes
1457 1574 1491 1636 et

316 1688 397 1756 tales
421 1689 461 1754 sd
484 1687 695 1754 sacerdotium
716 1689 892 1775 producite,
915 1695 952 1755 ut
974 1695 1006 1756 et
1028 1689 1118 1756 vobis
1141 1693 1172 1756 et
1193 1687 1257 1753 illis
1272 1687 1491 1754 testimonium

317 1809 445 1870 maneat
467 1803 584 1870 bonum
607 1803 647 1870 ab
670 1803 735 1888 his,
760 1805 814 1889 qui
837 1805 915 1872 foris
938 1801 1043 1886 sunt⁴3
1069 1808 1223 1889 quatenus
1247 1803 1286 1870 ab
1307 1801 1491 1868 hominibus

317 1921 405 1987 vobis
430 1919 604 2005 adquiratis
624 1919 761 2003 laudem,
785 1925 817 1987 et
835 1920 936 1987 aDeo
952 1920 1105 1987 mercedis
1119 1920 1296 2007 praemium
1310 1919 1346 1986 in
1359 1924 1493 1985 aeterna

317 2035 511 2103 beatitudine
538 2035 701 2122 percipere
728 2037 928 2120 mercamini,
960 2057 995 2103 eo
1026 2036 1108 2121 quod
1136 2055 1194 2122 per
1222 2055 1277 2102 ros
1307 2034 1347 2102 ad
1369 2033 1493 2100 Christi

317 2152 462 2239 perducti
484 2156 558 2218 sunt
579 2157 698 2219 rectam
720 2151 831 2236 fidem,
859 2152 1007 2218 innoxios
1031 2151 1181 2218 babentes
1203 2151 1390 2217 sacerdotes.
1436 2151 1492 2216 Ad

318 2267 473 2354 synodum
510 2287 647 2353 namque
674 2269 761 2334 omni
791 2288 873 2335 anno
903 2268 1067 2335 eonvenite
1095 2267 1141 2348 ad
1163 2265 1422 2354 pertractandum
1451 2267 1494 2332 de

318 2384 439 2450 unitate
462 2381 646 2464 eecclesiae3
671 2389 704 2450 et
725 2385 753 2450 si
776 2384 851 2470 quid
875 2384 1000 2451 adversi
1023 2383 1181 2467 acciderit,
1204 2381 1354 2449 radicitus
1376 2402 1494 2468 ampu-

318 2505 412 2584 tetur,
437 2504 469 2565 et
490 2498 552 2565 Dei
575 2499 728 2566 aeeclesia
750 2505 877 2566 maneat
898 2501 1095 2566 inconeussa.
1142 2498 1227 2566 Bene
1249 2498 1360 2565 valete

321 2711 381 2782 53.
409 2711 589 2781 Germaniae
611 2714 763 2778 diocense
788 2715 950 2778 Romanus
973 2713 1142 2799 Boop‘ote'o
1165 2716 1204 2780 de
1225 2716 1346 2800 synodo
1367 2713 1496 2779 Roseae

403 2842 536 2916 peracto
558 2830 722 2915 eipoificat.
759 2829 802 2896 Se
823 2831 1049 2895 monachorum
1072 2833 1356 2897 commemorante
1378 2854 1495 2896 euram

407 2946 587 3010 babituram
611 2967 683 3010 esee.
722 2947 859 3010 Munera
881 2948 1001 3012 uestiti
1105 2944 1140 3026 (S
1160 2947 1232 3030 148,
1256 2943 1295 3012 W
1311 2948 1364 3029 68,
1388 2943 1494 3026 Ges)

409 3077 544 3143 Domino
568 3077 766 3144 sanctissimo
790 3078 1065 3165 apostolorumque
1087 3079 1209 3146 meritis
1232 3079 1377 3146 decorato
1392 3077 1495 3146 Boni·

319 3192 396 3259 fatio
425 3192 661 3279 archiepiscopo
685 3191 867 3260 Gemmulus
896 3193 1044 3278 indiguus
1073 3195 1223 3292 diaeonus
1251 3199 1378 3262 sanctae
1404 3195 1495 3262 sedis

319 3307 518 3395 apostolieae.

410 3421 548 3489 Summis
577 3428 609 3488 et
629 3422 697 3490 Deo
721 3423 908 3491 amabilibus
932 3427 1073 3512 apicibus
1097 3428 1249 3513 acceptis,
1279 3445 1350 3492 curn
1372 3445 1495 3510 magno

320 3544 352 3608 et
375 3539 476 3623 omni,
505 3554 565 3624 qno
589 3540 751 3624 condecet,
778 3540 896 3606 honore
919 3547 950 3608 et
972 3542 1173 3609 veneratione
1196 3541 1302 3625 relegi.
1348 3541 1392 3608 Et
1415 3544 1497 3627 quia

320 3659 394 3742 post
416 3660 464 3720 tot
485 3660 629 3741 tempore
650 3657 752 3722 merui
775 3676 814 3722 ex
837 3657 950 3723 vestris
973 3657 1103 3744 syllabis
1124 3658 1257 3742 visitari,
1280 3658 1497 3744 omnipotenti

320 3771 387 3837 Deo
410 3775 517 3837 nostro
540 3771 658 3854 gratias
682 3772 741 3856 egi,
767 3772 820 3855 qui
835 3791 896 3855 me,
919 3772 1081 3856 indignum
1099 3773 1251 3840 famulum
1266 3793 1369 3858 suum,
1392 3775 1496 3841 etiam

320 3887 359 3954 de
382 3891 487 3954 vestra
508 3886 670 3954 letificavit
691 3888 914 3954 incolomitate.
954 3888 1052 3972 Igitur
1074 3890 1190 3973 omnia,
1214 3909 1295 3975 quae
1316 3889 1408 3956 nobis
1432 3912 1497 3977 per

391 4035 412 4066 a.
433 4019 608 4066 ministeriorum
625 4024 660 4067 M.
741 4021 764 4068 b.
786 4022 942 4081 minysterium
959 4026 993 4070 M.
1072 4037 1091 4070 c.
1111 4026 1213 4070 nostum
1231 4027 1265 4069 M.
1342 4023 1366 4069 d.
1386 4025 1448 4070 sicut
1467 4029 1496 4074 C.

320 4117 340 4148 e.
361 4119 389 4146 ex
408 4104 435 4148 M
449 4101 594 4155 tto—tto,
612 4102 677 4149 048
688 4103 754 4148 -49,
778 4103 832 4149 Sine
848 4104 950 4147 ὶωιηιαιι
967 4105 1006 4157 Μ,·
1023 4101 1127 4162 Epistola
1143 4102 1253 4150 Gemmuli
1269 4101 1358 4150 dissoni
1374 4103 1406 4150 ad
1422 4104 1496 4152 Boni·

317 4181 397 4228 iatium
412 4180 607 4240 archiepiscopum
624 4183 649 4228 C.

391 4276 415 4329 1.
439 4275 473 4330 v.
493 4276 509 4328 2
529 4273 649 4329 ments.
669 4275 694 4344 c,
712 4275 738 4329 4.
828 4277 854 4330 2.
877 4275 912 4332 v.
931 4277 948 4330 s
967 4275 1087 4332 cosnec
1107 4277 1134 4350 c,
1151 4278 1177 4332 a.
1267 4278 1292 4332 a.
1316 4277 1379 4332 su.
1400 4279 1446 4350 ss,
1467 4283 1495 4336 s.

318 4365 345 4419 4.
369 4364 383 4420 1
397 4361 515 4419 Timoth.
528 4364 553 4433 3,
567 4363 592 4416 7.
