3142 4848
361 308 389 354 s.
406 307 582 355 normann
603 309 647 354 su
669 309 771 356 nunni
793 309 980 358 nrmrenan
1006 311 1018 356 r
1231 295 1274 360 25

107 449 189 516 tibus
203 469 261 534 per
275 448 505 516 Domnoniam·
521 449 779 518 conversantibus
794 449 984 538 Althelmus,
1005 454 1074 520 siue
1088 451 1275 520 meritorum
1293 461 1434 516 cuc-iffi

106 566 305 652 prerogativa
321 560 462 632 abbatis¹
476 563 578 632 offimo
593 565 730 651 functus,
746 565 917 653 optabilem
931 567 966 635 in
977 567 1113 636 Domino
1129 568 1273 638 salutem

192 681 302 768 Nuper
330 701 401 748 curn
425 701 528 748 essem
549 682 583 748 in
606 681 737 750 concilio
760 683 979 770 episcoporum
1002 719 1047 730 -
1068 684 1123 752 ubi
1146 704 1186 752 ex
1208 691 1277 754 tota

104 818 184 884 pene
205 797 366 865 Brittania
385 797 626 865 innumerabilis
648 797 709 865 Dei
738 799 936 866 sacerdotum
964 804 1092 867 caterva
1113 799 1274 886 confluxit

105 914 142 980 ad
163 913 226 980 hoc
246 913 417 1000 presertim
446 919 652 999 congregate,
680 920 717 981 ut
743 935 801 1002 pro
832 913 1035 982 ecclesiarum
1063 916 1275 985 sollicitudine

103 1035 133 1096 ct
155 1030 337 1096 animarum
360 1029 462 1098 salute
484 1029 524 1096 ab
547 1029 693 1097 omnibus
712 1030 838 1098 decreta
852 1051 1008 1099 canonum
1023 1039 1055 1100 et
1069 1039 1195 1120 patrum
1210 1038 1275 1100 ata·

102 1150 168 1212 tuta
190 1151 407 1212 metarentur
430 1151 462 1213 et
483 1147 518 1212 in
541 1166 716 1230 commune,
740 1145 864 1214 Christo
879 1149 1089 1236 patrocinium
1103 1153 1274 1236 prestante,

101 1267 382 1344 conscrrcrcntnr;
405 1261 455 1328 his
477 1262 575 1345 igitur
596 1263 657 1329 rite
672 1263 809 1350 peractis
826 1299 867 1310 -
884 1283 976 1332 omne
992 1265 1186 1332 sacerdotale
1201 1285 1275 1332 con-

101 1377 207 1444 cilium
230 1377 356 1444 rocaml
379 1379 570 1464 parvitatem
592 1377 662 1465 pari
685 1383 833 1465 precepto
857 1385 889 1446 et
910 1380 1007 1448 simili
1029 1382 1187 1450 sententia
1201 1401 1275 1450 oon·

100 1493 267 1580 putarunt:
292 1499 329 1559 ut
351 1493 392 1560 ad
414 1499 517 1562 restra
540 1494 668 1581 pietatis
687 1496 881 1580 presentiam
896 1496 1083 1583 epistulares
1098 1497 1275 1566 litterarum

100 1611 205 1696 apices
242 1609 419 1693 diregerem
449 1615 481 1676 et
509 1629 618 1678 eorum
646 1615 812 1696 paternam
840 1611 1026 1698 petitionem
1055 1612 1275 1700 salubremque

99 1727 337 1810 suggestionem
359 1745 418 1811 per
440 1726 577 1813 scriptae
595 1725 703 1792 stilum
718 1725 911 1812 intimarem,
934 1728 994 1796 hoc
1008 1737 1057 1798 est
1071 1730 1110 1798 de
1125 1729 1275 1797 ecclcsiae

99 1841 274 1909 catholicae
298 1841 420 1910 unitate
442 1847 474 1910 et
495 1841 666 1910 christiane
680 1842 848 1926 relegionis
870 1845 1047 1930 concordia,
1070 1846 1139 1914 sine
1162 1846 1275 1932 quibus

1 1973 2 2038 p
97 1955 176 2024 fides
199 1959 306 2024 otiosa
327 1958 479 2044 torpescit
502 1963 534 2026 ot
555 1977 676 2026 merces
698 1958 806 2026 tuturo
824 1960 959 2028 faumit.
995 1961 1077 2040 Quid
1096 1963 1181 2029 enim
1200 1981 1275 2049 pro·

1 2114 2 2174 p
97 2079 175 2140 sunt
194 2073 353 2140 bonorum
376 2095 507 2160 operum
530 2073 768 2159 emolumenta,
792 2076 820 2142 si
843 2082 934 2144 extra
952 2076 1139 2144 catholicam
1162 2097 1275 2162 geran-

96 2195 151 2256 tur
182 2189 364 2276 ecclesiam,
398 2191 522 2258 etiamsi
551 2191 665 2277 aliquis
694 2189 849 2259 actualem
877 2193 999 2278 rigidae
1027 2193 1275 2262 conversationis

1 2363 2 2372 ,
95 2307 245 2392 regulam
273 2306 333 2374 sub
366 2307 534 2394 disciplina
567 2306 710 2374 coenubii
741 2305 884 2376 sollerter
912 2316 1058 2378 exerceat
1091 2315 1147 2376 aut
1180 2315 1274 2394 certe,

1 2489 2 2518 ξ
95 2427 288 2490 cunctorum
309 2423 490 2490 mortalium
514 2424 719 2492 contubernia
742 2423 918 2509 declinans,
940 2425 975 2492 in
998 2425 1144 2512 squalida
1165 2425 1275 2494 solitu·

1 2597 2 2638 .
95 2539 176 2606 dinc
199 2544 350 2623 remotus,
373 2539 650 2626 contemplativam
674 2540 900 2608 anachoreseos
923 2547 1055 2627 peragat
1069 2541 1176 2610 vitam.
1213 2542 1274 2626 lgi-

1 2677 2 2684 ¹
94 2661 163 2739 tur,
190 2661 226 2722 ut
248 2655 363 2724 certius
385 2660 493 2723 vestra
513 2657 670 2741 sagacitas
689 2657 939 2724 animadvertere
959 2661 1064 2742 queat,
1087 2678 1145 2745 pro
1161 2658 1275 2743 quibus

1 2799 2 2802 ¹
94 2771 207 2839 causis
228 2791 301 2838 msa
321 2771 522 2840 mediocritas
545 2773 665 2860 scripta
683 2773 844 2858 direxerit,
867 2771 1077 2858 conpendiose
1092 2779 1124 2842 et
1137 2773 1275 2842 breviter

1 2923 2 2958 ;
96 2886 304 2956 enucleabc‘.

192 3003 346 3071 Auditum
368 3023 505 3090 namque
528 3009 560 3072 et
575 3004 708 3072 diversis
724 3023 887 3072 rumorum
901 3003 1069 3072 relatibus·
1089 3010 1272 3094 conpertum

94 3119 193 3188 nobis
216 3125 280 3186 est:
305 3119 389 3205 quod
411 3121 590 3188 sacerdotes
605 3122 703 3190 vestri
717 3121 751 3187 in
767 3119 938 3188 catholicae
952 3119 1028 3188 fidei
1041 3121 1150 3204 regule
1164 3141 1275 3190 secun·

1 3253 2 3260 ¹
95 3237 177 3304 dum
193 3235 370 3322 scripturae
384 3242 535 3323 precepta
556 3237 685 3304 minime
700 3237 900 3320 concordent
924 3241 956 3302 et
970 3256 1027 3323 per
1043 3256 1151 3305 eorum
1166 3237 1275 3305 simul·

1 3365 2 3374 ’
94 3359 183 3420 tates
205 3359 239 3418 et
266 3371 389 3439 pugnas
416 3352 584 3420 vorborum
612 3354 646 3420 in
675 3353 807 3420 ecelesia
829 3351 947 3418 Christi
977 3373 1072 3436 grave
1100 3353 1217 3420 scisma
1244 3359 1276 3421 et

1 3503 2 3566 p
95 3468 226 3537 crudele
250 3467 433 3536 scandalum
461 3475 618 3536 nascatur.
710 3468 798 3547 Quod
825 3467 1019 3554 psalmigrafi
1042 3470 1200 3538 sententia
1221 3469 1275 3537 de-

1 3633 2 3638 η
94 3589 235 3654 testatur
259 3584 381 3652 dicens:
405 3586 480 3650 Pac
502 3586 602 3652 melea
625 3586 827 3672 dilipcaaidue
849 3609 961 3652 nomen
981 3599 1079 3668 taam,
1104 3599 1132 3653 et
1151 3609 1216 3652 oce
1231 3599 1276 3652 eet

93 3708 129 3769 ia
158 3703 228 3768 illie
258 3695 472 3766 sceodalraa’.
524 3699 638 3768 Pacem
674 3701 792 3788 quippe
820 3700 988 3785 relegionis
1022 3701 1077 3788 pia
1108 3700 1275 3769 concordie

94 3817 238 3906 copulat,
262 3817 346 3884 sicut
369 3816 533 3884 cadmum
556 3816 627 3882 dira
648 3817 808 3884 contentio
832 3817 1034 3884 contaminet.
1072 3817 1155 3884 Nam
1169 3817 1274 3884 unita

94 3941 158 4002 tem
184 3933 397 4001 fraternitatis
420 3936 524 4000 rectae
546 3931 620 3999 fidei
642 3937 814 4000 sectatores
843 3933 1009 4019 psalmista
1036 3934 1197 4016 hortatur,
1225 3932 1274 3998 in·

95 4053 225 4138 quiens:
255 4051 363 4132 Dera,
391 4053 449 4136 qai
470 4050 612 4116 deddcre
625 4050 719 4135 facit¹
735 4047 915 4116 unanimae*
938 4053 973 4115 ie
996 4043 1117 4116 demo⁸.
1152 4048 1274 4116 Domus

168 4243 190 4276 ι
205 4228 337 4276 Domnouia
350 4229 377 4276 V.
446 4225 468 4272 b.
484 4239 559 4273 mcum
572 4227 598 4272 V.
666 4240 686 4274 c.
702 4226 891 4274 emolamentaV.
955 4227 978 4274 d.
995 4226 1140 4273 eucleaboV.
1202 4240 1222 4274 e.
1239 4239 1274 4273 rc·

97 4310 179 4358 uam
196 4311 225 4358 ν.
307 4307 385 4356 nun
401 4305 488 4354 cumas
506 4307 534 4354 r.

168 4417 192 4470 1.
213 4410 479 4470 numerauimus.
569 4411 594 4467 a.
618 4409 663 4466 es.
677 4410 738 4482 118,
752 4411 812 4466 res.
902 4411 927 4466 0.
952 4407 993 4465 cr.
1012 4409 1057 4466 ns.
1071 4409 1114 4478 cr,
1128 4410 1152 4464 r.
