3144 4852
363 253 559 302 9111911911
582 255 781 304 cnaourcou
805 255 1040 306 uocuurruuu
1217 242 1282 308 699

113 414 173 480 per
194 396 440 480 asportationem
463 394 632 462 subtracta
723 397 919 464 Venerabilis
943 404 1047 464 autem
1069 400 1210 483 pontifex
1226 400 1282 466 do·

112 511 217 576 minus
241 509 403 578 Conradns
425 531 539 578 novam
561 513 744 580 monasterii
767 513 919 579 fabricam
942 513 1116 598 inchoavit,
1140 515 1197 580 sed
1218 536 1282 582 non

112 628 352 692 consummavit
441 627 478 694 In
505 627 554 694 his
582 627 726 694 omnibns
749 647 808 694 nec
830 627 932 694 clerus
956 649 975 694 a
997 631 1062 694 suis
1086 649 1121 697 ee
1142 629 1281 698 lasciviis

112 743 303 828 temperavit
324 761 383 810 nec
404 740 476 808 laici
500 763 519 808 a
541 763 600 810 sna
621 743 744 810 malitia
766 743 971 829 respirarnnt.

200 856 276 924 Post
297 877 414 944 pancos
438 878 537 924 annos
560 865 687 941 ventus,
711 859 839 925 veniens
864 858 903 924 ab
926 859 1104 943 occidente,
1128 861 1281 946 pinnacu-

111 972 178 1040 lum
200 973 311 1060 tempii
333 973 454 1041 deiecit
488 973 569 1041 Erat
590 980 696 1041 autem
718 974 857 1057 ligneum
873 981 904 1040 99
919 995 1014 1062 super
1030 975 1183 1043 ciborium
1200 977 1282 1042 anti-

112 1109 208 1174 quum
232 1088 428 1159 collocatum.
458 1089 536 1156 Cum
560 1097 648 1158 tanto
667 1094 773 1156 autem
787 1090 956 1176 impetnjn
971 1090 1076 1177 ipsam
1091 1097 1282 1160 structuram

111 1211 224 1272 ventus
247 1205 341 1272 irruit
363 1205 523 1288 occidens,
546 1210 583 1272 ut
605 1206 755 1290 quasdam
780 1204 884 1272 9191199
907 1206 940 1270 in
963 1205 1108 1274 Rhenum
1130 1209 1281 1291 mitteret,

111 1320 263 1406 quasdam
298 1320 382 1388 ultra
409 1320 550 1387 Rhenum
590 1321 630 1386 ad
660 1320 782 1387 miliare
811 1321 902 1388 iuxta
930 1321 1039 1389 villam
1067 1323 1219 1390 Hocheim
1247 1325 1281 1390 in

112 1457 184 1503 aare
213 1436 401 1521 deportaret
444 1435 662 1502 Certissimum
691 1457 711 1501 a
739 1435 845 1502 multis
874 1437 1068 1520 famabatur,
1105 1439 1189 1523 quod
1216 1460 1280 1506 nou

112 1557 223 1619 ventus
252 1551 308 1618 sed
334 1551 477 1618 diabolus
505 1552 563 1619 hoc
584 1553 719 1618 fecisset.
755 1551 856 1618 Erant
878 1552 960 1618 enim
985 1553 1091 1620 9191199
1115 1556 1282 1639 quercinae

111 1674 143 1734 99
173 1668 323 1750 abiegnae
347 1669 532 1752 quantitatis
555 1667 656 1752 illius,
686 1689 765 1752 quae
789 1666 822 1732 in
845 1667 1053 1736 torcularibus
1076 1668 1180 1736 solent
1201 1689 1278 1738 csse.

109 1784 178 1867 Ego
206 1803 326 1850 memor
353 1805 423 1849 sum
451 1783 536 1850 istud
565 1783 710 1849 ultimum
740 1783 899 1850 accidisse.
991 1783 1026 1849 In
1055 1785 1200 1852 omnibus
1230 1787 1279 1852 his

111 1920 173 1966 non
198 1905 246 1966 est
269 1919 380 1966 aversa
402 1901 451 1966 ira
473 1898 612 1982 Domini,
636 1899 691 1964 sed
715 1899 816 1964 adhuc
838 1917 951 1966 manus
974 1899 1042 1966 eius
1066 1905 1194 1968 extenta
1203 1897 1221 1968 ¹.

199 2014 276 2080 Post
301 2015 380 2082 haec
406 2016 467 2080 iter
493 2016 612 2100 coepit·
635 2014 719 2080 idem
742 2013 995 2101 archiepiscopus
1018 2017 1225 2083 transfretare
1248 2025 1366 2085 991197

109 2132 147 2198 de
176 2130 320 2198 manibus
344 2130 587 2198 Sarracenorum
617 2131 739 2216 eripere
759 2136 878 2196 terram
902 2137 1044 2198 sanctam
1071 2137 1164 2217 atque
1186 2135 1278 2200 resti·
1309 2103 1354 2148 ω’

109 2253 198 2314 91919
220 2247 319 2313 cultui
340 2246 520 2314 christiano.
557 2246 597 2312 Se
619 2248 723 2331 ipsum
747 2250 780 2312 99
797 2244 875 2312 alios
891 2245 1006 2312 multos
1023 2267 1114 2314 cruce
1129 2249 1275 2333 signavit,

109 2383 196 2429 mare
224 2362 387 2445 transivit,
416 2362 482 2428 fere
510 2361 611 2428 tribus
639 2361 730 2428 annis
754 2361 893 2428 militans
917 2361 1054 2430 Domino
1076 2365 1109 2430 in
1133 2364 1276 2450 partibus

107 2478 336 2546 transmarinis.
427 2477 519 2544 Circa
545 2477 640 2543 finem
664 2477 738 2542 anni
760 2474 863 2542 tertii'
886 2477 1039 2546 Henricns
1062 2481 1195 2548 moritur
1217 2481 1276 2546 im·
1293 2494 1395 2555 espace

108 2600 244 2681 perator.
279 2593 359 2676 Heu,
382 2592 459 2660 heui
490 2593 556 2660 Vas
578 2600 689 2660 terrae.
778 2593 827 2658 De
850 2594 993 2680 partibus
1016 2594 1275 2682 Hierosolymita-

106 2711 157 2776 nis
185 2710 268 2776 redit
294 2709 562 2796 archiepiscopus,
591 2714 708 2774 terram
731 2709 849 2794 reperit
872 2709 1045 2776 desolatam
1067 2711 1220 2778 incendiis
1245 2718 1362 2778 991199

106 2826 237 2912 rapinis.
271 2825 433 2910 Nusquam
456 2825 550 2906 enim,
574 2823 706 2890 1111191
730 2844 793 2889 191
817 2831 865 2890 999
879 2825 1070 2907 gubernator
1086 2825 1135 2892 191
1152 2833 1273 2912 potens,

107 2962 170 3008 non
193 2947 339 3027 potesta
361 2938 477 3027 populo
500 2959 563 3024 pax
587 2939 704 3006 haberi.
738 2939 945 3006 Desideratur
969 2940 1008 3008 ah
1031 2941 1175 3008 omnihus
1193 2941 1274 3008 Ocn-

105 3057 175 3124 radi
199 3057 424 3144 archiepiscopi
449 3054 611 3122 adventus.
650 3053 693 3120 Et
716 3074 785 3120 ecce
809 3055 895 3120 venit
917 3056 1128 3141 desideratus,
1156 3064 1188 3124 et
1211 3064 1274 3124 ter-

105 3194 175 3240 ram
198 3173 318 3239 invenit
338 3172 463 3258 proeliis
480 3177 512 3237 99
526 3171 677 3236 incendiis
694 3169 920 3237 conturbatam.
960 3171 1173 3257 Studehatque
1188 3175 1272 3240 omni

105 3289 260 3356 desiderio
283 3309 392 3375 pacem
415 3289 507 3354 terris
531 3292 562 3354 et
584 3287 719 3370 quictem
742 3289 923 3374 provinciae
939 3289 1121 3355 reformare.
1156 3288 1199 3356 Et
1214 3289 1273 3357 hoc

104 3405 245 3488 fecisset,
275 3405 302 3470 si
330 3405 440 3470 mortis
468 3402 607 3470 debitum
630 3423 692 3468 non
717 3403 871 3470 solvisset.
907 3402 1004 3470 Gravi
1027 3406 1112 3472 enim
1135 3407 1271 3488 aegritu-

104 3521 178 3587 dine
200 3520 349 3604 fatigatus
373 3520 437 3586 est*
455 3526 495 3602 et,
519 3539 589 3585 cum
613 3519 652 3586 dc
675 3519 781 3585 disin
804 3519 887 3584 diem
910 3539 944 3584 se
967 3519 1182 3588 convalescere
1200 3544 1270 3608 spe

103 3641 199 3720 rarat,
222 3637 324 3704 subito
353 3641 384 3703 99
405 3637 567 3722 insperata
589 3641 688 3701 morte
710 3640 910 3720 praeventus,
939 3634 1007 3702 Deo
1031 3636 1177 3723 spiritum
1199 3638 1360 3704 red-1200

103 3751 183 3820 didit
208 3755 302 3818 1200.

192 3867 311 3936 Audita
343 3873 445 3934 morte
473 3866 716 3953 archiepiscopi,
751 3867 815 3933 dux
843 3861 1006 3950 Bavarie⁸,
1036 3865 1119 3934 filius
1145 3865 1271 3934 fratris*

104 3984 182 4068 9119,
211 4003 336 4050 omnem
359 3983 541 4048 thesaurum
564 3989 596 4048 99
618 3988 774 4066 ornatum,
798 4002 890 4067 quem
913 3984 948 4050 in
970 3981 1085 4050 casulis
1109 3988 1141 4048 et
1161 3983 1269 4049 infulis

174 4166 195 4199 a.
216 4152 271 4198 Post
286 4151 342 4198 haec
358 4153 401 4198 iter
417 4151 556 4210 9991119119,Ι
573 4169 603 4198 nn
619 4151 674 4198 Post
689 4151 746 4198 hoec
762 4153 785 4198 in
801 4165 826 4198 se
842 4151 917 4210 cepit?
994 4151 1016 4198 h.
1038 4153 1074 4198 est
1090 4151 1182 4198 addidi.

173 4259 198 4312 1.
221 4257 285 4312 lsai.
299 4259 324 4326 b,
337 4257 379 4311 25.
463 4258 488 4310 2.
511 4256 594 4310 immo
612 4256 666 4310 iam
685 4272 709 4310 1.
725 4256 791 4311 1191
812 4253 944 4325 11911928.
1028 4256 1053 4310 3.
1077 4253 1235 4310 Ludovicus
1246 4255 1268 4310 1.

100 4347 126 4402 4.
151 4345 259 4401 Ottonis
275 4346 288 4399 l
306 4345 383 4400 ducis
401 4344 543 4400 Bavariae.
