3090 4848
317 306 539 355 s.sos1rsrn
558 307 604 355 rrr
625 309 728 356 nunu
750 307 937 358 rrmrounn
967 311 998 357 sa
1180 295 1244 360 115

16 417 18 479 ²
97 445 229 514 runem·
251 466 316 514 non
338 447 542 533 ammom,
565 455 602 515 ur
623 449 793 518 οωοοοο
816 451 1030 520 oensem
1053 451 1104 519 vo
1126 452 1243 539 popm
1313 457 1366 514 νο

14 504 18 600 s
96 561 242 628 omnmo
264 563 339 630 inde
361 564 511 632 seandala
533 570 565 632 et
587 567 738 634 scismata
758 567 809 634 rel
831 567 906 633 novi
921 587 1044 635 errores
1059 587 1123 635 non
1139 567 1244 635 orian·
1263 531 1412 580 ΨΜ

15 684 18 738 l
95 683 182 744 turoi
200 686 410 746 eonoresoant

164 793 202 860 Et
223 795 278 879 qui
300 795 443 862 carnales
469 795 628 881 homines,
657 796 791 882 idiotae,
821 797 992 864 Alamanni
1014 798 1065 866 vel
1087 799 1244 866 Baioarii*

91 909 131 975 rol
154 908 279 996 Franci,
309 911 338 978 si
366 911 457 979 iuxta
484 911 661 980 Romanam
688 913 799 982 urbem
827 913 947 1000 aliquid
976 915 1080 982 faeere
1107 914 1246 982 viderint

92 1043 123 1090 ox
146 1024 189 1092 bia
214 1029 368 1113 pseustin
402 1047 482 1114 quse
508 1045 567 1095 nos
594 1029 815 1115 prohibemus,
850 1031 972 1098 lioiturn
1002 1037 1035 1098 et
1062 1049 1244 1098 oonoessum

89 1142 338 1210 osaoordotibus
369 1163 438 1212 asse
470 1149 600 1231 putant,
639 1150 672 1212 et
704 1144 796 1212 nobis
829 1147 1047 1234 inproperium
1081 1147 1244 1232 deputant,

12 1234 18 1361 f
88 1255 138 1323 sibi
166 1259 349 1326 scandalum
376 1260 461 1327 vitae
492 1260 660 1348 aooipiunt
708 1259 797 1328 Siout
825 1261 1027 1330 adfirmant·:
1064 1263 1245 1330 sevidisse

14 1364 16 1414 ¹
89 1373 164 1440 orb
184 1375 317 1458 anguis
340 1377 374 1442 in
396 1375 538 1444 Romana
559 1377 638 1444 urbe
661 1383 695 1444 et
713 1377 805 1444 iuxta
828 1379 1012 1446 aecolesiam
1035 1381 1136 1446 saneti
1157 1378 1245 1446 Petri

12 1484 16 1603 l
86 1489 178 1557 india
198 1491 249 1558 vel
270 1498 379 1576 noete,
407 1492 533 1578 qnando
556 1492 696 1561 Kalende
719 1493 857 1561 Ianuarii
879 1495 1018 1580 intrant,
1048 1513 1246 1583 paganorum

13 1606 16 1693 J
87 1607 295 1674 eonsuetudiue
317 1607 448 1676 oborusd
471 1609 586 1676 duoere
608 1629 667 1695 per
689 1608 828 1695 plateas,
857 1616 891 1678 st
911 1611 1158 1679 adclamationes
1180 1611 1245 1678 ritu

85 1721 232 1803 gotium
262 1729 295 1791 et
322 1725 534 1793 ommtiones·
562 1723 732 1809 sacrilegas
762 1724 936 1812 solebrare,
973 1732 1006 1794 et
1033 1747 1159 1794 mensas
1188 1726 1245 1793 illa

84 1835 126 1904 lio
155 1838 204 1906 rel
237 1845 332 1908 noete
365 1840 499 1927 dapibus
528 1859 675 1925 enorme,
711 1847 743 1909 et
770 1841 892 1908 nullum
921 1841 1082 1910 dedomo
1110 1841 1246 1910 sunuel

84 1952 174 2035 ignem
195 1955 248 2023 vel
270 1955 497 2022 ferramentum
518 1955 570 2024 rel
599 1956 717 2043 aliquid
747 1959 905 2025 eommodi
932 1959 1036 2026 vioino
1065 1977 1121 2024 suo
1152 1977 1245 2045 prae-

82 2073 153 2138 stare
173 2070 266 2138 vella
300 2071 420 2140 Diount
441 2091 581 2159 quoque:
604 2093 640 2140 se
662 2073 780 2140 vidisse
802 2073 848 2140 ibi
870 2074 1019 2142 mulieres
1039 2093 1164 2161 pagano
1180 2075 1244 2140 ritu

12 2216 15 2367 ι
82 2180 219 2254 linem
242 2193 277 2255 et
296 2187 449 2272 ligaturas
473 2193 506 2256 ot
526 2188 561 2256 in
583 2187 721 2258 braohiis
744 2193 776 2257 et
798 2189 915 2256 ororis¹
937 2189 1052 2274 ligatas
1075 2190 1192 2257 habere
1212 2196 1245 2258 et

14 2381 15 2408 χ
81 2301 190 2384 poblioe
224 2303 269 2370 ad
296 2303 493 2372 vendendum
521 2303 648 2372 venales
677 2305 718 2372 sd
749 2306 986 2392 conparandum
1017 2305 1089 2374 aliis
1119 2305 1241 2374 offerre.

12 2424 14 2577 ⁴
80 2413 152 2493 Quae
173 2420 294 2504 omnia,
317 2439 355 2486 eo
377 2420 461 2504 quod
483 2420 528 2488 ibi
551 2441 571 2488 a
593 2421 771 2488 carnalibus
795 2426 827 2488 et
848 2421 1071 2528 insipientibus
1085 2423 1242 2507 uidentur,

80 2532 157 2600 nobis
183 2535 237 2602 hio
266 2536 485 2623 inproperium
513 2543 546 2603 et
572 2537 824 2624 inpedimentum
847 2538 1091 2624 praedieationis
1115 2545 1147 2606 et
1170 2539 1245 2606 doe·

12 2596 14 2705 l
79 2650 167 2717 trinae
193 2651 375 2739 perficiunt
420 2651 469 2718 De
496 2652 613 2721 tabbm
644 2654 689 2720 ait
717 2653 878 2740 apostolus
906 2654 1090 2741 inorepans:
1127 2657 1245 2723 Diem⁸

79 2765 236 2836 adamatae
262 2783 292 2836 ot
314 2783 472 2857 ternporo3
495 2773 598 2850 timeo,
622 2792 662 2835 ae
683 2773 751 2836 edos
773 2793 871 2836 ooaao
894 2771 1103 2837 loboraverim
1126 2775 1161 2838 ia
1183 2795 1243 2839 oo-

79 2879 139 2948 oon
175 2883 220 2951 Et
243 2890 374 2952 motus
395 2885 593 2969 Augustinus
616 2884 714 2951 dixit:
742 2887 830 2952 Nam
853 2891 911 2974 qai
932 2886 1042 2953 dirisi*
1065 2888 1177 2970 mala,
1207 2891 1244 2954 id

78 3013 112 3064 nt
131 3006 237 3068 caraea
263 3015 293 3068 et
314 3004 432 3068 divim
456 3015 485 3069 et
506 3003 705 3088 amplctere
727 3003 777 3069 ool
791 3003 958 3086 filacteriis
975 3017 1004 3069 et
1018 3004 1092 3070 oliab
1110 3005 1241 3091 quibos·

79 3113 138 3182 lito
157 3121 308 3204 oupuats'a
332 3119 509 3199 crediderit,
534 3119 594 3184 θεοί
613 3119 745 3199 ieiunet,
777 3121 835 3184 ersi
863 3133 945 3200 oret,
977 3121 1034 3185 etsi
1061 3123 1177 3206 iupiter
1201 3121 1245 3186 ad

77 3235 251 3300 morionum
276 3247 394 3315 wirot,
420 3239 477 3300 etei
499 3235 606 3320 larque
631 3233 831 3320 elymosinas*
845 3235 965 3320 sodet,
991 3238 1049 3302 etei
1071 3258 1243 3324 corporeo·

13 3383 14 3429 p
76 3345 129 3413 ἰονι
155 3375 252 3418 saum
281 3355 317 3416 in
345 3353 434 3416 ormi
464 3351 642 3436 adflictione
670 3353 871 3442 nudaverit,
908 3351 990 3416 nibil
1023 3353 1054 3417 ei
1083 3353 1241 3438 prodeat,

77 3470 217 3548 quamdiu
244 3467 417 3552 saerilepsir
442 3467 501 3532 illo
523 3487 587 3532 oon
609 3461 839 3552 relinquorit¹².
886 3465 968 3532 Nam
991 3467 1019 3532 si
1040 3466 1119 3532 istas
1141 3486 1242 3553 paga·

73 3579 132 3646 nina
157 3583 204 3650 ibi
228 3583 409 3670 paternitas
431 3587 538 3650 sesua
558 3582 593 3647 in
616 3579 758 3648 fflmaua
779 3581 858 3649 urbe
880 3581 1087 3670 prohibuerit,
1111 3585 1144 3648 et
1167 3582 1242 3650 sibi'

15 3668 16 3700 ¹
73 3699 241 3766 nereedem
273 3703 306 3765 et
333 3697 425 3765 nobis
453 3697 629 3764 maximum
651 3697 828 3783 profestum
850 3697 885 3763 in
908 3696 1052 3764 doctina
1074 3696 1242 3765 aeeclesia·

73 3812 141 3880 stios
160 3813 362 3902 profluente.

132 3963 152 3994 ι.
173 3967 235 3996 corr.
254 3947 396 3995 islandiam
413 3951 440 3996 C.
506 3948 528 3994 b.
548 3946 656 4006 Barduli
673 3950 699 3996 ι’.
768 3959 787 3994 o.
809 3963 865 3994 corr.
960 3959 1023 3994 men

73 4025 180 4075 odom
197 4032 226 4078 C.
293 4043 314 4076 ο.
331 4045 388 4074 corr.
405 4031 428 4074 ia
443 4027 609 4074 inemtatioues
627 4029 653 4076 C.
715 4026 731 4072 l.
749 4043 805 4074 corr.
822 4029 845 4072 ia
860 4027 885 4072 in
975 4039 1003 4072 us

72 4101 224 4166 temnetis
239 4109 269 4156 C.
332 4107 348 4154 i.
365 4107 501 4154 elemosinas
515 4110 540 4156 C.
603 4105 627 4153 k.
644 4124 700 4152 corr.
717 4109 740 4152 in
755 4105 874 4166 reliquerit
887 4108 912 4154 C.
985 4105 1027 4152 .si
1068 4139 1073 4150 .
1136 4119 1167 4152 m.
1197 4122 1239 4150 ο.

13 4202 17 4247 ν
73 4185 220 4244 ''sperletarit
237 4190 268 4236 C.

14 4254 16 4335 f
132 4266 155 4320 l.
178 4264 277 4321 Galat
288 4263 316 4333 4,
329 4263 373 4318 10.
386 4264 430 4318 11.
519 4265 545 4320 i.
570 4262 598 4319 S.
611 4261 760 4333 Augustini
781 4261 941 4332 appendiois
959 4274 1049 4316 sermo
1067 4261 1120 4315 278
1138 4261 1239 4330 (quon

73 4347 125 4406 dnm
143 4368 236 4409 sermo
256 4353 310 4408 241
332 4351 369 4407 de
386 4355 535 4423 tempore).
569 4351 639 4422 Opp.
658 4351 701 4408 ed.
719 4349 904 4420 Benedietlni,
924 4347 1047 4406 venetiis
1067 4348 1149 4418 1731,
1167 4349 1200 4404 Τ.
1213 4349 1240 4404 V

14 4444 16 4506 l
74 4441 219 4509 moendinis
238 4457 270 4512 p.
282 4441 344 4498 468.

983 4535 1027 4590 ge
