3176 4846
297 299 363 366 580
708 316 788 365 vrrs
811 319 1005 366 lnnusnnrr
1026 319 1052 366 n

408 479 501 543 quam
525 459 612 524 dedit
635 457 759 526 afflietio
781 460 897 542 sooiis‚-
912 481 1012 546 propo
1034 467 1136 528 morte
1159 461 1284 527 roliotis.

407 573 584 658 Magnaque
605 595 680 662 pars
702 576 777 642 olari
802 576 860 643 snb
884 578 1000 642 amoris
1021 579 1153 663 pignore
1175 577 1241 642 veri

337 707 382 754 505
406 690 474 756 eius
497 691 631 778 subponi
653 692 752 774 gratis
775 691 876 757 voluit
897 691 1023 775 dioioni,

406 813 439 872 et
460 806 603 872 dextram
627 807 756 873 dextrae
779 827 932 893 personae
954 808 1058 874 iunxit
1079 808 1237 875 honestae.

408 923 547 1008 Tamque
569 924 706 1008 potentis
729 923 798 988 heri
820 922 895 1006 iuga
916 924 978 989 fert
999 943 1111 990 manns
1134 923 1348 1008 antenodori,

405 1039 494 1103 onius
516 1059 550 1104 ss
573 1039 674 1104 eredit
695 1037 777 1104 fidei.
816 1039 882 1105 Neo
905 1041 1010 1123 segnis
1033 1039 1153 1121 obedit3

405 1153 478 1219 huio
501 1154 593 1219 hilari
616 1160 740 1238 gratum
764 1155 842 1220 dans
867 1153 979 1222 affeetu
1001 1156 1197 1222 famulatum.

340 1287 385 1333 500
408 1268 517 1336 Oleros
541 1275 573 1336 et
595 1269 761 1354 eeclesiae,
783 1270 940 1337 famulans
962 1271 996 1337 in
1018 1271 1136 1339 honore
1157 1271 1276 1338 Mar-iae

407 1385 539 1468 virginis
562 1391 595 1451 et
615 1382 755 1470 matris¹‚
779 1387 864 1454 louet
885 1387 969 1452 huno
991 1385 1076 1453 onitu
1098 1388 1237 1473 pietatis,

406 1501 456 1566 oui
478 1520 512 1567 se
535 1500 640 1568 subdit
661 1502 755 1567 homo
779 1523 853 1588 pars
876 1523 916 1568 ex
939 1503 997 1568 hoo
1019 1504 1160 1569 maxima
1181 1503 1278 1584 oler0;

405 1617 542 1682 nominis
564 1617 711 1684 immensi
732 1617 846 1684 fratres
870 1619 916 1684 sio
937 1619 1016 1684 urbe
1038 1617 1185 1685 Remeusi

363 1772 365 1781 ·
405 1752 468 1797 non
491 1732 578 1818 piget
599 1733 692 1799 huius
714 1733 798 1816 heri,
822 1753 879 1799 neo
902 1753 936 1800 se
959 1735 1077 1800 servire
1100 1735 1202 1800 fateri.

337 1867 382 1914 505
406 1847 509 1932 thue
531 1847 615 1916 fides
632 1848 706 1915 oleri
729 1869 790 1914 non
814 1849 896 1914 falsa
916 1856 1045 1935 putetur
1068 1849 1186 1933 haberi,

403 1966 436 2031 in
460 1963 533 2031 fidei
556 1965 680 2048 signum
704 1969 811 2030 votnm
835 1983 968 2031 sanxere
991 1965 1175 2048 benignum

404 2101 479 2147 nam
501 2101 614 2147 manns
636 2080 756 2146 inserta
778 2079 923 2146 manibus
947 2080 1003 2146 dat
1023 2081 1157 2166 pignora
1179 2087 1265 2148 oerta

405 2198 470 2262 voti
492 2197 659 2280 ferventis,
682 2195 755 2261 fidei
778 2196 827 2262 vel
849 2195 921 2262 labe
944 2198 1089 2262 carentis.

450 2311 591 2398 Cumque
613 2312 714 2378 scolas
737 2311 853 2378 multas
859 2360 869 2393 ,
895 2331 973 2396 quas
996 2312 1073 2378 artis
1096 2311 1191 2397 plena
1210 2311 1343 2379 facultas

337 2446 384 2493 500
408 2427 590 2495 reddiderat
610 2427 726 2511 oleras,
751 2426 811 2494 sibi
833 2433 976 2494 conseret
996 2427 1064 2494 fore
1086 2447 1186 2511 ouras,

404 2543 476 2630 plns
498 2549 605 2609 tamen
628 2537 777 2626 Albrioi'‚
800 2565 880 2628 qnae
903 2549 1045 2610 senserat
1066 2545 1187 2630 optima
1208 2543 1281 2629 dioi,

408 2659 556 2743 dogmata
577 2661 699 2726 maiora
722 2659 782 2726 sibi
804 2660 927 2726 sensuit
949 2659 1085 2725 utiliora

404 2775 479 2859 Qui,
502 2795 585 2842 nova
606 2775 772 2862 pandendo
795 2779 845 2842 set
866 2795 927 2841 non
952 2775 1082 2860 antiqua
1102 2775 1232 2858 silendo,

402 2892 510 2958 littera
532 2911 612 2976 quae
635 2891 718 2974 uelat
739 2897 829 2958 vetus
853 2898 908 2958 aut
930 2911 1013 2957 nova
1034 2892 1168 2977 scripta,
1191 2891 1321 2975 revelat,

337 3027 383 3074 005
406 3008 561 3092 dogmatis
584 3008 731 3074 immensi
754 3009 818 3073 dux
840 3008 963 3094 primus
987 3007 1020 3073 in
1044 3009 1121 3074 urbe
1143 3006 1301 3091 Remensi,

403 3129 663 3191 testamentorum
685 3123 826 3210 pandens
850 3129 972 3190 seoreta
993 3122 1137 3189 duorum.

449 3239 546 3306 Cuius
569 3244 620 3305 ut·
642 3239 781 3306 imbutus
803 3239 864 3305 fuit
887 3247 970 3322 orte,
994 3259 1091 3323 sagax
1116 3244 1149 3305 et
1170 3245 1280 3305 aoutus

403 3356 529 3441 ingenio
552 3356 651 3440 culto,
675 3357 823 3422 uomitum
847 3357 930 3422 redit
953 3356 1078 3439 agmins
1100 3355 1198 3422 multo

406 3473 444 3538 od
468 3473 588 3560 patrias
611 3476 734 3558 partos,
757 3471 844 3537 velut
866 3491 974 3538 omnes
997 3471 1125 3537 duceret
1148 3479 1241 3553 artes,

337 3607 383 3653 510
405 3587 461 3654 flos
482 3589 647 3670 iuvenum,
670 3588 793 3654 invenis
816 3586 990 3652 studiorum
1014 3587 1093 3654 liber
1115 3586 1255 3671 habenis,

403 3708 477 3791 post
498 3704 594 3770 studii
617 3704 720 3769 dotem
744 3708 857 3789 patruo
879 3708 1047 3770 remeante
1068 3707 1226 3789 nepotem,

405 3820 530 3908 presule
553 3839 614 3904 quo
637 3819 735 3886 lotum
758 3821 860 3885 tenuit
882 3818 1046 3903 Mogontia
1067 3823 1170 3885 oetum

204 3925 221 3962 ⁰
405 3935 550 4003 catholici
572 3935 662 4017 oleri3
686 3935 804 4001 meruit
824 3935 912 4001 volnt
931 3935 986 4001 illo
1008 3934 1118 4001 teneri.
1153 3987 1160 3993 .

366 4147 386 4180 ι.
407 4134 441 4180 55⁸0
456 4141 489 4180 ul
505 4134 528 4177 et
544 4141 663 4176 correctum
679 4135 701 4176 iu
717 4131 770 4176 cod.

366 4239 391 4290 1.
415 4236 504 4291 clerus
522 4235 653 4290 eoolosiao
671 4233 699 4290 S.
712 4235 813 4290 Marias
831 4235 982 4289 Remensis.
1072 4236 1097 4288 2.
1121 4233 1163 4288 De
1178 4230 1289 4288 Albrioo
1306 4231 1463 4304 professore

295 4325 436 4394 Remensi,
454 4329 552 4393 postea
569 4325 770 4390 (1136-1141)
790 4321 992 4393 archiepiscopo
1011 4321 1174 4377 Bituriosnsi
1192 4319 1226 4376 oi.
1245 4335 1341 4390 supra,
1361 4319 1462 4376 Biblio-

295 4411 391 4467 theooe
408 4412 490 4467 buius
507 4412 540 4466 T.
553 4413 629 4467 1208
647 4429 673 4466 n.
687 4415 712 4467 6.
