3090 4848
324 309 350 356 s.
368 309 544 356 eoamarn
565 309 609 356 nn
632 309 734 356 nonar
756 309 942 356 nrmnonan
967 309 999 356 aa
1181 291 1244 358 123
1348 267 1352 280 ¹

78 448 139 518 44.
162 452 343 518 Zacharias
361 475 454 539 papa
477 452 619 534 Ws'ttcaa,
644 455 791 540 episcopo
806 453 1050 539 Baradcrqeaaa'
1065 473 1128 539 per
1143 453 1244 518 Boni·

153 568 279 651 satim
302 571 483 650 embado,
505 569 686 654 praecatur
709 572 836 655 eiusque
857 571 960 634 ecdem
983 569 1170 652 confimat

861 683 897 764 (S
917 686 989 767 131,
1012 681 1052 750 W
1068 685 1122 767 53,
1146 681 1245 764 Gal)

163 815 380 882 Dilectissimo
408 817 499 884 nobis
519 815 678 884 Wittaneb
701 823 829 885 sanctae
857 816 1026 884 aecclesiae
1048 811 1245 884 Barbarans¹
1279 823 1332 877 743
1371 821 1374 832 ’

78 930 244 998 Zacharias
267 953 360 1019 papa.
1263 897 1344 956 ΛΡΜ

101 1079 107 1088 ·
162 1047 303 1114 Domino
325 1053 513 1136 cooperante
537 1053 569 1116 et
590 1068 767 1116 sermonem
790 1046 1032 1116 confirmante⁸¹
1048 1049 1088 1116 ad
1106 1047 1247 1115 delatan-

78 1164 169 1230 darnd
192 1163 435 1232 christianitatis
457 1163 559 1248 legem
584 1169 616 1232 ct
638 1165 810 1233 orthodoxe
832 1163 906 1233 fidei
928 1165 1104 1250 tramitem,
1129 1165 1169 1230 ad
1193 1163 1248 1230 do-

78 1279 227 1364 cendum,
255 1281 348 1346 iuxta
376 1280 458 1367 qnod
488 1279 652 1368 praedicat
680 1287 790 1347 sancta
816 1281 895 1348 haec
917 1279 1073 1366 Romana,
1102 1281 1153 1348 eni
1180 1279 1248 1347 Deo

77 1401 205 1462 anctore
233 1396 475 1483 praesedomus'
498 1397 658 1464 aecclesia.
693 1396 833 1464 Innotuit
857 1396 948 1464 nobis
973 1397 1189 1464 sanctissimus
1213 1415 1250 1462 ae

76 1514 353 1581 reverentissimus
381 1513 479 1579 irater
508 1519 540 1580 et
566 1513 770 1600 coepiscopus
798 1520 905 1581 noster
926 1512 1119 1580 Bonifatius:
1149 1533 1250 1600 nuper

77 1629 271 1698 decrevisse¹
286 1635 319 1696 et
338 1629 502 1696 ordinasse
522 1630 555 1694 in
571 1627 760 1696 Germaniae
781 1630 924 1716 partibus
941 1628 1133 1717 episcopales
1149 1628 1250 1712 sedes,

75 1747 127 1814 ahi
160 1752 294 1833 praeest
324 1749 430 1812 vestra
457 1743 598 1828 dilecti03
631 1750 663 1812 ct
690 1745 885 1832 provinciam
914 1745 948 1811 in
976 1750 1041 1812 tres
1070 1745 1251 1812 dividisset⁸

76 1863 273 1950 parrochias.
320 1861 388 1940 Quo
416 1861 556 1945 cognito,
585 1881 657 1929 cnm
685 1881 801 1946 magna
830 1860 1022 1928 exultatione
1050 1860 1188 1928 extensis
1212 1861 1251 1928 ad

1 2019 2 2022 =
76 1980 182 2046 sidera
203 1977 337 2064 palmis,
365 1975 583 2044 inluminatori
606 1985 638 2044 et
660 1977 763 2044 datori
786 1978 926 2044 omnium
950 1978 1102 2045 bonorum
1125 1975 1251 2043 domino

77 2095 143 2163 Deo
168 2101 203 2162 et
226 2093 378 2160 salvatori
400 2097 509 2160 nostro
532 2093 603 2161 lesu
625 2091 751 2160 Christo
779 2095 898 2179 gratias
928 2094 1064 2178 egimm,
1094 2093 1148 2179 qni
1176 2091 1255 2158 lacit

78 2219 213 2297 utraque
237 2204 361 2277 nnum'.
453 2208 625 2295 Flagitavit
647 2215 753 2277 autem
776 2209 908 2277 anobis
930 2231 988 2297 per
1008 2229 1081 2276 snas
1097 2207 1253 2296 syllabaeh

79 2331 141 2394 iam
173 2327 279 2394 dictus
303 2325 531 2393 sanctissimusi
554 2325 619 2393 vir:
650 2345 708 2414 per
730 2325 934 2413 apostolicam
959 2325 1177 2392 anctoritatem
1201 2343 1254 2391 vo-

1 2435 2 2460 ³
81 2451 162 2511 atras
191 2441 375 2512 confirmari
407 2441 506 2509 sedes.
552 2439 706 2529 Proque
736 2445 768 2508 et
794 2459 853 2508 nos
876 2441 1000 2508 ardenti
1023 2442 1128 2508 animo
1152 2445 1184 2507 et
1207 2440 1254 2506 di·

80 2562 152 2627 vino
176 2560 340 2627 iuvamina
362 2593 404 2604 —
429 2557 616 2625 auctoritate
638 2557 722 2625 beati
744 2556 830 2624 Petri
853 2557 1006 2645 principis
1030 2557 1254 2645 apostolorum,

83 2679 131 2742 cni
155 2677 234 2742 data
256 2680 306 2741 cst
329 2696 348 2742 a
370 2674 429 2742 deo
452 2680 484 2741 et
506 2673 662 2742 salvatore
685 2679 793 2742 nostro
816 2673 886 2740 lesn
901 2673 1026 2740 Christo
1048 2671 1169 2757 ligandi
1193 2671 1254 2738 sol-

83 2791 242 2878 vendique
270 2795 411 2878 potestas
439 2795 569 2878 peccata
597 2788 759 2856 hominnm
788 2790 821 2856 in
849 2788 935 2856 caelo
966 2793 997 2855 et
1024 2789 1057 2854 in
1086 2785 1189 2855 terra⁴
1214 2823 1254 2834 -

84 2907 308 2975 confirmamus
332 2913 436 2992 atque,
460 2904 576 2972 solidas
598 2925 785 2993 permanere
806 2910 928 2972 vestras
947 2902 1141 2992 episcopales
1157 2902 1257 2987 sedes,

85 3027 261 3104 sancimus3
290 3022 513 3090 interdicentes
535 3023 636 3109 ipsius
660 3022 812 3108 principis
837 3021 1050 3109 apostolorum
1073 3019 1259 3087 auctoritato

85 3163 103 3208 a
123 3139 290 3229 praesenti
313 3138 457 3205 omnibns
481 3142 513 3205 et
532 3139 565 3205 in
585 3137 707 3204 futuras
723 3137 951 3222 generationes,
976 3141 1011 3202 nt
1025 3135 1129 3202 nnllus
1145 3134 1260 3204 audeat

1 3243 2 3324 ἶ
85 3263 196 3324 contra
226 3255 359 3323 eandem
387 3259 525 3321 vestram
555 3255 663 3322 venire
692 3252 937 3337 ordinationem,
967 3250 1081 3337 qnam*
1110 3251 1260 3334 dignante

85 3374 154 3441 Deo
185 3393 226 3440 ex
255 3376 365 3437 nostra
387 3369 609 3458 praeceptione
631 3371 664 3436 in
687 3368 789 3436 vobis¹
815 3369 900 3435 facta
928 3372 990 3450 est;
1020 3372 1051 3434 et
1078 3367 1137 3434 hoc
1163 3367 1261 3433 inter·

1 3491 2 3566 J
85 3492 245 3572 dicentes,
275 3493 311 3554 nt
338 3485 442 3553 nullus
467 3485 582 3553 audeat
606 3522 644 3531 —
670 3485 760 3552 iuxta
782 3491 961 3552 sanctorum
986 3503 1140 3550 canonum
1163 3481 1262 3549 tradi-

1 3577 2 3654 Ῐ
85 3609 206 3675 tionem
231 3641 274 3652 —-
300 3625 339 3671 ax
369 3603 431 3670 alio
461 3603 643 3689 episcopatu
677 3601 794 3668 ibidem
822 3598 1005 3668 translatari
1034 3605 1088 3666 aut
1116 3599 1262 3666 ordinare

87 3726 274 3812 episcopum
297 3723 370 3808 post
392 3723 529 3785 vestram
553 3717 592 3785 dc
614 3717 673 3784 hoc
695 3717 801 3785 seculo
823 3717 1047 3800 evocationem,
1069 3715 1132 3781 nisi
1146 3714 1185 3800 is,
1208 3715 1263 3800 qui

160 3916 183 3948 s.
204 3918 235 3948 a
250 3903 281 3947 ΙΙ
297 3897 401 3954 16-17,
419 3899 439 3945 C
455 3897 484 3944 10
494 3898 559 3943 -11.
582 3898 635 3944 diae
651 3898 753 3942 lemmate
770 3898 810 3952 n,-
826 3895 882 3942 lte·
899 3893 997 3954 epistola
1011 3892 1134 3940 Zacharias
1149 3892 1179 3940 sd
1193 3892 1262 3940 Boni·

86 3984 168 4031 istium
185 3983 212 4029 C.
293 3979 314 4025 b.
334 3977 436 4024 wittani
453 3979 492 4032 11,
512 3975 585 4040 witae
603 3978 628 4023 C.
707 3988 726 4022 c.
748 3975 918 4022 confirmantem
935 3977 969 4020 M.
1046 3971 1069 4019 d.
1090 3989 1146 4018 corr.
1162 3975 1184 4018 io
1206 3971 1262 4018 dils-

86 4064 183 4111 udum
200 4063 227 4111 c.
312 4073 332 4105 e.
354 4075 411 4105 corr.
427 4061 450 4104 a's
470 4055 625 4117 praesidemus
643 4059 669 4103 C.
752 4053 768 4101 i.
789 4055 925 4101 discrevisse
942 4055 968 4101 C.
1047 4065 1068 4110 g.
1089 4069 1146 4099 corr.
1162 4053 1185 4099 ia
1205 4049 1263 4097 dlvi-

86 4145 159 4192 sisset
175 4145 201 4192 C.
297 4139 321 4186 h.
342 4151 385 4198 pro
405 4138 454 4186 sais
475 4135 569 4196 syllabis
590 4153 647 4184 corr.
664 4138 687 4182 ia
702 4149 743 4196 per
759 4148 813 4182 snas
828 4133 928 4194 syllabas
944 4135 983 4189 111,
1003 4145 1045 4193 pro
1061 4131 1109 4180 sais
1125 4129 1219 4190 syllabis
1236 4133 1262 4180 C.

88 4227 104 4271 ἰ.
124 4240 183 4270 cerr.
199 4226 222 4270 is
239 4221 333 4268 matus
352 4221 378 4266 C.
456 4217 480 4264 k.
501 4233 558 4264 corr.
574 4219 597 4263 ia
613 4229 671 4276 quse
688 4218 715 4264 C.
793 4214 809 4260 Ι.
829 4213 896 4261 nobis
912 4217 948 4268 M,
964 4231 1022 4261 corr.
1038 4215 1061 4258 sis
1076 4209 1142 4258 vobis
1159 4213 1185 4258 δ.

161 4329 185 4382 1.
197 4321 431 4395 Bnraburgensis.
486 4323 511 4376 2.
524 4319 607 4376 llere.
619 4321 660 4389 16,
670 4321 713 4376 20.
769 4319 794 4374 3.
808 4317 877 4388 liph.
888 4319 913 4388 2,
925 4317 966 4373 14.
1020 4315 1046 4370 4.
1059 4313 1155 4370 blattis.
1168 4313 1262 4384 16,19,

88 4416 146 4474 lob.
158 4415 258 4486 abac
