3110 4844
306 253 371 322 328
627 267 814 320 sereretur
835 265 1063 318 maturamus
1086 267 1108 317 ι.
1124 267 1154 316 ιι

235 421 289 480 aet
306 411 488 496 destinatis,
511 411 689 500 superbae
709 412 835 497 negotia
856 419 980 480 matura
1001 411 1220 493 carismatum
1249 415 1286 477 ut
1312 415 1374 478 tam
1392 411 1455 498 ipa

306 548 401 616 quam
422 528 600 596 sacerdotes
628 529 718 614 regui
745 527 829 613 eius,
859 528 913 614 qui
934 527 1084 595 haetsuus
1107 528 1146 595 a’t
1168 527 1345 594 huiusmodi
1366 527 1457 593 surii·

306 646 364 713 bus
386 644 496 710 mundi
519 650 602 729 suut,
625 645 714 712 vobis
737 651 769 712 et
789 645 903 712 vestris
926 643 1082 731 episeopis
1098 643 1307 728 adiunguntur
1320 643 1457 710 saudem-

306 782 366 848 que
388 779 497 828 euram
519 765 552 827 et
573 761 805 828 solieiturliuem
820 760 982 828 rabiseum
997 759 1201 847 partieipeut3
1225 765 1386 844 quatenus,
1407 779 1459 845 pe·

306 883 469 962 staaqaam
492 893 563 943 eum
586 876 704 943 auxilia
727 875 787 944 Dei
813 895 963 964 prospere
986 881 1019 943 et
1040 874 1168 963 paeifiee
1191 875 1230 942 de
1250 875 1376 960 itinere,
1404 890 1460 960 que

305 993 353 1060 ire
374 991 543 1080 disponitis
552 987 570 1077 ¹,
593 993 713 1060 reversi
734 991 875 1076 fueritis,
903 991 974 1078 pari
995 1009 1149 1058 eauseusu
1171 996 1204 1059 et
1224 992 1380 1060 cummuni
1401 996 1461 1058 stu·

305 1109 358 1180 eie
381 1125 492 1195 paeem
516 1112 548 1175 et
569 1108 767 1176 eanmrdiaru
791 1113 917 1175 sanetae
935 1107 1106 1175 eatholieas
1120 1111 1153 1174 et
1167 1107 1357 1195 apostolieae
1371 1107 1463 1174 eaela-

306 1224 372 1291 s'me
394 1223 578 1290 orthodoxis
600 1223 815 1309 dogmatibus,
839 1223 1007 1291 adiuvante
1029 1221 1182 1308 Damius,
1204 1223 1390 1290 reformetis.

311 1552 369 1626 10.
398 1552 543 1639 Otfrs'dua
565 1554 736 1620 monacas
759 1565 787 1620 st
806 1553 969 1641 presbyter
990 1553 1288 1639 Weissesburyeasie
1310 1552 1465 1620 [semea

395 1670 633 1758 archiepiscopo
667 1670 856 1756 Mamertina
888 1691 1001 1756 praesa
1037 1671 1076 1735 de
1112 1670 1284 1756 martyrialis
1320 1673 1467 1756 saepem

396 1787 615 1854 remundes.

198 1939 222 1980 a.
235 1925 288 1980 865
394 1917 566 2003 Dignitatis
589 1918 726 1986 eulmine
746 1919 849 2002 gratia
862 1917 972 1986 diviua
986 1917 1147 2006 praeaetse
1162 1915 1327 1985 Liutberte
1342 1917 1467 2002 Magea·

304 2033 453 2102 tiresusis
474 2034 561 2102 urbis
585 2034 819 2121 amhiepisaopo
843 2032 1003 2118 Otiridus‚
1027 2034 1170 2120 quamvis
1192 2034 1343 2119 indiguus
1365 2039 1468 2101 taum

305 2149 470 2216 devotans
498 2149 669 2218 menaehus
697 2149 923 2237 presbyterque
945 2151 1092 2235 exiguus,
1123 2155 1269 2218 aeternas
1290 2150 1376 2217 vitae
1397 2169 1469 2234 gau-

306 2265 394 2332 dium
416 2270 507 2352 optet
528 2285 654 2352 semper
674 2266 708 2332 in
731 2263 866 2332 Christo.

394 2379 529 2448 Vestras
551 2381 834 2448 excellentissimae
856 2379 1043 2468 prudentiae
1066 2381 1242 2469 praesentis
1268 2380 1343 2448 libri
1366 2379 1471 2448 stilum

306 2496 512 2584 eumprobare
533 2497 767 2582 transmittens,
796 2496 831 2563 in
858 2497 962 2584 eapite
984 2515 1128 2582 eausam,
1158 2517 1221 2582 qua
1241 2496 1331 2563 illum
1355 2497 1472 2564 diemra

306 2612 517 2700 preesumpsi,
540 2613 688 2699 primitus
711 2613 800 2680 vobis
824 2631 971 2680 enarrare
982 2612 1107 2696 auravi3
1130 2631 1170 2679 ue
1183 2611 1320 2679 ullorum
1333 2611 1472 2680 fidelium

306 2732 445 2812 meutss,
468 2727 497 2794 si
518 2727 662 2812 efflasset,
692 2727 824 2796 vilitatis
846 2747 935 2795 meas
956 2729 1206 2815 praesumptioni
1229 2729 1383 2816 deputare
1403 2747 1473 2816 pru-

307 2847 427 2912 earsut
1372 2899 1375 2906 ι

396 2959 482 3027 Dum
510 2979 617 3028 rerum
640 2959 798 3043 quondam
820 2979 916 3027 senus
937 2958 1097 3027 inutilium
1119 2958 1262 3052 pulsaret
1283 2979 1377 3028 aures
1400 2979 1474 3046 quu-

306 3073 442 3144 rundam
457 3073 752 3161 probatissimorum
766 3075 917 3160 virerum,
929 3095 1100 3162 earumque
1111 3077 1311 3144 sanctitatem
1323 3076 1475 3145 laieorum

308 3195 421 3258 sauma
443 3190 636 3276 inquietaret
656 3191 819 3276 sbseeuus,
843 3211 863 3258 a
884 3191 1068 3277 quibusdam
1092 3193 1263 3259 memoriae
1286 3179 1391 3278 dikuis
1413 3193 1474 3259 fra·

307 3306 410 3373 tribus
432 3306 589 3391 regatus&
612 3307 814 3392 maximeque
836 3307 998 3374 cuiusdam
1013 3309 1210 3376 venerandas
1227 3315 1392 3376 mamonae
1406 3329 1475 3376 aar·

307 3421 374 3506 bis,
403 3421 538 3488 nimium
566 3420 753 3506 flagitantis,
781 3423 909 3490 nemius
936 3423 1057 3492 Iudith:
1086 3431 1211 3512 partem
1240 3424 1475 3509 euangeliorum

309 3538 356 3605 eis
378 3537 543 3605 Theatisea
569 3538 816 3620 eouseriberem3
844 3544 881 3606 ut
908 3537 1136 3626 aliquantulum
1164 3540 1257 3607 huius
1280 3545 1392 3609 aautus
1414 3541 1477 3608 lsa-

308 3653 404 3721 tiuuis
427 3653 537 3720 ludum
560 3654 747 3722 secularium
769 3673 881 3722 vasum
901 3655 1021 3723 deleret
1038 3660 1079 3740 st
1101 3655 1135 3722 iu
1151 3656 1388 3742 euangeliorum
1403 3677 1477 3746 pru-

308 3770 380 3857 pria
401 3768 510 3854 lingua
532 3770 674 3857 aeeupati
696 3769 871 3855 (tutamine,
894 3791 1006 3838 sonum
1028 3771 1187 3840 inutilium
1208 3792 1315 3840 rerum
1330 3775 1478 3842 neverint

309 3885 477 3952 desliuare.
516 3884 665 3953 Petitioui
687 3905 810 3972 quaque
831 3887 996 3972 iungentes
1019 3889 1269 3974 queremoniam:
1294 3889 1378 3976 quud
1400 3911 1477 3974 geu·

309 3999 413 4068 tilium
445 4005 549 4084 vates,
585 4005 621 4067 ut
653 3999 805 4086 Virgilius
837 3999 983 4070 Lueauus
1010 4002 1141 4071 Ovidius
1175 4007 1352 4091 caeterique
1380 4025 1476 4092 quam

381 4193 402 4226 a.
425 4181 461 4226 152
481 4179 571 4235 Otfridr
591 4195 634 4224 uon
653 4178 812 4240 Wesenberg
831 4180 1026 4244 Errungelimbret
1046 4183 1082 4228 ed.
1098 4184 1163 4228 Kese
1179 4182 1299 4230 17-11.
1382 4183 1405 4230 Ι).
1426 4195 1476 4229 sum

310 4259 423 4308 saridim
436 4259 530 4304 edera.

383 4363 408 4426 1.
431 4361 459 4423 in
477 4359 633 4422 moraviam.
661 4361 696 4418 V.
714 4359 1038 4432 Dummler1.1.p.5as.
