3142 4848
29 1181 31 1280 t
502 1158 868 1259 PROOEMIUM.

29 1391 32 1474 ‚
454 1381 458 1387 .
630 1387 735 1398 ...-

29 1511 33 1640 l
120 1564 333 1678 statuentem
373 1627 431 1678 me
465 1602 638 1680 Bonifatii
671 1601 839 1702 Lullique
875 1603 1046 1703 epistolas
1081 1629 1154 1682 una
1186 1631 1268 1684 cum

29 1711 31 1852 l
118 1741 245 1840 reliquis
287 1745 363 1820 sere
406 1745 573 1822 omnibus
614 1747 855 1822 monumentis
897 1747 942 1822 ad
982 1748 1268 1827 ecclesiasticum

117 1881 312 1964 Germaniae
340 1895 450 1988 caput
477 1889 723 1989 spectantibus
743 1889 828 1966 huic
846 1891 953 1966 tertio
971 1891 1146 1967 volumini
1165 1916 1265 1969 man·

115 2024 184 2103 dare
217 2031 381 2129 quamuis
414 2031 562 2108 minime
589 2031 736 2128 fugerit,
771 2055 893 2108 rerum
920 2033 1087 2146 gravitati
1112 2035 1267 2112 maxims

114 2169 150 2245 ob
173 2173 413 2250 subsidiorum
441 2173 726 2252 adhibendorum
754 2181 790 2252 et
816 2175 1079 2252 multitudinem
1107 2185 1142 2254 ct
1160 2177 1265 2254 dissi-

29 2309 31 2384 l
112 2315 278 2410 petionem
313 2341 551 2417 responsuras
587 2341 666 2394 csse
701 2318 834 2394 laboris
868 2317 1111 2413 difficultates,
1146 2327 1266 2398 tamma

29 2529 30 2592 r
110 2455 349 2535 florentissima
376 2462 444 2537 hoo
472 2466 636 2560 tempore
664 2461 913 2537 universarum
938 2485 1056 2562 paene
1074 2462 1265 2540 bibliothe-

29 2595 30 2620 ¹
111 2623 217 2678 aarum
239 2603 455 2680 liberalitate
474 2605 631 2680 confisus
650 2627 738 2680 sum.
782 2603 909 2703 Neque
928 2627 1032 2704 spem
1048 2628 1175 2700 meam,
1204 2608 1266 2706 qui

109 2743 247 2840 publicis
281 2745 457 2822 librorum
485 2747 600 2846 copiis
628 2752 814 2847 praesunt,
850 2753 1002 2848 excepta
1029 2772 1101 2824 una
1127 2749 1264 2848 asperi·

109 2890 167 2961 tate
201 2889 375 2981 obscura,
411 2889 625 2966 fefellerunt.
673 2889 755 2966 Non
789 2891 886 2966 enim
919 2890 1027 2966 modo
1059 2891 1098 2966 in
1124 2891 1265 2968 duobus

109 3051 270 3108 annorum
295 3037 394 3109 1863
425 3040 462 3108 et
486 3039 585 3110 1865
615 3032 804 3107 itineribus
832 3032 877 3108 ad
905 3031 1046 3109 diuitias
1072 3034 1264 3111 bibliothe-

108 3195 214 3252 curum
249 3175 583 3269 BruxellensiS,
620 3175 656 3253 S.
679 3173 835 3252 Crucis
867 3175 1264 3276 propeVindobonam‚

107 3311 511 3410 Francofurtensis,
555 3318 591 3396 S.
621 3317 756 3410 Galli,
800 3317 1102 3412 Monacensis,
1138 3317 1263 3395 Pom·

107 3461 433 3538 hersfeldensis
462 3460 597 3538 aditum
623 3461 832 3538 facillimum
853 3461 972 3554 habui,
1001 3462 1263 3555 verumetiam,

108 3604 157 3698 qui
184 3605 269 3681 libri
304 3628 412 3680 manu
441 3604 567 3706 scripti
593 3605 795 3701 longiorem
822 3604 1054 3703 requirebant
1081 3605 1262 3682 hacmtio·

105 3767 184 3838 nem,
212 3773 280 3825 eos
304 3749 343 3824 in
361 3771 486 3824 musco
505 3771 587 3824 meo
606 3747 835 3824 Berolinensi
853 3748 1122 3848 expeditissime
1140 3748 1264 3846 legere

103 3885 200 3966 licuit.
244 3891 340 3968 Nam
374 3891 533 3988 benigno
570 3914 790 3968 summorum
825 3891 930 3987 regni
963 3891 1077 3967 nostri
1111 3891 1262 3968 admini-
1331 3905 1342 3921 “

105 4039 246 4111 strornm
283 4037 487 4110 interventu
514 4035 665 4135 pretiosi
693 4034 776 4110 libri
803 4033 1103 4111 bibliothecarum
1131 4032 1261 4111 Gaesa-

104 4197 174 4253 reae
207 4177 585 4254 vindobonensis
627 4184 664 4253 et
698 4176 1042 4254 Oerlsruhensis
1084 4177 1263 4278 apportati

103 4328 188 4414 sunt,
226 4328 267 4398 ct
300 4327 490 4422 praeterea
522 4343 667 4421 quoque
700 4319 771 4396 riri
803 4319 1052 4396 humanissimi
1079 4320 1262 4397 mittendis
