3144 4852
295 333 376 379 vrrs
399 331 553 379 smenon
575 331 837 380 rucumrrscosr
858 329 1056 380 uocuurrur
1145 343 1151 356 ·
1194 311 1260 380 659

87 491 151 540 non
171 472 253 540 festo
275 472 451 540 beatissimi
472 473 669 560 precursoris
684 472 813 540 Domini
835 478 1017 559 parcentem
1041 492 1106 539 nou
1126 473 1261 558 denique
1288 479 1358 534 1160

87 587 315 656 reverentiam·
332 588 432 675 ipsius
456 589 528 672 diei,
552 609 616 674 que.
637 588 748 655 mundi
770 588 855 654 salus
877 589 912 654 iu
935 609 1027 655 ornos
1049 589 1259 677 pependit-
1277 553 1368 600 Μ

87 710 178 771 sexta
205 706 289 770 enim
311 709 387 771 erat
413 705 493 770 feria
513 745 556 756 —
578 725 641 772 nou
670 709 794 770 sacrata
823 709 1003 771 sanctorum
1030 705 1100 771 loca
1121 705 1259 790 reveriti,

86 839 150 887 nou
172 819 292 887 carnotib
310 819 415 887 lacobi
437 822 640 907 presentiam,
664 839 727 886 non
750 824 930 886 sauctorum
954 828 1078 904 saucta3
1101 825 1261 888 monaste-

87 938 170 1002 rinm
197 957 269 1002 cum
297 936 449 1004 altaribus
479 943 512 1003 et
534 937 618 1002 omui
642 936 796 1020 oratorio,
826 955 896 1002 cum
921 938 1066 1006 omnibus
1089 937 1259 1003 monacho-

86 1073 157 1118 rnm
180 1051 324 1136 officinis,
347 1052 445 1118 sacris
469 1058 501 1118 et
521 1073 586 1120 uon
608 1052 717 1136 sacris,
740 1063 822 1119 nou·
843 1054 1060 1120 extimuerunt
1079 1053 1257 1120 incendere.

88 1167 232 1235 Scilicetl
256 1169 394 1235 virorum
422 1165 581 1236 efficaces·
604 1169 724 1235 viribus
748 1173 841 1253 atque
863 1169 1051 1255 virtutibus,
1081 1171 1162 1236 sicut
1184 1168 1259 1237 sffe-

86 1285 214 1368 minati,
243 1285 322 1351 iam‘
344 1286 410 1352 vim
439 1285 583 1352 bellicam
612 1284 652 1350 ad
679 1284 836 1351 elementa
862 1292 1057 1353 convertunt
1148 1285 1259 1371 Igitur,

86 1400 307 1486 perureutibus
329 1401 466 1485 facibus,
495 1401 585 1488 piceo
608 1400 729 1486 liquore
752 1401 904 1488 perfusis,
932 1403 1110 1487 massisque
1134 1403 1260 1469 strami-

87 1516 156 1582 ueis
178 1515 406 1583 flammivomos
431 1517 628 1601 egerentibus
648 1523 744 1601 estus,
768 1516 918 1601 ediculaS,
943 1518 1056 1604 quibus
1072 1524 1182 1585 sancta
1195 1520 1260 1584 vir·

87 1631 204 1716 ginitsa
227 1632 377 1700 solitariis
401 1633 534 1717 degebat
555 1633 589 1700 in
611 1633 738 1700 feminis
755 1669 795 1680 -
813 1643 879 1700 tam
895 1653 990 1720 snper
1006 1640 1140 1720 portam,
1165 1653 1259 1719 quam

87 1748 176 1834 prius
196 1750 357 1817 asturibus
373 1751 564 1834 exciderant,
588 1769 683 1835 quam
699 1769 757 1836 per
773 1748 852 1816 alias
867 1751 950 1815 muri
965 1750 1141 1837 posterulas
1158 1756 1260 1816 ebno-

87 1870 137 1930 tas
158 1899 200 1910 -
223 1865 381 1932 semiustis
410 1885 470 1952 qne
497 1866 574 1932 illuc
600 1866 732 1932 aderaut
759 1865 951 1949 virginibus,
986 1866 1090 1932 medio
1118 1866 1153 1932 iu
1182 1867 1258 1933 solis

87 1979 210 2047 fervore
238 2001 310 2046 cum
337 1982 477 2048 strictius
499 1981 603 2049 fervor
626 1982 813 2065 decoqueret
836 1985 969 2066 terram,
1000 1982 1163 2048 devoranti
1186 1981 1259 2065 igne

89 2096 271 2162 accendunt.
353 2096 477 2165 Exinde
500 2117 556 2184 per
580 2097 776 2163 officinarum
799 2103 931 2182 meatus,
954 2117 1012 2184 per
1034 2098 1131 2163 rimas
1154 2117 1260 2164 muro-

88 2231 169 2296 rum,
193 2233 250 2297 per
274 2233 326 2279 eos
351 2233 428 2299 quos
450 2213 578 2281 flamma
599 2223 731 2280 vorans⁸
750 2213 853 2278 aditus
876 2213 1021 2297 leorae,
1044 2214 1165 2280 foribus
1186 2213 1260 2281 hinc

87 2327 160 2394 inde
191 2330 369 2415 perruptis*
392 2365 434 2376 -
462 2331 536 2414 quia
564 2331 646 2413 ignis
675 2329 833 2395 oalorem¹
861 2335 893 2396 et
920 2327 1130 2397 ineffabilem*
1158 2331 1259 2416 ipsius

86 2445 268 2528 fragorem¹¹¹
282 2445 448 2512 interiores
470 2446 534 2511 iam
558 2446 624 2532 pati
648 2446 876 2530 nequibant-
893 2445 985 2532 impii
1001 2445 1188 2531 Magantiui,
1210 2447 1260 2512 fu-

87 2560 170 2626 reuti
199 2561 334 2646 strepitu
363 2566 395 2627 et
417 2563 545 2628 confuso
568 2561 720 2628 clamore:
745 2565 809 2644 Za,
833 2565 892 2628 aa!
918 2562 1142 2646 vociferantes,
1173 2565 1259 2629 intus

86 2682 256 2762 proruunt3
286 2683 317 2743 et
344 2679 496 2762 inermes,
526 2679 607 2744 sicut
635 2679 680 2745 eis
707 2682 923 2760 occurrerent,
954 2678 1057 2745 subito
1081 2679 1259 2765 captivitati

87 2793 239 2876 addictos,
267 2793 390 2876 cedunt,
415 2794 567 2877 sauciant,
590 2794 704 2860 ictibus
728 2794 846 2861 crebris
870 2792 1075 2860 contundunt

176 2907 300 2976 luteres
329 2909 473 2976 omnibus
503 2930 583 2996 peue
610 2909 717 2976 domui
741 2907 880 2995 episcopi
903 2909 1056 2974 militibus
1080 2909 1257 2994 captivatis,

87 3025 185 3110 aliqui
209 3025 373 3112 adipsum
399 3025 613 3108 confugientes
636 3025 682 3091 rei
706 3026 868 3091 sinistrum
893 3023 953 3090 sibi
971 3023 1149 3090 referebant
1164 3045 1257 3092 eveu-

85 3147 171 3207 tum:
196 3141 270 3227 quia
293 3141 394 3207 omnis
417 3141 568 3207 maceries
592 3141 702 3223 fracta,
726 3146 758 3207 et
781 3141 883 3206 omnis
905 3140 991 3207 locus
1007 3141 1201 3224 conquisitus
1218 3141 1257 3208 ab

85 3256 230 3324 hostibus
254 3261 351 3337 esset3
375 3257 514 3342 iusuper,
539 3258 706 3343 captivatis
730 3256 874 3323 omuibus
898 3257 962 3322 ruis
979 3262 1034 3323 aut
1049 3257 1168 3340 occisis,
1192 3255 1256 3324 iam

86 3374 194 3440 omnia
216 3371 509 3440 vehementissimus
531 3378 730 3440 consumeret
751 3373 851 3456 iguis3
883 3371 1085 3439 adhortantes
1107 3393 1194 3457 sum,
1221 3379 1258 3441 ut

85 3490 118 3556 iu
141 3495 245 3556 turres
267 3489 450 3554 monasterii
475 3507 508 3556 se
531 3507 602 3554 curn
626 3488 712 3554 omui
735 3488 894 3556 celeritate
912 3489 1081 3574 reciperet3
1105 3488 1255 3575 alioquin,

85 3606 165 3692 ipsis
188 3603 491 3692 supervenientibus
514 3605 581 3672 vita
603 3604 696 3671 simul
719 3603 871 3691 extimplo
895 3610 928 3670 et
950 3605 1034 3670 omui
1057 3604 1176 3672 bonore
1189 3607 1255 3692 pri-

85 3728 214 3789 varetur
243 3727 275 3788 et
303 3720 406 3788 rebus.
498 3719 564 3786 Hec
592 3721 655 3787 illis
682 3720 872 3805 dicentibus,
903 3719 1090 3787 venerabilis
1112 3721 1254 3807 pontifex

86 3838 126 3905 ab
155 3838 219 3904 imo
249 3837 351 3903 cordis
379 3836 473 3919 longa
502 3841 534 3903 et
561 3836 704 3902 luctuosa
725 3835 853 3903 trahens
877 3837 1028 3923 suspiria:
1058 3839 1130 3904 Heu
1152 3838 1256 3922 iuquit

85 3957 209 4022 domine
225 3953 323 4036 Deos,
348 3954 402 4019 bec
420 3962 481 4020 eec⁰
493 3967 632 4041 potestas
647 3955 757 4020 morta's
774 3967 802 4020 et
816 3955 1013 4020 tenebrarum
1022 3949 1039 4017 ¹.
1073 3951 1116 4019 Et
1131 3973 1255 4020 summa

157 4110 178 4143 a
199 4096 337 4143 reverentiae
353 4097 375 4142 t.
452 4095 475 4141 b.
497 4095 585 4142 ecllieet
601 4097 622 4141 1.
701 4107 720 4141 c.
741 4109 788 4142 non
804 4111 847 4142 om.
864 4097 886 4144 1.
964 4095 986 4141 d.
1007 4093 1101 4141 Scilicet
1116 4097 1199 4152 scripsi
1211 4112 1253 4154 pro

84 4175 131 4225 Sed
148 4179 170 4224 1.
194 4176 297 4235 (Scilicet
312 4177 409 4222 virorum
424 4197 448 4206 -
462 4175 597 4222 convertunt
612 4191 655 4221 our.
671 4173 702 4232 2.)
781 4189 801 4221 e.
822 4175 909 4222 afdomi
926 4177 947 4221 1.
1018 4173 1034 4220 f.
1056 4175 1100 4220 lam
1116 4177 1200 4233 scripsi
1210 4191 1253 4234 pro

84 4271 130 4305 non
148 4260 169 4304 1.
239 4269 260 4314 g.
281 4269 351 4303 vorax
365 4257 387 4301 2.
456 4255 479 4301 lr.
498 4255 584 4302 lecerat
600 4271 643 4301 orn.
661 4257 682 4302 1.
749 4255 765 4301 i.
786 4255 900 4314 promptia
917 4256 939 4310 1,
955 4255 978 4300 2.
1038 4252 1063 4300 k.
1083 4253 1176 4301 odorem
1193 4257 1214 4312 1,
1231 4256 1253 4301 t.

83 4337 100 4383 1.
120 4336 287 4394 lucdngabilem
304 4338 326 4392 1,
337 4338 359 4382 ἵ.
421 4349 452 4384 m.
471 4335 590 4394 flagrarem
607 4335 663 4391 1,·a.
725 4348 748 4381 u.
769 4337 805 4381 eat
821 4335 912 4381 addidi.

156 4432 181 4488 1.
206 4429 248 4488 (if.
266 4431 333 4486 Luc.
346 4433 389 4502 22,
402 4430 446 4486 53.

983 4524 1039 4581 42*
