3164 4842
284 285 352 354 500
586 305 633 352 ux
656 303 811 352 ornnonr
833 303 913 351 vrrs
935 265 962 351 s.
979 301 1154 351 nomm

284 465 365 532 quae
392 465 458 513 non
487 447 646 514 auferetur
676 447 716 514 ab
747 466 783 513 eo
793 442 809 511 ¹.
845 445 928 512 Nam
954 444 1082 530 reliquit
1103 442 1210 530 ampla
1230 449 1376 512 terrenae
1397 462 1454 529 po·

284 562 409 629 metatis
432 583 530 647 regna
552 569 594 647 et,
622 563 662 630 ad
684 562 851 629 Gassinum
875 568 1013 629 montem
1036 563 1071 626 in
1093 571 1173 645 quo·
1194 565 1272 627 tunc
1293 560 1454 626 artissima

283 679 477 745 monasticae
498 679 582 746 vitae
605 679 773 766 disciplina
794 678 969 745 habebatur
985 677 1124 760 ueniens,
1147 675 1319 742 monacbus
1341 676 1387 742 ibi
1408 675 1453 740 ei·

283 791 402 880 licitur,
433 793 568 882 Pippino
595 795 687 860 fratri
710 795 909 862 committens
933 793 1041 860 munia
1062 793 1162 876 regni.
1250 791 1315 860 Hic
1335 792 1452 876 itaque,

284 916 414 996 accepta
442 915 593 996 paternae
622 917 654 977 et
680 911 839 978 fraternae
861 911 1027 998 potestatis
1051 909 1247 993 monarchia,
1276 929 1357 995 quae
1379 913 1455 974 tunc

283 1027 384 1093 maior
408 1027 518 1093 domus
542 1025 720 1111 dicebatur,
748 1027 877 1094 eandem
902 1026 1098 1093 devotionem
1123 1026 1316 1110 eandemque
1338 1023 1454 1090 sollici·

284 1141 436 1227 tudinem,
460 1163 554 1228 quam
578 1149 610 1210 st
630 1143 731 1210 irater
752 1144 829 1227 eius,
853 1142 990 1210 excoluit
1011 1147 1077 1208 tam
1099 1143 1134 1208 in
1156 1141 1271 1208 divinis
1294 1161 1390 1226 qnam
1404 1159 1454 1205 ee-

284 1257 442 1326 cnlaribus
469 1259 623 1343 negociis,
652 1265 777 1327 secutus
800 1279 858 1346 per
880 1259 987 1325 omnia
1010 1259 1111 1325 sancti
1134 1257 1288 1325 Boniiacii
1311 1255 1452 1324 consiba

284 1372 353 1452 Qua
378 1374 474 1442 dere
498 1376 645 1460 contigit,
674 1383 724 1460 ut,
754 1395 825 1442 cum
848 1395 882 1442 se
905 1374 988 1459 Deo,
1019 1375 1073 1459 qui
1096 1375 1225 1461 deponit
1246 1377 1391 1461 potentes
1413 1371 1455 1438 de

284 1490 359 1556 sede
383 1497 415 1558 et
436 1490 555 1559 exaltat
577 1491 711 1558 humiles
718 1488 740 1576 ²,
764 1492 950 1559 submittere
964 1491 1079 1574 iugiter
1094 1490 1245 1574 studeret,
1268 1488 1382 1572 regalis
1398 1507 1455 1574 po-

283 1606 403 1673 tentiae
425 1607 643 1674 excellentiam
666 1609 832 1694 optineret.
869 1609 971 1674 Tanta
992 1627 1067 1674 vero
1084 1607 1239 1691 dignitate
1257 1605 1455 1687 sublimatus,

283 1723 394 1790 eodem
417 1724 510 1790 modo
534 1743 595 1809 quo
619 1729 651 1790 et
674 1731 767 1790 antea
789 1729 933 1792 sanctum
948 1723 1144 1790 Bonifacium
1166 1721 1298 1807 diligere
1315 1719 1407 1788 simul
1421 1725 1458 1786 et

282 1839 427 1906 venerari
456 1839 612 1906 studebat.
649 1840 738 1906 Unde
767 1841 864 1907 etiarn
893 1841 1095 1906 traditionem
1117 1841 1291 1906 fraternam
1313 1838 1379 1904 suis
1401 1835 1457 1904 lit-

283 1955 360 2020 teris
390 1955 419 2021 ei
446 1955 595 2024 roborare
621 1956 753 2023 curavit.
788 1956 927 2035 Quarum
949 1957 1127 2022 litterarum
1150 1955 1313 2042 exemplar
1334 1953 1385 2020 hic
1405 1954 1457 2020 in·

283 2088 388 2138 serere
410 2073 519 2159 cupio,
550 2077 586 2139 ut
607 2071 716 2140 fideles
739 2073 855 2157 quique
877 2073 950 2139 inde
972 2073 1185 2156 instruantur,
1212 2077 1356 2158 raptores
1379 2088 1457 2135 vero

283 2185 384 2272 iniqui
408 2187 536 2256 rideant
558 2196 591 2257 et
613 2188 860 2256 confundantur:

375 2299 567 2392 „Pippinus⁸
589 2326 644 2372 rex
668 2304 877 2388 Francorum,
905 2305 955 2370 uir
983 2304 1131 2388 illustria,
1161 2301 1322 2370 Boniiacio
1352 2301 1457 2368 arabi·

283 2417 431 2506 episcopo
453 2427 486 2487 et
506 2421 610 2505 legato
627 2419 814 2488 Germanico
835 2421 874 2487 ab
891 2420 1063 2507 apostoliea
1078 2421 1151 2486 sede
1167 2420 1295 2486 directo.
1374 2417 1458 2496 Quia

283 2535 464 2602 ueneranda
494 2539 669 2624 paternitas
696 2542 753 2603 tua
780 2543 921 2604 nostram
949 2537 1167 2603 excellentiam
1195 2535 1369 2623 postulavit
1396 2553 1457 2621 pro

283 2651 485 2735 munasterio,
509 2653 592 2737 quod
617 2673 636 2718 a
657 2659 689 2719 te
710 2654 835 2720 noviter
857 2659 1072 2720 constructum
1095 2657 1144 2720 eet
1159 2653 1193 2718 in
1209 2651 1379 2719 solitudine
1393 2649 1458 2718 Bo-

284 2765 398 2834 chunia
426 2768 516 2835 iuxta
541 2767 670 2836 fluvium
694 2768 829 2853 Fuldae‚
858 2770 893 2835 in
921 2769 1005 2854 loeo,
1035 2790 1127 2855 quern
1151 2770 1261 2837 beatae
1285 2768 1458 2836 memoriae

284 2881 516 2950 Karlomannus
538 2905 706 2968 germanus
729 2891 836 2953 noster
858 2885 1001 2970 legitima
1023 2887 1191 2954 donatione
1211 2885 1270 2954 tibi
1290 2885 1458 2968 concessit,

284 3004 329 3083 ut,
353 3000 436 3067 siout
458 3021 498 3068 ex
522 3002 708 3068 auctoritate
731 3003 833 3068 sancti
856 3001 943 3070 Petri
966 3003 1120 3090 principis
1144 3002 1374 3090 apostolorum,
1396 3021 1458 3087 pru

285 3135 345 3200 quo
371 3115 527 3201 legatione
549 3118 699 3202 fungeris,
724 3119 889 3206 privilegio
913 3120 996 3186 sedis
1020 3118 1211 3206 apostolicae
1233 3116 1459 3185 sublimatum·

284 3253 353 3299 esse
375 3239 508 3318 constat,
532 3235 577 3300 ita
600 3235 695 3300 etiam
719 3239 846 3302 nostrae
870 3237 1067 3303 auctoritatis
1089 3240 1258 3322 praecepto
1278 3233 1459 3318 roboretur,

284 3348 403 3435 placuit
424 3349 515 3416 nobis
539 3350 743 3435 petitionibus
765 3353 830 3418 tuis
854 3371 1015 3418 assensum
1035 3351 1195 3438 praebere.
1230 3351 1275 3417 Et
1288 3351 1360 3418 ideo
1375 3349 1461 3416 banc

284 3470 411 3531 nostrae
438 3466 669 3552 praeceptionis
697 3467 811 3534 seriem
840 3468 880 3535 ob
909 3467 1059 3534 bonorem
1083 3467 1145 3534 Dei
1166 3473 1199 3534 et
1219 3467 1460 3534 uenerab'onem

285 3581 386 3647 sancti
414 3579 501 3648 Petri
535 3582 689 3649 conscribi
718 3584 879 3650 iussimus.
921 3583 981 3650 Per
1015 3603 1111 3669 quam
1143 3583 1345 3670 privilegium
1373 3581 1460 3650 sedis

285 3697 491 3782 apostolicae,
515 3719 534 3765 a
557 3697 647 3765 beatu
671 3697 824 3765 Zacharia
846 3701 905 3767 tibi
928 3699 1093 3784 collatum,
1117 3719 1188 3766 cum
1211 3719 1367 3767 consensu
1390 3701 1461 3785 epi-

284 3831 451 3899 scoporum
474 3821 730 3900 caeterorumque
751 3814 891 3882 fidelium
913 3821 1094 3883 nostrorum
1117 3836 1174 3904 per
1197 3815 1304 3883 omnia
1324 3815 1461 3883 robora-

285 3948 371 4010 mua3
394 3931 635 4018 praecipientes,
659 3937 696 3998 ut
716 3931 822 3998 nullus
845 3932 1044 4000 sacerdotum
1066 3933 1100 3998 in
1121 3951 1220 4018 regno
1242 3937 1354 3998 nostro
1376 3931 1462 3998 diri·

284 4045 370 4112 nitus
398 4047 488 4114 nobis
517 4067 664 4114 concesso
693 4048 726 4114 in
752 4050 895 4135 praelato
924 4049 1115 4116 monasterio
1140 4049 1291 4116 ditionem
1316 4048 1461 4135 aliquam

357 4228 378 4261 a
398 4228 444 4275 qua
459 4233 479 4262 c.
556 4216 579 4262 b.
600 4216 734 4263 sublimatus
750 4235 771 4263 a.

358 4320 382 4373 1.
405 4319 471 4375 Luc.
487 4321 529 4391 10,
540 4320 585 4376 42.
687 4323 712 4376 2.
736 4321 771 4378 V.
789 4321 856 4376 Luc.
870 4323 894 4393 1,
907 4322 950 4378 52.
1049 4323 1330 4396 svprascriptam
1348 4319 1461 4392 Pippini

285 4405 359 4475 regis
377 4421 420 4478 ap.
439 4408 553 4465 Dronke
571 4408 639 4466 eod.
658 4409 767 4480 diplom.
786 4410 931 4467 Fuldensis
948 4427 976 4483 p.
988 4412 1014 4467 4.
