3090 4848
325 303 352 351 s.
370 305 545 351 sosnnun
566 305 611 352 nr
633 305 736 352 nunu
758 303 946 353 nr1suonsn
970 303 1049 350 naas
1227 289 1270 354 85

95 443 275 512 iunioribus
296 445 415 512 nostris
437 465 493 512 sen
515 445 622 512 missis
645 444 884 536 decurrentibus
907 451 939 514 et
961 445 1072 512 amieis
1088 446 1207 515 nostris
1223 447 1272 514 in·
1292 456 1344 511 723

95 560 214 628 luster·
237 561 288 627 vir
310 559 440 628 Carlus‘
462 561 565 628 maior
587 560 715 646 domus,
738 559 818 628 bene
841 561 972 648 cupiens
995 565 1108 628 voster.

185 675 403 761 Cognosoatis,
427 676 564 762 qualiter
585 677 777 764 apostolious
800 677 859 761 vir,
882 677 917 744 in
937 676 1064 745 Christo
1087 682 1188 764 pater,
1211 676 1273 745 Bo·

95 793 232 860 nifaoius
262 793 428 880 episeopus
457 793 498 860 ad
525 813 584 860 nos
611 794 700 862 venit
728 799 761 861 et
786 793 878 860 nobis
907 793 1080 878 suggessit,
1108 793 1192 878 quod
1214 794 1273 861 sub

42 989 48 998 ι
95 913 205 976 nostro
234 909 483 977 mundeburdio⁰
518 909 568 978 vel
597 910 777 978 defensione
806 931 877 978 eum
905 910 1048 996 recipere
1077 907 1272 977 deberemus.

95 1023 186 1103 Quod
209 1025 258 1092 ita
279 1045 337 1092 nos
360 1029 506 1109 gratante
528 1025 634 1092 animo
656 1025 735 1094 bood
757 1026 880 1112 fecisse,
903 1025 1091 1110 eognosoits.
1137 1024 1273 1092 Proinde

94 1161 153 1207 nos
177 1140 288 1208 taliter
308 1141 381 1225 visi,
403 1141 535 1208 fecimus
557 1143 588 1209 ei
609 1163 706 1210 manu
720 1147 830 1209 nostra
844 1141 1025 1210 roboratam
1040 1141 1130 1208 dare:
1154 1146 1190 1208 ut
1204 1139 1274 1209 ubi·

95 1276 251 1342 eumque,
279 1257 335 1326 ubi
357 1261 390 1324 et
412 1257 481 1340 ubi,
511 1257 673 1326 ambulare
695 1259 837 1342 videtur,
868 1278 941 1325 eum
963 1263 1071 1324 nosbo
1095 1276 1202 1325 amore
1223 1255 1275 1324 vel

95 1372 156 1438 snb
185 1377 297 1438 nostro
324 1373 570 1440 mundeburdio·
594 1380 626 1442 et
648 1373 829 1442 defensione
852 1374 977 1459 quietus
998 1372 1050 1440 vel
1072 1375 1274 1440 conservatus

96 1507 169 1555 esse
191 1487 321 1570 debeat3
344 1489 378 1554 in
401 1490 594 1573 eiuratione,
617 1495 653 1557 ut
675 1490 830 1557 iustitiam
845 1488 958 1557 reddat
973 1494 1005 1555 et
1021 1488 1168 1556 similitor
1183 1487 1275 1555 iusti·

94 1605 179 1670 fiam
201 1603 360 1690 aooipiat‘.
398 1603 442 1671 Et
465 1605 493 1671 si
515 1604 622 1690 aliqua
643 1605 785 1673 oausatio
806 1605 856 1673 vel
870 1606 1041 1672 nenessitas
1057 1605 1086 1671 oi
1103 1604 1275 1688 advenerit,

96 1740 183 1806 quae
211 1739 269 1807 per
296 1718 398 1804 legem
428 1718 552 1788 definiri
580 1741 644 1788 non
666 1721 823 1808 potnerit,
851 1741 951 1807 usquo
974 1726 1047 1788 ante
1069 1739 1127 1787 nos
1150 1721 1275 1806 quietus

96 1836 150 1902 vel
176 1841 379 1904 eonservetns
402 1856 471 1904 esse
502 1836 631 1921 debeat,
662 1843 759 1922 quot⁸
781 1837 866 1925 ipse,
895 1857 990 1924 quam
1014 1837 1068 1922 qui
1090 1857 1148 1924 per
1170 1837 1275 1924 ipsum

1 1980 3 2002 r
96 1971 232 2040 sperare
259 1951 423 2034 videntur3
452 1958 489 2020 ut
511 1952 541 2020 ei
563 1952 669 2020 nullus
691 1952 789 2020 ullam
812 1954 1068 2020 contrarietatem
1090 1952 1141 2020 vel
1163 1951 1276 2039 ‹lamp-

95 2069 264 2136 nationem
285 2068 435 2137 odversus
450 2089 522 2136 eum
536 2069 640 2136 faeere
655 2070 736 2136 nonh
752 2070 881 2152 dobeat3
904 2069 967 2136 nisi
983 2073 1018 2136 ut
1033 2069 1276 2155 omnitempore

95 2186 161 2252 snb
184 2189 293 2252 nostro
314 2184 556 2252 mundeburdio¹
578 2184 629 2252 vel
650 2185 831 2253 defensione
847 2185 971 2272 quietus
987 2184 1038 2254 vel
1053 2183 1276 2252 oonservatus¹

94 2300 242 2368 residere
265 2299 385 2368 debeat
430 2300 475 2368 Et
496 2307 532 2368 ut
553 2301 669 2368 eortius
693 2302 855 2386 eradatur,
883 2322 980 2370 manu
1009 2301 1141 2389 propria
1168 2301 1277 2370 subter

96 2416 229 2486 firmavi
251 2423 284 2485 et
306 2417 344 2484 de
368 2417 461 2486 onulo
483 2421 592 2485 nostro
615 2419 724 2487 subter
746 2417 964 2503 sigillavimus.

98 2634 166 2704 25.
195 2629 369 2720 &aanor
384 2631 428 2698 II
440 2655 533 2720 popo
547 2632 726 2718 Bonifatio,
752 2635 838 2720 qood
861 2645 1002 2720 coeptum
1025 2653 1104 2720 opus
1122 2653 1277 2718 praepare
1413 2646 1417 2655 ·

187 2750 352 2836 procedat,
367 2749 557 2835 gratulatur.
582 2747 750 2834 Significat
765 2751 803 2814 de
818 2749 957 2836 epistolis
973 2749 1017 2813 aci
1028 2747 1175 2814 Carsium
1184 2747 1276 2814 Mar·

192 2865 300 2932 tellum
328 2877 357 2930 et
378 2865 422 2929 aci
444 2863 623 2951 Thorinqoo
647 2877 675 2930 et
697 2867 741 2930 od
763 2861 953 2934 Gernaonioe
972 2863 1128 2950 populum
1149 2861 1275 2928 mieoi'a'.

985 2976 1021 3061 (S
1040 2979 1113 3063 125,
1135 2975 1204 3045 WG
1223 2977 1275 3058 fb)

191 3113 459 3182 Reverentissimo
495 3117 526 3180 et
554 3111 754 3180 sanstissimo
783 3113 875 3179 iratri
903 3111 1061 3179 Bonifatio
1090 3111 1275 3199 eoepiseopo
1293 3121 1360 3240 Dioge

98 3229 277 3314 Gregorius
301 3249 409 3296 servus
433 3247 595 3296 servorum
617 3227 687 3294 Dei.
1358 3195 1373 3240 ⁴

193 3345 341 3413 Creditus
364 3343 586 3431 speculationis
608 3342 820 3410 sollieitudine
834 3344 980 3430 permoti,
1004 3342 1186 3428 euangelias
1200 3362 1277 3427 quo·

97 3485 163 3550 que
186 3461 402 3545 institutione,
426 3481 488 3546 qua
511 3461 570 3526 ait:
597 3460 787 3526 Obsecraee·
809 3462 972 3526 dominum
993 3463 1111 3540 merab,
1136 3472 1171 3525 ot
1186 3461 1278 3525 eieim

96 3583 271 3670 operamus
293 3581 328 3644 in
349 3601 477 3644 meroem
499 3599 590 3643 eoam
599 3572 617 3658 ¹,
641 3580 729 3642 tuam
752 3575 885 3661 proinde
908 3574 1113 3642 reverendam
1128 3573 1276 3642 fraterni·

95 3703 200 3764 ratem
228 3693 269 3760 ad
291 3693 499 3760 imitabonem
516 3691 731 3780 apostolorum
748 3727 789 3738 -
805 3695 842 3757 ut
855 3690 992 3758 Domino
1007 3690 1134 3759 iubente
1150 3709 1277 3778 praeoe-

1 3851 2 3860 κ
94 3813 148 3901 pei
173 3815 265 3878 sunt:
288 3811 407 3878 &ntes
417 3812 602 3898 praedicate
617 3809 814 3896 arengalium
828 3802 953 3894 regni¹,·
977 3805 1085 3876 Gratti
1101 3809 1274 3895 occepisti,

175 3995 197 4027 n.
219 3977 324 4026 lnluslris
346 3981 418 4026 MCo.
505 3978 528 4024 b.
549 3976 643 4024 cuorus
660 3977 700 4025 Cl-
788 3987 808 4023 e.
828 3974 992 4033 mundeburglo
1010 3977 1103 4023 near.
1190 3973 1277 4021 d.hoe

1 4037 2 4044 '
95 4065 199 4111 eam
217 4069 252 4106 m
268 4061 290 4105 a
307 4061 350 4107 ca.
418 4072 437 4105 ο.
453 4057 616 4114 mmoaourgso
634 4059 677 4105 ca.
744 4055 760 4103 r.
776 4055 873 4116 erepat
889 4059 922 4102 η.
991 4068 1012 4114 g.
1029 4073 1085 4102 eon.
1102 4057 1125 4101 a
1140 4055 1276 4102 ancaeo

1 4133 2 4178 ἶ
94 4141 120 4190 b.
145 4156 194 4189 non
211 4141 309 4188 dalem
326 4148 359 4186 ere
374 4141 397 4186 iu
414 4139 492 4187 caet.
559 4138 575 4186 l.
596 4135 759 4194 mundeburgio
777 4139 820 4183 Ca.
885 4134 908 4181 l.
929 4137 1075 4182 conservatur
1089 4137 1147 4182 MV.
1213 4133 1229 4180 l.
1247 4149 1277 4180 es

97 4225 128 4270 ΙΙ
144 4222 250 4274 8-917,
273 4222 295 4268 C
309 4219 396 4265 f-fe.
428 4221 481 4266 δὺν
501 4219 604 4262 lemmate
622 4220 660 4270 M,
684 4216 723 4261 ult
741 4225 814 4262 tomen
836 4219 859 4262 is
874 4217 980 4278 Gregorii
994 4219 1020 4262 11
1033 4217 1113 4262 litteris
1126 4214 1204 4273 perita
1220 4213 1277 4259 base

96 4304 202 4362 epistola
219 4309 267 4354 erse
284 4298 340 4344 ltarn
357 4298 460 4356 Gregorii
474 4297 537 4344 tertii
554 4299 580 4344 C.
658 4309 688 4342 m.
709 4294 804 4342 obseura
821 4299 854 4350 M,
871 4295 990 4342 obsecrare
1007 4297 1033 4342 C.

175 4408 201 4461 1.
225 4401 322 4460 nano.
336 4403 361 4474 9,
375 4403 418 4474 38,
436 4402 502 4458 Luo.
517 4401 557 4471 10,
571 4401 596 4456 2.
687 4400 713 4455 2.
737 4396 778 4455 cf.
796 4399 936 4468 Marulli,
951 4399 993 4454 15.
