<?xml version="1.0" encoding="UTF-8"?>
<!DOCTYPE html PUBLIC "-//W3C//DTD XHTML 1.0 Transitional//EN"
    "http://www.w3.org/TR/xhtml1/DTD/xhtml1-transitional.dtd">
<html xmlns="http://www.w3.org/1999/xhtml" xml:lang="en" lang="en">
 <head>
  <title>
</title>
<meta http-equiv="Content-Type" content="text/html;charset=utf-8" />
  <meta name='ocr-system' content='tesseract 3.04.00' />
  <meta name='ocr-capabilities' content='ocr_page ocr_carea ocr_par ocr_line ocrx_word'/>
</head>
<body>
  <div class='ocr_page' id='page_1' title='image "./bibliothecareru03jaffgoog_0592.png"; bbox 0 0 3176 4846; ppageno 0'>
   <div class='ocr_carea' id='block_1_1' title="bbox 326 271 1081 342">
    <p class='ocr_par' dir='ltr' id='par_1_1' title="bbox 326 271 1081 342">
     <span class='ocr_line' id='line_1_1' title="bbox 326 271 1081 342; baseline -0.004 -1"><span class='ocrx_word' id='word_1_1' title='bbox 326 271 392 342; x_wconf 78' lang='grc'><strong>676</strong></span> <span class='ocrx_word' id='word_1_2' title='bbox 462 305 464 308; x_wconf 93' lang='grc'><strong><em>·</em></strong></span> <span class='ocrx_word' id='word_1_3' title='bbox 737 287 818 339; x_wconf 78' lang='lat' dir='ltr'><strong>vnn</strong></span> <span class='ocrx_word' id='word_1_4' title='bbox 840 287 1035 338; x_wconf 73' lang='lat' dir='ltr'><strong>munerant</strong></span> <span class='ocrx_word' id='word_1_5' title='bbox 1054 289 1081 338; x_wconf 89' lang='lat' dir='ltr'><strong>n</strong></span> 
     </span>
    </p>
   </div>
   <div class='ocr_carea' id='block_1_2' title="bbox 368 429 1371 4112">
    <p class='ocr_par' dir='ltr' id='par_1_2' title="bbox 368 429 1371 4112">
     <span class='ocr_line' id='line_1_2' title="bbox 436 429 1197 520; baseline -0.004 -20"><span class='ocrx_word' id='word_1_6' title='bbox 436 433 588 500; x_wconf 76' lang='lat' dir='ltr'><strong>Turribus</strong></span> <span class='ocrx_word' id='word_1_7' title='bbox 610 439 643 500; x_wconf 77' lang='lat' dir='ltr'><strong>at</strong></span> <span class='ocrx_word' id='word_1_8' title='bbox 663 432 780 520; x_wconf 81' lang='lat' dir='ltr'><strong>pertin,</strong></span> <span class='ocrx_word' id='word_1_9' title='bbox 801 432 878 498; x_wconf 81' lang='lat' dir='ltr'><strong>valli</strong></span> <span class='ocrx_word' id='word_1_10' title='bbox 900 431 1074 499; x_wconf 76' lang='lat' dir='ltr'><strong>munimine</strong></span> <span class='ocrx_word' id='word_1_11' title='bbox 1094 429 1197 516; x_wconf 78' lang='lat' dir='ltr'><strong>fortir,</strong></span> 
     </span>
     <span class='ocr_line' id='line_1_3' title="bbox 437 547 1282 635; baseline -0.005 -19"><span class='ocrx_word' id='word_1_12' title='bbox 437 549 512 617; x_wconf 80' lang='lat' dir='ltr'><strong>urbs</strong></span> <span class='ocrx_word' id='word_1_13' title='bbox 535 549 625 616; x_wconf 82' lang='lat' dir='ltr'><strong>sedet</strong></span> <span class='ocrx_word' id='word_1_14' title='bbox 645 549 680 614; x_wconf 93' lang='lat' dir='ltr'><strong>in</strong></span> <span class='ocrx_word' id='word_1_15' title='bbox 701 547 811 635; x_wconf 85' lang='lat' dir='ltr'><strong>plane,</strong></span> <span class='ocrx_word' id='word_1_16' title='bbox 836 567 916 634; x_wconf 87' lang='lat' dir='ltr'><strong>quae</strong></span> <span class='ocrx_word' id='word_1_17' title='bbox 938 548 1079 634; x_wconf 72' lang='lat' dir='ltr'><strong>praeitur</strong></span> <span class='ocrx_word' id='word_1_18' title='bbox 1101 565 1173 616; x_wconf 86' lang='lat' dir='ltr'><strong>aere</strong></span> <span class='ocrx_word' id='word_1_19' title='bbox 1195 564 1282 613; x_wconf 77' lang='lat' dir='ltr'><strong>ame.</strong></span> 
     </span>
     <span class='ocr_line' id='line_1_4' title="bbox 436 663 1295 762; baseline -0.002 -31"><span class='ocrx_word' id='word_1_20' title='bbox 436 663 554 748; x_wconf 77' lang='lat' dir='ltr'><strong>Longis</strong></span> <span class='ocrx_word' id='word_1_21' title='bbox 575 669 608 730; x_wconf 87' lang='lat' dir='ltr'><strong>et</strong></span> <span class='ocrx_word' id='word_1_22' title='bbox 628 664 702 730; x_wconf 81' lang='lat' dir='ltr'><strong>latis</strong></span> <span class='ocrx_word' id='word_1_23' title='bbox 724 669 757 730; x_wconf 87' lang='lat' dir='ltr'><strong>et</strong></span> <span class='ocrx_word' id='word_1_24' title='bbox 778 665 877 732; x_wconf 82' lang='lat' dir='ltr'><strong>muria</strong></span> <span class='ocrx_word' id='word_1_25' title='bbox 899 663 991 730; x_wconf 85' lang='lat' dir='ltr'><strong>iirma</strong></span> <span class='ocrx_word' id='word_1_26' title='bbox 1012 663 1184 748; x_wconf 82' lang='lat' dir='ltr'><strong>quadratis,</strong></span> <span class='ocrx_word' id='word_1_27' title='bbox 1290 755 1295 762; x_wconf 30' lang='grc' dir='ltr'>Ι</span> 
     </span>
     <span class='ocr_line' id='line_1_5' title="bbox 370 778 1229 868; baseline -0.002 -21"><span class='ocrx_word' id='word_1_28' title='bbox 370 799 415 847; x_wconf 84' lang='lat' dir='ltr'><strong>aee</strong></span> <span class='ocrx_word' id='word_1_29' title='bbox 438 781 596 868; x_wconf 78' lang='lat' dir='ltr'><strong>prominet</strong></span> <span class='ocrx_word' id='word_1_30' title='bbox 618 778 798 863; x_wconf 75' lang='lat' dir='ltr'><strong>alteratis,</strong></span> <span class='ocrx_word' id='word_1_31' title='bbox 821 798 884 845; x_wconf 89' lang='lat' dir='ltr'><strong>uon</strong></span> <span class='ocrx_word' id='word_1_32' title='bbox 907 797 1024 865; x_wconf 81' lang='lat' dir='ltr'><strong>parvae</strong></span> <span class='ocrx_word' id='word_1_33' title='bbox 1045 779 1229 862; x_wconf 63' lang='lat' dir='ltr'><strong>inutilitatis,</strong></span> 
     </span>
     <span class='ocr_line' id='line_1_6' title="bbox 435 890 1244 980; baseline -0.002 -17"><span class='ocrx_word' id='word_1_34' title='bbox 435 913 495 963; x_wconf 81' lang='lat' dir='ltr'><strong>nee</strong></span> <span class='ocrx_word' id='word_1_35' title='bbox 514 900 581 963; x_wconf 90' lang='lat' dir='ltr'><strong>tam</strong></span> <span class='ocrx_word' id='word_1_36' title='bbox 602 894 737 961; x_wconf 82' lang='lat' dir='ltr'><strong>feannda</strong></span> <span class='ocrx_word' id='word_1_37' title='bbox 759 913 853 980; x_wconf 88' lang='lat' dir='ltr'><strong>qnam</strong></span> <span class='ocrx_word' id='word_1_38' title='bbox 875 894 952 960; x_wconf 79' lang='lat' dir='ltr'><strong>ialin</strong></span> <span class='ocrx_word' id='word_1_39' title='bbox 973 890 1129 961; x_wconf 79' lang='lat' dir='ltr'><strong>flumiuie¹</strong></span> <span class='ocrx_word' id='word_1_40' title='bbox 1151 895 1244 961; x_wconf 87' lang='lat' dir='ltr'><strong>unda.</strong></span> 
     </span>
     <span class='ocr_line' id='line_1_7' title="bbox 436 1009 1148 1096; baseline -0.001 -18"><span class='ocrx_word' id='word_1_41' title='bbox 436 1010 619 1078; x_wconf 85' lang='lat' dir='ltr'><strong>Innumeros</strong></span> <span class='ocrx_word' id='word_1_42' title='bbox 642 1011 726 1077; x_wconf 79' lang='lat' dir='ltr'><strong>niven</strong></span> <span class='ocrx_word' id='word_1_43' title='bbox 750 1010 808 1077; x_wconf 88' lang='lat' dir='ltr'><strong>alit</strong></span> <span class='ocrx_word' id='word_1_44' title='bbox 828 1009 915 1076; x_wconf 79' lang='lat' dir='ltr'><strong>urbis</strong></span> <span class='ocrx_word' id='word_1_45' title='bbox 938 1011 1030 1096; x_wconf 88' lang='lat' dir='ltr'><strong>eopia</strong></span> <span class='ocrx_word' id='word_1_46' title='bbox 1051 1011 1148 1077; x_wconf 75' lang='lat' dir='ltr'><strong>diret.</strong></span> 
     </span>
     <span class='ocr_line' id='line_1_8' title="bbox 437 1125 1229 1214; baseline 0 -21"><span class='ocrx_word' id='word_1_47' title='bbox 437 1125 498 1194; x_wconf 91' lang='lat' dir='ltr'><strong>Hie</strong></span> <span class='ocrx_word' id='word_1_48' title='bbox 519 1125 579 1193; x_wconf 90' lang='lat' dir='ltr'><strong>alit</strong></span> <span class='ocrx_word' id='word_1_49' title='bbox 599 1131 632 1193; x_wconf 87' lang='lat' dir='ltr'><strong>et</strong></span> <span class='ocrx_word' id='word_1_50' title='bbox 653 1126 772 1194; x_wconf 86' lang='lat' dir='ltr'><strong>elerum</strong></span> <span class='ocrx_word' id='word_1_51' title='bbox 794 1131 977 1192; x_wconf 84' lang='lat' dir='ltr'><strong>aunetarnrn</strong></span> <span class='ocrx_word' id='word_1_52' title='bbox 1000 1127 1092 1214; x_wconf 88' lang='lat' dir='ltr'><strong>eopia</strong></span> <span class='ocrx_word' id='word_1_53' title='bbox 1112 1145 1229 1210; x_wconf 87' lang='lat' dir='ltr'><strong>rerum,</strong></span> 
     </span>
     <span class='ocr_line' id='line_1_9' title="bbox 435 1241 1262 1330; baseline -0.001 -21"><span class='ocrx_word' id='word_1_54' title='bbox 435 1241 558 1327; x_wconf 77' lang='lat' dir='ltr'><strong>legibus</strong></span> <span class='ocrx_word' id='word_1_55' title='bbox 581 1247 740 1326; x_wconf 85' lang='lat' dir='ltr'><strong>ornatum,</strong></span> <span class='ocrx_word' id='word_1_56' title='bbox 765 1261 843 1327; x_wconf 81' lang='lat' dir='ltr'><strong>quas</strong></span> <span class='ocrx_word' id='word_1_57' title='bbox 865 1241 973 1309; x_wconf 81' lang='lat' dir='ltr'><strong>sanxit</strong></span> <span class='ocrx_word' id='word_1_58' title='bbox 992 1242 1103 1326; x_wconf 70' lang='lat' dir='ltr'><strong>regula</strong></span> <span class='ocrx_word' id='word_1_59' title='bbox 1124 1249 1262 1330; x_wconf 87' lang='lat' dir='ltr'><strong>patrum,</strong></span> 
     </span>
     <span class='ocr_line' id='line_1_10' title="bbox 370 1357 1233 1445; baseline 0.001 -21"><span class='ocrx_word' id='word_1_60' title='bbox 370 1375 415 1424; x_wconf 84' lang='lat' dir='ltr'><strong>ate</strong></span> <span class='ocrx_word' id='word_1_61' title='bbox 438 1358 563 1424; x_wconf 81' lang='lat' dir='ltr'><strong>instieia</strong></span> <span class='ocrx_word' id='word_1_62' title='bbox 584 1357 728 1444; x_wconf 87' lang='lat' dir='ltr'><strong>plenum,</strong></span> <span class='ocrx_word' id='word_1_63' title='bbox 751 1362 933 1445; x_wconf 78' lang='lat' dir='ltr'><strong>pascentem</strong></span> <span class='ocrx_word' id='word_1_64' title='bbox 955 1357 1067 1442; x_wconf 77' lang='lat' dir='ltr'><strong>vulgus</strong></span> <span class='ocrx_word' id='word_1_65' title='bbox 1089 1378 1233 1443; x_wconf 73' lang='lat' dir='ltr'><strong>egenm,</strong></span> 
     </span>
     <span class='ocr_line' id='line_1_11' title="bbox 437 1473 1128 1560; baseline 0 -20"><span class='ocrx_word' id='word_1_66' title='bbox 437 1473 572 1557; x_wconf 76' lang='lat' dir='ltr'><strong>virginei</strong></span> <span class='ocrx_word' id='word_1_67' title='bbox 592 1473 689 1540; x_wconf 82' lang='lat' dir='ltr'><strong>ureris</strong></span> <span class='ocrx_word' id='word_1_68' title='bbox 711 1473 762 1540; x_wconf 83' lang='lat' dir='ltr'><strong>rei</strong></span> <span class='ocrx_word' id='word_1_69' title='bbox 784 1474 864 1540; x_wconf 80' lang='lat' dir='ltr'><strong>uasti</strong></span> <span class='ocrx_word' id='word_1_70' title='bbox 886 1475 977 1557; x_wconf 75' lang='lat' dir='ltr'><strong>rigua</strong></span> <span class='ocrx_word' id='word_1_71' title='bbox 998 1473 1128 1560; x_wconf 75' lang='lat' dir='ltr'><strong>pudoris</strong></span> 
     </span>
     <span class='ocr_line' id='line_1_12' title="bbox 435 1589 1262 1676; baseline 0 -21"><span class='ocrx_word' id='word_1_72' title='bbox 435 1589 560 1674; x_wconf 74' lang='lat' dir='ltr'><strong>integra</strong></span> <span class='ocrx_word' id='word_1_73' title='bbox 582 1595 776 1672; x_wconf 80' lang='lat' dir='ltr'><strong>servantem,</strong></span> <span class='ocrx_word' id='word_1_74' title='bbox 799 1609 858 1656; x_wconf 88' lang='lat' dir='ltr'><strong>nee</strong></span> <span class='ocrx_word' id='word_1_75' title='bbox 878 1589 958 1674; x_wconf 77' lang='lat' dir='ltr'><strong>legia</strong></span> <span class='ocrx_word' id='word_1_76' title='bbox 981 1609 1060 1676; x_wconf 81' lang='lat' dir='ltr'><strong>epus</strong></span> <span class='ocrx_word' id='word_1_77' title='bbox 1082 1589 1262 1658; x_wconf 78' lang='lat' dir='ltr'><strong>violantem.</strong></span> 
     </span>
     <span class='ocr_line' id='line_1_13' title="bbox 436 1704 1245 1774; baseline 0 -2"><span class='ocrx_word' id='word_1_78' title='bbox 436 1704 535 1772; x_wconf 73' lang='lat' dir='ltr'><strong>iatine</strong></span> <span class='ocrx_word' id='word_1_79' title='bbox 553 1705 704 1773; x_wconf 77' lang='lat' dir='ltr'><strong>eeclesiae</strong></span> <span class='ocrx_word' id='word_1_80' title='bbox 726 1704 837 1771; x_wconf 80' lang='lat' dir='ltr'><strong>demna</strong></span> <span class='ocrx_word' id='word_1_81' title='bbox 859 1706 964 1772; x_wconf 80' lang='lat' dir='ltr'><strong>estin</strong></span> <span class='ocrx_word' id='word_1_82' title='bbox 986 1705 1104 1774; x_wconf 86' lang='lat' dir='ltr'><strong>honere</strong></span> <span class='ocrx_word' id='word_1_83' title='bbox 1126 1704 1245 1772; x_wconf 81' lang='lat' dir='ltr'><strong>Mariae</strong></span> 
     </span>
     <span class='ocr_line' id='line_1_14' title="bbox 436 1819 1342 1908; baseline -0.001 -20"><span class='ocrx_word' id='word_1_84' title='bbox 436 1821 577 1903; x_wconf 82' lang='lat' dir='ltr'><strong>eondita3</strong></span> <span class='ocrx_word' id='word_1_85' title='bbox 600 1820 774 1908; x_wconf 76' lang='lat' dir='ltr'><strong>primarum</strong></span> <span class='ocrx_word' id='word_1_86' title='bbox 797 1826 883 1888; x_wconf 88' lang='lat' dir='ltr'><strong>tenet</strong></span> <span class='ocrx_word' id='word_1_87' title='bbox 904 1821 957 1888; x_wconf 85' lang='lat' dir='ltr'><strong>hia</strong></span> <span class='ocrx_word' id='word_1_88' title='bbox 979 1826 1011 1888; x_wconf 83' lang='lat' dir='ltr'><strong>et</strong></span> <span class='ocrx_word' id='word_1_89' title='bbox 1032 1821 1156 1888; x_wconf 87' lang='lat' dir='ltr'><strong>eulmen</strong></span> <span class='ocrx_word' id='word_1_90' title='bbox 1178 1819 1342 1905; x_wconf 84' lang='lat' dir='ltr'><strong>honoram,</strong></span> 
     </span>
     <span class='ocr_line' id='line_1_15' title="bbox 368 1937 1273 2023; baseline 0 -21"><span class='ocrx_word' id='word_1_91' title='bbox 368 1955 414 2002; x_wconf 86' lang='lat' dir='ltr'><strong>aee</strong></span> <span class='ocrx_word' id='word_1_92' title='bbox 436 1946 514 2022; x_wconf 88' lang='lat' dir='ltr'><strong>qne·</strong></span> <span class='ocrx_word' id='word_1_93' title='bbox 536 1937 645 2022; x_wconf 79' lang='lat' dir='ltr'><strong>genuit</strong></span> <span class='ocrx_word' id='word_1_94' title='bbox 665 1943 791 2022; x_wconf 88' lang='lat' dir='ltr'><strong>natum,</strong></span> <span class='ocrx_word' id='word_1_95' title='bbox 813 1938 917 2004; x_wconf 76' lang='lat' dir='ltr'><strong>earnis</strong></span> <span class='ocrx_word' id='word_1_96' title='bbox 938 1955 1003 2003; x_wconf 92' lang='lat' dir='ltr'><strong>nen</strong></span> <span class='ocrx_word' id='word_1_97' title='bbox 1025 1956 1120 2023; x_wconf 78' lang='lat' dir='ltr'><strong>passa</strong></span> <span class='ocrx_word' id='word_1_98' title='bbox 1142 1941 1273 2004; x_wconf 69' lang='lat' dir='ltr'><strong>reatum.</strong></span> 
     </span>
     <span class='ocr_line' id='line_1_16' title="bbox 480 2051 1192 2140; baseline 0 -20"><span class='ocrx_word' id='word_1_99' title='bbox 480 2052 541 2120; x_wconf 88' lang='lat' dir='ltr'><strong>Hie</strong></span> <span class='ocrx_word' id='word_1_100' title='bbox 563 2058 595 2120; x_wconf 86' lang='lat' dir='ltr'><strong>et</strong></span> <span class='ocrx_word' id='word_1_101' title='bbox 616 2051 772 2140; x_wconf 82' lang='lat' dir='ltr'><strong>pentiiieie</strong></span> <span class='ocrx_word' id='word_1_102' title='bbox 795 2053 915 2140; x_wconf 79' lang='lat' dir='ltr'><strong>eampis</strong></span> <span class='ocrx_word' id='word_1_103' title='bbox 937 2052 1055 2119; x_wconf 76' lang='lat' dir='ltr'><strong>insedit</strong></span> <span class='ocrx_word' id='word_1_104' title='bbox 1077 2051 1192 2139; x_wconf 77' lang='lat' dir='ltr'><strong>apricis</strong></span> 
     </span>
     <span class='ocr_line' id='line_1_17' title="bbox 436 2167 1140 2254; baseline -0.003 -18"><span class='ocrx_word' id='word_1_105' title='bbox 436 2167 570 2254; x_wconf 70' lang='lat' dir='ltr'><strong>Remigii</strong></span> <span class='ocrx_word' id='word_1_106' title='bbox 594 2170 695 2237; x_wconf 77' lang='lat' dir='ltr'><strong>saneti</strong></span> <span class='ocrx_word' id='word_1_107' title='bbox 718 2175 877 2236; x_wconf 78' lang='lat' dir='ltr'><strong>struetnra</strong></span> <span class='ocrx_word' id='word_1_108' title='bbox 898 2168 978 2235; x_wconf 83' lang='lat' dir='ltr'><strong>cella</strong></span> <span class='ocrx_word' id='word_1_109' title='bbox 1000 2167 1140 2235; x_wconf 79' lang='lat' dir='ltr'><strong>micanti.</strong></span> 
     </span>
     <span class='ocr_line' id='line_1_18' title="bbox 436 2283 1250 2369; baseline 0 -19"><span class='ocrx_word' id='word_1_110' title='bbox 436 2283 495 2363; x_wconf 83' lang='lat' dir='ltr'><strong>Qui</strong></span> <span class='ocrx_word' id='word_1_111' title='bbox 518 2303 617 2369; x_wconf 74' lang='lat' dir='ltr'><strong>genua</strong></span> <span class='ocrx_word' id='word_1_112' title='bbox 639 2286 784 2369; x_wconf 81' lang='lat' dir='ltr'><strong>ignarum</strong></span> <span class='ocrx_word' id='word_1_113' title='bbox 807 2285 962 2351; x_wconf 82' lang='lat' dir='ltr'><strong>eenrertit</strong></span> <span class='ocrx_word' id='word_1_114' title='bbox 984 2283 1250 2368; x_wconf 76' lang='lat' dir='ltr'><strong>Franeigenarnm</strong></span> 
     </span>
     <span class='ocr_line' id='line_1_19' title="bbox 437 2399 1235 2487; baseline -0.001 -20"><span class='ocrx_word' id='word_1_115' title='bbox 437 2400 478 2467; x_wconf 91' lang='lat' dir='ltr'><strong>ad</strong></span> <span class='ocrx_word' id='word_1_116' title='bbox 499 2399 573 2468; x_wconf 84' lang='lat' dir='ltr'><strong>fidei</strong></span> <span class='ocrx_word' id='word_1_117' title='bbox 595 2400 731 2485; x_wconf 79' lang='lat' dir='ltr'><strong>entem,</strong></span> <span class='ocrx_word' id='word_1_118' title='bbox 755 2401 844 2487; x_wconf 80' lang='lat' dir='ltr'><strong>prins</strong></span> <span class='ocrx_word' id='word_1_119' title='bbox 865 2401 1064 2468; x_wconf 73' lang='lat' dir='ltr'><strong>intractabile</strong></span> <span class='ocrx_word' id='word_1_120' title='bbox 1086 2399 1235 2482; x_wconf 81' lang='lat' dir='ltr'><strong>multum3</strong></span> 
     </span>
     <span class='ocr_line' id='line_1_20' title="bbox 370 2515 1295 2602; baseline 0.001 -21"><span class='ocrx_word' id='word_1_121' title='bbox 370 2535 415 2581; x_wconf 83' lang='lat' dir='ltr'><strong>aaa</strong></span> <span class='ocrx_word' id='word_1_122' title='bbox 437 2517 558 2602; x_wconf 80' lang='lat' dir='ltr'><strong>primns</strong></span> <span class='ocrx_word' id='word_1_123' title='bbox 582 2521 614 2583; x_wconf 85' lang='lat' dir='ltr'><strong>et</strong></span> <span class='ocrx_word' id='word_1_124' title='bbox 636 2535 779 2584; x_wconf 89' lang='lat' dir='ltr'><strong>errorum</strong></span> <span class='ocrx_word' id='word_1_125' title='bbox 800 2535 899 2601; x_wconf 77' lang='lat' dir='ltr'><strong>genua</strong></span> <span class='ocrx_word' id='word_1_126' title='bbox 922 2524 954 2584; x_wconf 85' lang='lat' dir='ltr'><strong>et</strong></span> <span class='ocrx_word' id='word_1_127' title='bbox 975 2515 1145 2584; x_wconf 75' lang='lat' dir='ltr'><strong>simulacra</strong></span> <span class='ocrx_word' id='word_1_128' title='bbox 1166 2516 1295 2583; x_wconf 86' lang='lat' dir='ltr'><strong>deornm</strong></span> 
     </span>
     <span class='ocr_line' id='line_1_21' title="bbox 437 2628 1174 2719; baseline 0.001 -22"><span class='ocrx_word' id='word_1_129' title='bbox 437 2631 489 2698; x_wconf 90' lang='lat' dir='ltr'><strong>hie</strong></span> <span class='ocrx_word' id='word_1_130' title='bbox 511 2629 714 2719; x_wconf 68' lang='lat' dir='ltr'><strong>emtirpavit;</strong></span> <span class='ocrx_word' id='word_1_131' title='bbox 738 2637 771 2701; x_wconf 87' lang='lat' dir='ltr'><strong>et</strong></span> <span class='ocrx_word' id='word_1_132' title='bbox 790 2628 916 2716; x_wconf 79' lang='lat' dir='ltr'><strong>regern¹</strong></span> <span class='ocrx_word' id='word_1_133' title='bbox 937 2633 1025 2700; x_wconf 83' lang='lat' dir='ltr'><strong>fante</strong></span> <span class='ocrx_word' id='word_1_134' title='bbox 1047 2631 1174 2717; x_wconf 78' lang='lat' dir='ltr'><strong>rigavit,</strong></span> 
     </span>
     <span class='ocr_line' id='line_1_22' title="bbox 437 2746 1242 2834; baseline 0 -20"><span class='ocrx_word' id='word_1_135' title='bbox 437 2767 535 2834; x_wconf 78' lang='lat' dir='ltr'><strong>supra</strong></span> <span class='ocrx_word' id='word_1_136' title='bbox 556 2747 766 2832; x_wconf 76' lang='lat' dir='ltr'><strong>Franeigenaa</strong></span> <span class='ocrx_word' id='word_1_137' title='bbox 787 2749 891 2815; x_wconf 72' lang='lat' dir='ltr'><strong>tenni</strong></span> <span class='ocrx_word' id='word_1_138' title='bbox 912 2749 966 2833; x_wconf 90' lang='lat' dir='ltr'><strong>qui</strong></span> <span class='ocrx_word' id='word_1_139' title='bbox 988 2749 1066 2815; x_wconf 78' lang='lat' dir='ltr'><strong>iuris</strong></span> <span class='ocrx_word' id='word_1_140' title='bbox 1088 2746 1242 2831; x_wconf 53' lang='lat' dir='ltr'><strong>habenam</strong></span> 
     </span>
     <span class='ocr_line' id='line_1_23' title="bbox 436 2863 1300 2948; baseline 0 -18"><span class='ocrx_word' id='word_1_141' title='bbox 436 2864 509 2930; x_wconf 89' lang='lat' dir='ltr'><strong>huie</strong></span> <span class='ocrx_word' id='word_1_142' title='bbox 531 2869 564 2930; x_wconf 90' lang='lat' dir='ltr'><strong>et</strong></span> <span class='ocrx_word' id='word_1_143' title='bbox 585 2864 700 2932; x_wconf 80' lang='lat' dir='ltr'><strong>eriema</strong></span> <span class='ocrx_word' id='word_1_144' title='bbox 722 2883 847 2932; x_wconf 74' lang='lat' dir='ltr'><strong>eaerum</strong></span> <span class='ocrx_word' id='word_1_145' title='bbox 867 2864 929 2930; x_wconf 85' lang='lat' dir='ltr'><strong>fuit</strong></span> <span class='ocrx_word' id='word_1_146' title='bbox 950 2865 990 2932; x_wconf 89' lang='lat' dir='ltr'><strong>ad</strong></span> <span class='ocrx_word' id='word_1_147' title='bbox 1013 2864 1119 2948; x_wconf 75' lang='lat' dir='ltr'><strong>regale</strong></span> <span class='ocrx_word' id='word_1_148' title='bbox 1140 2863 1300 2931; x_wconf 78' lang='lat' dir='ltr'><strong>laruarum</strong></span> 
     </span>
     <span class='ocr_line' id='line_1_24' title="bbox 436 2975 1327 3067; baseline -0.004 -19"><span class='ocrx_word' id='word_1_149' title='bbox 436 2980 567 3048; x_wconf 74' lang='lat' dir='ltr'><strong>anelitus</strong></span> <span class='ocrx_word' id='word_1_150' title='bbox 590 2975 748 3065; x_wconf 76' lang='lat' dir='ltr'><strong>allatuin&#39;,</strong></span> <span class='ocrx_word' id='word_1_151' title='bbox 772 2979 896 3047; x_wconf 79' lang='lat' dir='ltr'><strong>stillans</strong></span> <span class='ocrx_word' id='word_1_152' title='bbox 918 2999 976 3067; x_wconf 89' lang='lat' dir='ltr'><strong>per</strong></span> <span class='ocrx_word' id='word_1_153' title='bbox 998 2979 1138 3048; x_wconf 85' lang='lat' dir='ltr'><strong>Pnenrna</strong></span> <span class='ocrx_word' id='word_1_154' title='bbox 1158 2985 1327 3046; x_wconf 78' lang='lat' dir='ltr'><strong>narratum.</strong></span> 
     </span>
     <span class='ocr_line' id='line_1_25' title="bbox 368 3093 1304 3184; baseline 0 -23"><span class='ocrx_word' id='word_1_155' title='bbox 368 3113 414 3162; x_wconf 77' lang='lat' dir='ltr'><strong>are</strong></span> <span class='ocrx_word' id='word_1_156' title='bbox 480 3095 570 3163; x_wconf 83' lang='lat' dir='ltr'><strong>Hane</strong></span> <span class='ocrx_word' id='word_1_157' title='bbox 591 3115 690 3184; x_wconf 84' lang='lat' dir='ltr'><strong>prope</strong></span> <span class='ocrx_word' id='word_1_158' title='bbox 713 3096 913 3183; x_wconf 86' lang='lat' dir='ltr'><strong>metrepolim</strong></span> <span class='ocrx_word' id='word_1_159' title='bbox 936 3096 997 3163; x_wconf 84' lang='lat' dir='ltr'><strong>fuit</strong></span> <span class='ocrx_word' id='word_1_160' title='bbox 1020 3095 1203 3164; x_wconf 76' lang='lat' dir='ltr'><strong>execrabilia</strong></span> <span class='ocrx_word' id='word_1_161' title='bbox 1227 3093 1304 3162; x_wconf 91' lang='lat' dir='ltr'><strong>elim</strong></span> 
     </span>
     <span class='ocr_line' id='line_1_26' title="bbox 437 3211 1215 3300; baseline -0.003 -21"><span class='ocrx_word' id='word_1_162' title='bbox 437 3212 536 3280; x_wconf 87' lang='lat' dir='ltr'><strong>ardna</strong></span> <span class='ocrx_word' id='word_1_163' title='bbox 557 3214 747 3300; x_wconf 89' lang='lat' dir='ltr'><strong>templerum</strong></span> <span class='ocrx_word' id='word_1_164' title='bbox 769 3212 885 3297; x_wconf 83' lang='lat' dir='ltr'><strong>melea,</strong></span> <span class='ocrx_word' id='word_1_165' title='bbox 908 3213 1054 3280; x_wconf 84' lang='lat' dir='ltr'><strong>eoneleve</strong></span> <span class='ocrx_word' id='word_1_166' title='bbox 1076 3211 1215 3278; x_wconf 85' lang='lat' dir='ltr'><strong>deornm.</strong></span> 
     </span>
     <span class='ocr_line' id='line_1_27' title="bbox 436 3327 1239 3414; baseline -0.002 -18"><span class='ocrx_word' id='word_1_167' title='bbox 436 3327 532 3398; x_wconf 84' lang='lat' dir='ltr'><strong>Paret</strong></span> <span class='ocrx_word' id='word_1_168' title='bbox 555 3327 656 3396; x_wconf 84' lang='lat' dir='ltr'><strong>adhue</strong></span> <span class='ocrx_word' id='word_1_169' title='bbox 678 3329 790 3396; x_wconf 89' lang='lat' dir='ltr'><strong>horum</strong></span> <span class='ocrx_word' id='word_1_170' title='bbox 813 3329 909 3396; x_wconf 80' lang='lat' dir='ltr'><strong>faeies</strong></span> <span class='ocrx_word' id='word_1_171' title='bbox 933 3329 1064 3414; x_wconf 85' lang='lat' dir='ltr'><strong>antiqua</strong></span> <span class='ocrx_word' id='word_1_172' title='bbox 1084 3327 1239 3408; x_wconf 82' lang='lat' dir='ltr'><strong>leaernm3</strong></span> 
     </span>
     <span class='ocr_line' id='line_1_28' title="bbox 435 3443 1280 3532; baseline -0.005 -20"><span class='ocrx_word' id='word_1_173' title='bbox 435 3445 615 3532; x_wconf 85' lang='lat' dir='ltr'><strong>templaque</strong></span> <span class='ocrx_word' id='word_1_174' title='bbox 638 3446 805 3529; x_wconf 75' lang='lat' dir='ltr'><strong>semiruta,</strong></span> <span class='ocrx_word' id='word_1_175' title='bbox 828 3443 971 3531; x_wconf 86' lang='lat' dir='ltr'><strong>lapidum</strong></span> <span class='ocrx_word' id='word_1_176' title='bbox 994 3458 1145 3531; x_wconf 75' lang='lat' dir='ltr'><strong>compage</strong></span> <span class='ocrx_word' id='word_1_177' title='bbox 1168 3443 1280 3527; x_wconf 75' lang='lat' dir='ltr'><strong>reluta,</strong></span> 
     </span>
     <span class='ocr_line' id='line_1_29' title="bbox 437 3560 1205 3646; baseline -0.001 -19"><span class='ocrx_word' id='word_1_178' title='bbox 437 3560 559 3628; x_wconf 85' lang='lat' dir='ltr'><strong>advena</strong></span> <span class='ocrx_word' id='word_1_179' title='bbox 580 3562 728 3644; x_wconf 79' lang='lat' dir='ltr'><strong>miratnr3</strong></span> <span class='ocrx_word' id='word_1_180' title='bbox 752 3561 920 3646; x_wconf 79' lang='lat' dir='ltr'><strong>anulosque</strong></span> <span class='ocrx_word' id='word_1_181' title='bbox 942 3561 1033 3626; x_wconf 91' lang='lat' dir='ltr'><strong>rnina</strong></span> <span class='ocrx_word' id='word_1_182' title='bbox 1054 3566 1205 3626; x_wconf 86' lang='lat' dir='ltr'><strong>moratur.</strong></span> 
     </span>
     <span class='ocr_line' id='line_1_30' title="bbox 370 3675 1224 3765; baseline 0 -23"><span class='ocrx_word' id='word_1_183' title='bbox 370 3695 415 3742; x_wconf 77' lang='lat' dir='ltr'><strong>ara</strong></span> <span class='ocrx_word' id='word_1_184' title='bbox 439 3676 494 3745; x_wconf 86' lang='lat' dir='ltr'><strong>Set</strong></span> <span class='ocrx_word' id='word_1_185' title='bbox 515 3697 615 3765; x_wconf 87' lang='lat' dir='ltr'><strong>prope</strong></span> <span class='ocrx_word' id='word_1_186' title='bbox 636 3697 708 3745; x_wconf 89' lang='lat' dir='ltr'><strong>enm</strong></span> <span class='ocrx_word' id='word_1_187' title='bbox 730 3675 793 3743; x_wconf 89' lang='lat' dir='ltr'><strong>fine</strong></span> <span class='ocrx_word' id='word_1_188' title='bbox 815 3683 923 3744; x_wconf 86' lang='lat' dir='ltr'><strong>eareat</strong></span> <span class='ocrx_word' id='word_1_189' title='bbox 944 3695 1093 3744; x_wconf 80' lang='lat' dir='ltr'><strong>mensura</strong></span> <span class='ocrx_word' id='word_1_190' title='bbox 1115 3676 1224 3742; x_wconf 86' lang='lat' dir='ltr'><strong>ruinae</strong></span> 
     </span>
     <span class='ocr_line' id='line_1_31' title="bbox 438 3791 1333 3880; baseline -0.002 -20"><span class='ocrx_word' id='word_1_191' title='bbox 438 3795 589 3880; x_wconf 72' lang='lat' dir='ltr'><strong>signaque</strong></span> <span class='ocrx_word' id='word_1_192' title='bbox 611 3813 684 3864; x_wconf 87' lang='lat' dir='ltr'><strong>eum</strong></span> <span class='ocrx_word' id='word_1_193' title='bbox 706 3797 847 3861; x_wconf 75' lang='lat' dir='ltr'><strong>veterum</strong></span> <span class='ocrx_word' id='word_1_194' title='bbox 869 3792 935 3860; x_wconf 79' lang='lat' dir='ltr'><strong>aiut</strong></span> <span class='ocrx_word' id='word_1_195' title='bbox 956 3798 1041 3860; x_wconf 83' lang='lat' dir='ltr'><strong>taeta</strong></span> <span class='ocrx_word' id='word_1_196' title='bbox 1061 3791 1195 3860; x_wconf 75' lang='lat' dir='ltr'><strong>iurantia</strong></span> <span class='ocrx_word' id='word_1_197' title='bbox 1217 3809 1333 3877; x_wconf 87' lang='lat' dir='ltr'><strong>rernm,</strong></span> 
     </span>
     <span class='ocr_line' id='line_1_32' title="bbox 436 3908 1371 3997; baseline -0.002 -19"><span class='ocrx_word' id='word_1_198' title='bbox 436 3910 561 3997; x_wconf 83' lang='lat' dir='ltr'><strong>integra</strong></span> <span class='ocrx_word' id='word_1_199' title='bbox 582 3931 652 3978; x_wconf 90' lang='lat' dir='ltr'><strong>eum</strong></span> <span class='ocrx_word' id='word_1_200' title='bbox 676 3914 812 3994; x_wconf 68' lang='lat' dir='ltr'><strong>staram,</strong></span> <span class='ocrx_word' id='word_1_201' title='bbox 836 3929 916 3995; x_wconf 88' lang='lat' dir='ltr'><strong>qnae</strong></span> <span class='ocrx_word' id='word_1_202' title='bbox 937 3910 985 3976; x_wconf 82' lang='lat' dir='ltr'><strong>aia</strong></span> <span class='ocrx_word' id='word_1_203' title='bbox 1006 3909 1098 3975; x_wconf 89' lang='lat' dir='ltr'><strong>mode</strong></span> <span class='ocrx_word' id='word_1_204' title='bbox 1122 3908 1228 3976; x_wconf 84' lang='lat' dir='ltr'><strong>diruta</strong></span> <span class='ocrx_word' id='word_1_205' title='bbox 1248 3911 1371 3995; x_wconf 72' lang='lat' dir='ltr'><strong>parent,</strong></span> 
     </span>
     <span class='ocr_line' id='line_1_33' title="bbox 435 4023 1331 4112; baseline -0.002 -18"><span class='ocrx_word' id='word_1_206' title='bbox 435 4025 519 4094; x_wconf 88' lang='lat' dir='ltr'><strong>mole</strong></span> <span class='ocrx_word' id='word_1_207' title='bbox 541 4028 590 4093; x_wconf 81' lang='lat' dir='ltr'><strong>sui</strong></span> <span class='ocrx_word' id='word_1_208' title='bbox 611 4028 768 4111; x_wconf 83' lang='lat' dir='ltr'><strong>referunt,</strong></span> <span class='ocrx_word' id='word_1_209' title='bbox 792 4045 886 4112; x_wconf 85' lang='lat' dir='ltr'><strong>qnae,</strong></span> <span class='ocrx_word' id='word_1_210' title='bbox 912 4023 1032 4111; x_wconf 81' lang='lat' dir='ltr'><strong>qualia,</strong></span> <span class='ocrx_word' id='word_1_211' title='bbox 1058 4030 1176 4110; x_wconf 81' lang='lat' dir='ltr'><strong>quanta</strong></span> <span class='ocrx_word' id='word_1_212' title='bbox 1196 4025 1331 4092; x_wconf 56' lang='lat' dir='ltr'><strong>iterum</strong></span> 
     </span>
    </p>
   </div>
   <div class='ocr_carea' id='block_1_3' title="bbox 398 4207 544 4256">
    <p class='ocr_par' dir='ltr' id='par_1_3' title="bbox 398 4207 544 4256">
     <span class='ocr_line' id='line_1_34' title="bbox 398 4207 544 4256; baseline 0 -12"><span class='ocrx_word' id='word_1_213' title='bbox 398 4207 419 4244; x_wconf 78' lang='lat' dir='ltr'><strong>a.</strong></span> <span class='ocrx_word' id='word_1_214' title='bbox 440 4209 544 4256; x_wconf 72' lang='lat' dir='ltr'><strong>quana</strong></span> 
     </span>
    </p>
   </div>
   <div class='ocr_carea' id='block_1_4' title="bbox 327 4293 1492 4459">
    <p class='ocr_par' dir='ltr' id='par_1_4' title="bbox 327 4293 1492 4459">
     <span class='ocr_line' id='line_1_35' title="bbox 399 4293 1492 4368; baseline -0.003 -14"><span class='ocrx_word' id='word_1_215' title='bbox 399 4299 423 4354; x_wconf 87' lang='lat'><strong>1.</strong></span> <span class='ocrx_word' id='word_1_216' title='bbox 446 4299 563 4356; x_wconf 79' lang='lat' dir='ltr'><strong>virtutae</strong></span> <span class='ocrx_word' id='word_1_217' title='bbox 579 4299 693 4368; x_wconf 76' lang='lat' dir='ltr'><strong>(Venia).</strong></span> <span class='ocrx_word' id='word_1_218' title='bbox 800 4301 825 4355; x_wconf 75' lang='grc'><strong>2.</strong></span> <span class='ocrx_word' id='word_1_219' title='bbox 849 4299 1036 4356; x_wconf 76' lang='lat' dir='ltr'><strong>chlodoveum</strong></span> <span class='ocrx_word' id='word_1_220' title='bbox 1048 4297 1069 4354; x_wconf 91' lang='lat'><strong>1.</strong></span> <span class='ocrx_word' id='word_1_221' title='bbox 1176 4296 1260 4353; x_wconf 88' lang='lat' dir='ltr'><strong>av.</strong></span> <span class='ocrx_word' id='word_1_222' title='bbox 1279 4297 1418 4352; x_wconf 76' lang='lat' dir='ltr'><strong>Hinanrui</strong></span> <span class='ocrx_word' id='word_1_223' title='bbox 1436 4293 1492 4352; x_wconf 73' lang='lat' dir='ltr'><strong>vn</strong></span> 
     </span>
     <span class='ocr_line' id='line_1_36' title="bbox 327 4385 1101 4459; baseline 0.003 -19"><span class='ocrx_word' id='word_1_224' title='bbox 327 4386 355 4441; x_wconf 78' lang='lat' dir='ltr'><strong>S.</strong></span> <span class='ocrx_word' id='word_1_225' title='bbox 369 4385 485 4457; x_wconf 73' lang='lat' dir='ltr'><strong>Remigii</strong></span> <span class='ocrx_word' id='word_1_226' title='bbox 503 4404 526 4443; x_wconf 86' lang='lat' dir='ltr'><strong>a.</strong></span> <span class='ocrx_word' id='word_1_227' title='bbox 540 4389 579 4445; x_wconf 85' lang='lat' dir='ltr'><strong>IV</strong></span> <span class='ocrx_word' id='word_1_228' title='bbox 596 4389 668 4458; x_wconf 73' lang='lat' dir='ltr'><strong>aaa,</strong></span> <span class='ocrx_word' id='word_1_229' title='bbox 687 4387 759 4444; x_wconf 78' lang='lat' dir='ltr'><strong>Aeta</strong></span> <span class='ocrx_word' id='word_1_230' title='bbox 776 4387 825 4445; x_wconf 80' lang='lat' dir='ltr'><strong>ss.</strong></span> <span class='ocrx_word' id='word_1_231' title='bbox 845 4387 904 4444; x_wconf 82' lang='lat' dir='ltr'><strong>Oet.</strong></span> <span class='ocrx_word' id='word_1_232' title='bbox 923 4389 1026 4459; x_wconf 71' lang='lat' dir='ltr'><strong>&#39;Rip</strong></span> <span class='ocrx_word' id='word_1_233' title='bbox 1041 4389 1101 4443; x_wconf 74' lang='lat'>146.</span> 
     </span>
    </p>
   </div>
   <div class='ocr_carea' id='block_1_5' title="bbox 0 0 1592 4846">
    <p class='ocr_par' dir='ltr' id='par_1_5' title="bbox 0 0 1592 4846">
     <span class='ocr_line' id='line_1_37' title="bbox 0 0 1592 4846; baseline 0 1"><span class='ocrx_word' id='word_1_234' title='bbox 0 0 1592 4846; x_wconf 95' lang='lat' dir='ltr'><strong> </strong></span> 
     </span>
    </p>
   </div>
  </div>
 </body>
</html>
