3144 4852
323 345 404 392 vrrs
427 344 581 393 nuscum
603 343 864 393 enonmrusoorr
885 343 1081 392 nooununu
1217 321 1281 391 ddi

117 486 176 554 sub
202 487 274 572 ipsa
307 487 390 553 muri
423 487 584 574 crepidine
611 507 670 574 per
696 485 851 553 incendii·
877 485 1000 552 medius
1029 487 1188 552 tormenta
1214 489 1282 550 toto
1311 489 1380 546 1160

117 621 248 688 corpore
275 603 422 690 repens&
453 609 485 669 et
506 603 576 669 leve
598 623 694 669 manu
715 603 967 670 reverentissimo
989 601 1116 667 canitiei
1139 600 1281 684 cigneum
1298 563 1346 611 Μ
1359 563 1389 610 ²⁴

117 717 178 784 sibi
207 720 356 785 verticem
393 719 432 786 ab
460 720 613 786 estuantis
642 719 758 786 camini
784 720 907 784 fervore
935 737 972 783 eo
1000 736 1100 802 usquo
1129 715 1284 802 penaliter

116 838 350 920 protegens-
375 835 449 920 quia
476 855 513 900 es
540 854 669 919 munus,
699 855 791 920 quam
822 833 977 920 sincipitis
998 833 1115 899 iecerat
1137 831 1283 917 clipeum,

117 949 273 1036 stupenda
294 951 375 1017 facio
399 950 438 1017 ab
460 951 543 1034 iguis
564 952 640 1034 ium,
663 951 769 1017 nervis
793 950 1012 1034 articulisque·
1028 947 1206 1031 contractis,
1230 946 1284 1011 de-

116 1065 284 1150 rigniaco*
299 1102 342 1112 -
358 1065 487 1151 reliquis
511 1066 634 1153 capillis
650 1067 785 1154 pilisque
800 1067 930 1133 immani
947 1065 1109 1131 exustione
1126 1063 1165 1129 ad
1176 1067 1283 1129 'cutem

116 1200 217 1266 usque
239 1181 390 1264 decoctis3
414 1183 534 1249 vesicas
556 1183 772 1267 ignitissimas,
796 1203 857 1268 que
879 1182 918 1249 ab
933 1182 1007 1265 igue
1021 1181 1212 1262 ferbuerant,
1234 1178 1283 1244 in-

116 1296 197 1364 fixas
221 1298 311 1383 quasi
333 1299 476 1383 sagittus,
498 1300 532 1365 iu
548 1319 678 1386 corpore
693 1304 853 1384 gestans·;
878 1299 933 1382 sic,
957 1297 1077 1382 possim
1092 1294 1283 1378 combustus,

117 1414 159 1481 ad
180 1413 376 1480 certaminis'
398 1413 518 1499 locum,
547 1434 630 1482 nuno
654 1413 857 1498 miserabilis,
885 1417 978 1480 antea
999 1411 1284 1495 reverentissimus,

116 1529 320 1614 Msguutinus
343 1531 472 1597 accedit.

207 1645 352 1728 Accedit3
376 1648 484 1733 utique
506 1667 564 1733 per
585 1647 747 1730 immania,
771 1667 831 1731 que
847 1647 881 1711 iu
896 1663 1026 1732 corpore
1042 1651 1199 1712 tormenta
1213 1665 1285 1731 per-

117 1761 243 1846 tulerat,
268 1765 446 1848 spectatis
470 1763 618 1830 occultis¹
638 1761 700 1829 fide
722 1764 786 1829 iam
810 1761 965 1848 expiatus,
990 1761 1146 1846 quianon
1167 1760 1287 1827 iudicat

117 1877 205 1944 Deus
229 1879 276 1944 bis
298 1880 332 1944 iu
354 1879 387 1945 id
409 1879 524 1966 ipsum.
564 1879 710 1963 Accedit,
739 1879 803 1945 iam
827 1877 925 1944 altero
948 1877 1092 1944 martirio
1114 1875 1284 1942 laureatus.

117 1996 251 2062 Accedit
271 1993 458 2062 sacrificium
482 2000 514 2062 et
536 1994 662 2078 oblatio,
687 1995 742 2061 sed
765 1999 796 2060 et
816 1994 1040 2060 holocaustum.
1076 1991 1208 2058 Accedit
1221 1992 1286 2059 rice

117 2113 198 2180 tima
219 2111 364 2179 sacerdos
386 2117 509 2178 unctus.
544 2111 686 2193 emedio,
711 2129 851 2175 summus
874 2109 1018 2196 pontifex
1040 2109 1141 2176 iactus
1156 2110 1190 2175 iu
1206 2114 1287 2175 eter-
1374 2120 1378 2124 ’

118 2247 204 2294 num.
238 2227 385 2310 Accedit3
415 2225 566 2294 ineffabili
595 2233 751 2292 tormento
774 2227 838 2290 iam
859 2225 1036 2292 rubricatus
1061 2229 1092 2292 et
1114 2227 1288 2293 cauteriza-

117 2342 198 2428 tus',
223 2343 317 2430 paulo
339 2347 412 2430 post
434 2343 466 2408 in
491 2348 597 2409 sterne
611 2343 676 2409 vite
691 2342 824 2426 gaudiis,
848 2341 970 2428 proprii
985 2343 1147 2426 sanguinis
1161 2343 1287 2410 lavaero

118 2466 154 2526 ut
176 2461 288 2526 martir
311 2465 343 2526 et
364 2459 455 2526 testis
477 2457 589 2542 fidelis,
613 2459 643 2524 a¹
660 2477 743 2542 rege,
767 2458 893 2524 domiuo
915 2457 972 2523 deo
994 2477 1050 2524 suo
1067 2458 1191 2526 Christo
1206 2459 1287 2543 lesu,

117 2575 209 2642 miles
231 2575 368 2642 invictus
389 2577 424 2642 in
447 2580 588 2641 eternum
612 2575 818 2640 coronandus.
908 2572 968 2640 Utk
991 2573 1231 2642 elemosinarum
1257 2582 1288 2642 et

119 2693 297 2759 orationum
321 2711 448 2758 suarum
472 2691 781 2775 miserationemque,
806 2689 954 2774 equitatis
978 2693 1010 2755 et
1032 2691 1164 2756 eliorum
1186 2691 1286 2758 virtu-

118 2815 187 2876 tum
211 2808 392 2874 omittemus
415 2806 589 2890 magnalia3
614 2807 699 2891 quis,
723 2805 773 2872 cui
797 2825 906 2872 sensus
928 2805 1094 2872 incolumis
1117 2813 1180 2890 est,
1204 2807 1287 2874 huno

119 2925 218 2989 -in
242 2929 330 2990 tanto
353 2923 489 2989 martirii
512 2941 611 3005 agone
636 2921 801 3008 probatum
825 2927 864 2988 et·
879 2921 1091 2988 examinatum
1124 2927 1169 3006 et,
1203 2923 1286 2988 obri-

119 3039 203 3106 zum¹
223 3044 260 3106 ut
283 3059 404 3122 eurum,
428 3037 654 3106 candidatum*
671 3043 761 3104 —et
784 3041 899 3104 sortem
924 3043 1101 3104 sanctorum
1118 3037 1286 3104 martirum

119 3161 151 3224 et
172 3161 296 3242 partem
319 3155 410 3222 beate
434 3175 451 3220 o
472 3155 625 3219 mortuis⁹
647 3153 884 3220 resurrectionis
907 3172 970 3219 uon
994 3153 1183 3238 obtinuisse,
1213 3173 1285 3220 eou-

118 3388 291 3476 peuitcutie
319 3386 479 3454 remedia⁰
501 3405 559 3472 per
587 3405 694 3452 cruces
723 3387 851 3452 intenti*
874 3385 1006 3469 doloris,
1036 3385 1076 3451 ad
1100 3385 1286 3453 divisionem

118 3505 260 3592 corporis
283 3510 315 3570 et
338 3504 443 3570 anime
467 3523 523 3568 sue
545 3521 644 3587 usque
666 3508 804 3586 urentes,
826 3502 890 3567 iam
913 3502 947 3566 in
968 3501 1074 3586 ipsum
1090 3502 1130 3567 ad
1146 3509 1286 3569 eternum

119 3620 254 3688 salutem
276 3620 439 3704 transisse,
464 3625 631 3701 autequam
655 3617 694 3682 ad
718 3617 879 3702 sanguinis
894 3618 1090 3704 proximam*
1105 3617 1296 3686 effusionem·

192 3831 212 3864 a
234 3816 333 3864 incendii
348 3819 432 3876 scripsi
443 3833 486 3876 pro
502 3815 608 3864 incendia
624 3817 646 3872 1,
662 3815 684 3862 i.
750 3812 772 3860 b.
792 3813 861 3873 repis
878 3817 900 3870 1,
916 3815 1089 3873 repraesentans
1105 3817 1126 3861 i.
1189 3829 1209 3861 c.
1229 3815 1288 3861 cuti-

119 3897 221 3957 culisque
238 3900 259 3944 1.
323 3896 345 3943 d.
366 3897 498 3954 diriguisset
514 3899 535 3951 1,
547 3897 568 3942 2.
632 3908 652 3941 e.
673 3893 773 3952 gestiens
785 3895 806 3939 1.
868 3891 884 3940 i.
905 3893 1088 3940 omotaminisi.
1151 3907 1172 3952 g.
1192 3893 1288 3940 occultis

118 3981 202 4038 conieci
213 3995 256 4036 pro
272 3975 362 4024 occulis
378 3978 398 4032 1.
416 3977 437 4022 2.
512 3975 534 4022 h.
556 3975 705 4022 marinus
721 3975 804 4032 ειτῑριί
815 3989 858 4031 pro
874 3971 1026 4020 adhesimus
1043 3975 1064 4030 1,
1081 3973 1248 4020 ostheohiutus
1264 3975 1286 4020 2.

118 4059 134 4104 i.
157 4059 180 4104 et
196 4059 218 4104 1.
295 4055 318 4102 i.
339 4054 368 4100 iit
384 4057 406 4101 1.
484 4054 499 4100 1.
521 4054 621 4102 obrisum
638 4056 659 4100 1.
736 4065 766 4098 m.
788 4051 961 4098 decandidatum
978 4054 1000 4108 1,
1017 4053 1044 4108 25
1062 4071 1091 4097 on
1107 4052 1248 4099 defaecatum
1263 4056 1288 4100 et

119 4136 280 4184 csudidstumi
357 4149 379 4180 u.
401 4135 525 4182 emortuis
545 4137 628 4194 arripui
640 4150 683 4193 pro
698 4132 769 4178 diaria
786 4134 811 4188 1,
828 4133 850 4178 2.
876 4134 913 4188 cf.
929 4131 1087 4186 luadiit&
1111 4131 1161 4186 ,ilii
1177 4145 1230 4178 vero
1247 4132 1286 4192 qui

119 4215 182 4274 digni
197 4215 340 4263 habebuntur
354 4239 377 4246 -
390 4215 554 4262 resurrectione
572 4229 598 4260 cx
613 4212 735 4260 mortuis“.
813 4227 835 4258 o.
855 4210 955 4258 remedia
970 4213 992 4257 in
1004 4211 1072 4256 codd.
1085 4212 1132 4260 1.2
1149 4213 1286 4259 σὶἰιηὶεείωο

118 4299 170 4344 loco
186 4299 291 4354 reperitur
304 4304 358 4355 post
374 4297 464 4340 ventum
481 4295 519 4349 eit,
535 4295 656 4348 intueatur,
671 4311 693 4339 o.
709 4295 771 4349 infru
786 4309 810 4351 p.
822 4292 866 4338 668
883 4310 904 4337 u.
916 4302 941 4349 ις
958 4295 1034 4352 itaque
1050 4307 1124 4336 vocem
1141 4292 1163 4336 in
1179 4308 1241 4336 eoum
1253 4293 1286 4337 lo·

118 4391 168 4422 mm
185 4375 272 4421 reduxi.
340 4388 364 4434 p.
380 4374 461 4420 intenti
477 4376 559 4433 scripsi
571 4390 613 4432 pro
630 4372 720 4418 interim
737 4373 758 4428 i,
774 4371 857 4417 interni
874 4371 895 4417 2.
967 4384 989 4430 q.
1009 4369 1133 4431 proximam
1148 4373 1232 4428 scripsi
1242 4387 1285 4432 pro

118 4455 221 4517 proximo
238 4457 259 4510 1.
275 4455 376 4516 proxime
392 4456 414 4501 2.
