3142 4848
263 280 305 343 10
539 294 566 342 s.
582 294 758 342 sennenn
780 296 824 344 nn
845 297 948 345 tumn
969 297 1156 346 maronae

350 435 405 517 (C)
450 435 652 515 Monacenei,
677 439 837 522 qnondam
860 439 1064 524 Mopnntino,
1090 441 1192 506 codici
1204 441 1362 524 finitimae
1385 457 1429 509 est

260 554 357 619 corion
380 552 455 617 olion
470 547 725 638 Hirsonqienais¹
743 553 836 620 leodic
858 551 1173 637 caesenatensis,
1198 560 1246 624 ito
1267 559 1426 643 aipnatrcer

260 669 462 748 ,Dariacier
479 669 546 733 cod.
569 691 603 733 n.
618 669 695 749 ec‘,
719 669 982 751 membranaceae,
996 672 1112 757 fornae
1127 676 1299 753 octonaria,
1324 673 1427 759 caso·

260 786 312 850 tta
328 784 393 850 116
416 786 614 869 compositae,
638 787 673 848 in
686 784 798 868 fronte
820 780 977 852 mnnera’.
1013 787 1069 853 Ibi
1088 790 1161 854 item
1172 791 1315 876 primani
1330 789 1426 854 colio-

259 912 331 966 cata
352 912 425 966 eant
445 901 579 966 minoris
601 900 805 981 collectionis,
830 904 959 968 ceordic
983 906 1134 984 carmus,
1158 907 1265 991 capita
1287 905 1350 981 353
1377 927 1426 971 cc-

260 1028 399 1102 quantae
432 1018 539 1102 capita
566 1014 611 1082 53
645 1018 755 1103 copiae
785 1011 945 1082 maioric⁸.
988 1017 1077 1100 Quae
1105 1021 1211 1085 omnia
1237 1042 1304 1084 nna
1329 1041 1428 1086 nnana

258 1131 377 1196 emonii
397 1130 433 1196 X
454 1144 584 1197 enecata
611 1144 698 1212 eant,
729 1132 856 1218 aliaqac
883 1154 980 1199 amna
1007 1156 1240 1220 quoquoversum
1262 1138 1426 1221 conopon.

258 1247 305 1312 At
331 1247 391 1312 itae
419 1248 661 1328 mactationes,
691 1270 757 1312 non
779 1270 795 1313 e
817 1247 944 1314 meliore
966 1253 1070 1336 operis
1093 1251 1233 1336 cnencplo
1255 1251 1428 1318 nauatae

257 1364 313 1428 sed
334 1363 373 1428 ab
397 1365 467 1449 ipm
491 1376 662 1429 correctore
684 1376 862 1444 concoctae,
892 1378 1044 1451 quioniam
1064 1365 1187 1430 ioctmie
1207 1365 1428 1433 abstinentiam

257 1481 431 1564 requirant,
456 1479 576 1546 dnobno
600 1482 783 1546 caemcnto
805 1484 883 1546 eatis
907 1482 1092 1546 ostendetur.
1127 1480 1168 1545 In
1190 1482 1322 1568 epistota
1344 1485 1428 1548 enine

257 1595 301 1661 66
325 1598 438 1682 poenit
458 1594 637 1660 Zacharias
661 1617 770 1681 popa:
798 1595 914 1674 „Sient
934 1600 1086 1682 caeptam
1108 1609 1167 1662 ac:
1196 1595 1425 1684 Sapientia,

258 1714 327 1796 qai
348 1712 456 1776 docet
469 1709 644 1795 satanin,
670 1714 785 1797 qnasi
806 1715 875 1798 qni
897 1713 1146 1798 conplatinat
1161 1713 1299 1778 teota“.
1331 1711 1427 1780 Hane

258 1825 359 1891 locant
393 1838 547 1892 corrector
580 1847 651 1891 canc
683 1849 748 1891 non
781 1827 982 1914 inteitiperet,
1017 1831 1064 1893 ita
1090 1841 1213 1894 metae
1241 1850 1337 1894 auecta
1364 1841 1426 1895 oct:

257 1940 372 2020 ,Sient
393 1943 545 2028 coaptant
568 1954 612 2007 eet
633 1945 673 2007 in
702 1942 804 2008 libro
833 1945 1080 2030 sapientiae:
1112 1943 1189 2025 Qni
1210 1944 1346 2010 docet“
1368 1957 1425 2010 oet.

198 2083 201 2089 ·
256 2057 368 2144 Neqne
395 2079 468 2123 acro
491 2057 569 2122 iiber
593 2057 778 2144 Sapientiae
799 2060 875 2126 iaec
896 2060 992 2126 cerba
1014 2058 1118 2139 haba,
1148 2061 1260 2124 sedin
1287 2059 1425 2125 Eccle-

255 2175 418 2240 siastioi
438 2196 508 2259 cap.
525 2173 581 2254 22,
598 2173 620 2239 6
643 2173 773 2259 lepinccco
796 2176 889 2241 icaec:
912 2175 1065 2260 „fleqeilo
1087 2187 1116 2238 et
1129 2176 1274 2242 doctrino
1289 2178 1323 2240 in
1340 2177 1429 2241 omni

255 2301 393 2376 tencpore
419 2289 665 2374 sapientia“,
690 2311 786 2374 quarn
808 2293 913 2376 ipsam
934 2312 1039 2357 oocern
1061 2292 1263 2376 capientia
1284 2292 1428 2375 aequitiae

254 2429 284 2470 o.
307 2404 345 2470 7.·
378 2403 484 2485 ,Qui
512 2406 622 2470 docet
639 2405 816 2490 satanan,
849 2408 965 2493 qnasi
991 2407 1061 2491 qni
1088 2405 1342 2492 conpintinot
1369 2417 1427 2471 te-

254 2520 390 2586 otom“.
474 2519 552 2585 Non
573 2519 669 2586 multo
692 2523 800 2586 nnita
824 2521 912 2589 acca
933 2525 1002 2608 epea
1017 2522 1197 2588 emnadator
1210 2523 1429 2587 auctoritatate

254 2658 345 2703 cnacn
358 2639 393 2701 ia
409 2635 544 2722 epietoia
558 2635 613 2716 71,
631 2657 727 2721 quarn
741 2639 868 2722 quictem
882 2640 1010 2724 scripsit
1025 2637 1250 2716 „Andocides
1266 2649 1427 2702 nectan-

252 2753 406 2838 plorata
428 2753 518 2837 cepio
535 2763 689 2839 potestate
702 2752 842 2834 frotns“.
878 2753 930 2820 Ito
953 2755 1093 2818 enimin
1116 2773 1162 2832 eo,
1187 2773 1278 2838 qnent
1297 2764 1430 2838 tanqam

254 2868 406 2954 inferiae,
436 2870 541 2934 codice
571 2867 692 2954 lapiton.
730 2867 796 2934 Seri
823 2869 898 2934 daec
927 2891 996 2934 cam
1024 2871 1059 2932 in
1082 2866 1301 2932 Carboniani
1321 2869 1429 2934 codice

155 2958 157 2965 ,
255 2984 534 3070 (queamdmodum
557 2985 651 3049 moen
673 2986 875 3050 inveniantur
896 2986 931 3048 in
954 2982 1160 3065 Monacenoi)
1182 2986 1229 3048 sic
1249 2986 1355 3069 posita
1377 3005 1427 3048 eo·

254 3112 337 3174 cente
361 3099 568 3178 ,Eibcooidaa
592 3111 648 3164 cot
670 3100 878 3185 anpiornne
899 3102 989 3185 repta
1009 3111 1159 3186 potestate
1167 3098 1309 3184 fretne“,
1332 3101 1426 3185 epao-

254 3239 290 3292 de
307 3234 499 3293 reformatione
516 3233 711 3306 Bursieldensi,
730 3251 802 3292 anno
820 3237 916 3292 saluus
929 3237 1007 3306 1497,
1028 3239 1062 3293 16
1073 3237 1135 3293 Kal.
1149 3235 1342 3305 Septembrias.
1370 3237 1429 3294 Ora

252 3328 340 3381 lector
363 3325 462 3380 devote
482 3338 533 3393 pro
551 3323 693 3394 utriusque
712 3325 827 3380 salute“.
853 3325 885 3380 In
903 3325 990 3394 primo
1008 3324 1086 3397 folio,
1110 3325 1184 3382 hune
1202 3324 1324 3381 codicem
1342 3331 1430 3383 antea

253 3413 414 3485 Ingoistudii
430 3411 525 3484 fuisse,
542 3411 653 3467 definite
671 3413 803 3484 scripturn
821 3418 872 3469 est.

326 3504 351 3557 1.
379 3502 488 3556 Etenim
515 3517 612 3556 manus
640 3502 765 3557 exeuntis
793 3517 864 3557 seeo.
882 3501 923 3557 XI
945 3503 974 3557 in
997 3502 1057 3557 eius
1080 3498 1144 3556 iolio
1163 3501 1215 3556 116
1239 3499 1349 3570 scripsit
1370 3501 1428 3557 ita:

256 3592 359 3664 ,Anno
381 3589 525 3644 millesime
548 3590 707 3660 noegesimo
725 3590 859 3661 secundo,
882 3593 898 3645 9
917 3591 978 3645 Kal.
997 3589 1099 3660 Aprilis
1116 3589 1371 3660 transmigravimus
1389 3590 1428 3646 de

254 3681 355 3737 Sancto
366 3677 479 3734 Aurelio
497 3677 577 3750 huc“,
596 3695 634 3734 se.
653 3680 680 3736 in
698 3679 787 3734 maius
805 3680 1009 3748 monasterium,
1028 3677 1080 3734 sub
1091 3677 1237 3734 Wilholmo
1251 3676 1351 3733 abbate
1363 3679 1428 3734 Hir·

254 3769 393 3838 saugiensi
415 3772 611 3823 constructum.
639 3767 673 3824 V.
692 3767 787 3823 Codex
810 3767 1028 3836 Hirsangiensis,
1055 3766 1236 3836 stuttgartiae
1260 3767 1329 3821 1843
1351 3781 1378 3834 p.
1392 3768 1427 3823 6:

255 3857 455 3930 ,congregatio
473 3857 508 3911 de
521 3855 623 3912 Sancto
635 3855 746 3911 Aurelio
765 3855 800 3910 ad
818 3855 907 3910 maius
925 3856 1120 3910 monasterium
1135 3853 1341 3923 transmigravit
1352 3870 1428 3911 anno

254 3945 350 4001 1092“.
440 3947 466 4000 2.
490 3944 574 4000 Primi
596 3946 668 3999 enim
689 3943 875 4012 quaternionis
894 3959 949 3999 non
966 3944 1097 4000 remansit
1114 3943 1167 3999 nisi
1184 3941 1278 3998 felium
1296 3945 1428 4012 quartum

253 4039 393 4106 (notatum
417 4048 531 4090 numero
549 4035 582 4100 2)
606 4033 773 4101 secundique
796 4032 983 4100 quaternionis
1000 4031 1094 4088 solium
1112 4033 1230 4101 primum
1248 4036 1277 4086 et
1294 4035 1427 4088 octavum

253 4125 362 4182 sublata
380 4129 451 4180 sunt.
479 4125 627 4179 Praeterea
644 4120 840 4176 interciderunt
857 4118 924 4176 folia
940 4120 1050 4191 singule
1067 4122 1138 4176 inter
1156 4120 1258 4176 eodieis
1275 4117 1321 4176 fol.
1332 4121 1383 4176 103
1396 4125 1429 4176 et

253 4216 306 4270 104
324 4219 407 4283 atque
424 4214 496 4268 inter
513 4211 578 4268 tolia
591 4212 643 4266 110
661 4215 689 4264 et
704 4210 764 4264 111.
794 4278 799 4290 Ι
855 4211 881 4263 3.
905 4210 934 4263 in
952 4215 1074 4265 eumenio
1092 4209 1187 4264 codice
1201 4207 1258 4276 (fol.
1272 4209 1427 4277 111-115)

251 4303 424 4372 reperiuntur
449 4302 581 4370 epistolae
608 4303 725 4368 quatuor
749 4297 785 4352 ad
808 4299 948 4353 saeculum
972 4299 998 4352 X
1021 4299 1191 4368 pertinentes
1214 4311 1317 4368 eaeque
1340 4311 1428 4354 mauu

251 4407 324 4448 seeo.
337 4391 378 4446 XI
396 4390 515 4447 additae.
541 4389 584 4444 De
603 4387 703 4457 quibus
720 4387 784 4442 vide
803 4384 874 4442 inira
890 4387 1029 4456 Epistoles
1047 4386 1231 4456 Moguntinas.
