3144 4852
313 285 378 354 eta
516 305 594 352 mre
619 305 772 354 luscam
794 303 1054 355 secmnsrscoer
1076 303 1271 354 nocnnnrur

215 456 285 510 1160
312 445 393 512 alius
422 453 510 514 recte
537 447 657 534 ipsum,
686 447 792 516 media
819 467 876 535 per
903 447 1006 514 dorsi·
1028 447 1208 534 percutiens
1230 448 1324 534 plaga
1346 445 1475 531 crudeli,

205 529 295 576 Μ
312 563 353 628 ad
374 568 492 630 meram
515 584 614 649 usque
635 563 753 631 illisit'.
838 562 901 630 Sed
915 563 1102 647 Megunnni,
1125 583 1234 630 omnes
1255 563 1377 650 impetu
1395 562 1477 628 iacto

311 679 497 746 clamantes:
523 681 647 762 Occide,
672 683 794 758 occide,-
818 694 847 746 et
866 702 955 746 acmo
979 683 1116 746 dimittet
1134 703 1203 746 cam
1217 684 1328 761 cicera,
1352 678 1478 744 linfanti

310 795 393 862 furia
422 815 530 862 omues
559 796 788 864 confertissime
816 801 1045 878 accurrerunt·,
1074 795 1206 879 cuncti,¹
1221 795 1287 880 rel,
1316 795 1479 861 dominnm

311 918 343 978 et
365 913 546 998 episcopum
570 933 662 978 suum
684 910 916 978 interficientes.
952 911 1086 990 Quidam
1108 932 1237 978 manum
1260 915 1417 978 sacratam
1439 909 1480 976 ad

311 1027 473 1094 brachium
496 1047 595 1111 nsque
614 1027 719 1111 gladio
735 1027 872 1095 vibranti
887 1027 1029 1094 sulcavit.
1058 1027 1150 1094 Alter
1164 1029 1248 1094 circa
1263 1029 1344 1094 sima
1358 1025 1479 1093 media‘

312 1143 396 1210 nasi‘
418 1143 457 1210 ab
485 1163 561 1210 aure
587 1143 621 1209 in
650 1163 757 1210 aurem
786 1165 858 1211 eum
886 1144 951 1210 ictu
979 1144 1142 1210 sevissimo
1171 1143 1319 1230 perculit3
1351 1143 1480 1228 quidam

312 1281 369 1347 per
391 1258 552 1327 sublabia⁶
574 1259 613 1326 de
635 1261 746 1330 denno
770 1262 810 1327 ad
833 1260 996 1326 sinistrum
1019 1260 1176 1347 profunda
1190 1260 1285 1347 plaga
1298 1259 1479 1326 transfodit

311 1376 434 1462 Atqueb
457 1376 512 1442 alii
539 1382 665 1463 pectus,
693 1376 748 1444 alii
775 1377 920 1460 brachia,
951 1377 1005 1443 alii
1033 1396 1142 1462 crura,
1174 1375 1356 1461 etquidem
1379 1375 1427 1442 sic
1450 1379 1482 1442 et

313 1493 367 1560 alii
390 1493 449 1578 sic,
479 1493 616 1560 infausto
640 1492 742 1560 Marte
766 1493 957 1559 sacerdotem
982 1491 1058 1577 Dei,
1088 1497 1124 1559 ut
1146 1513 1218 1560 caro
1242 1493 1323 1560 solet
1344 1491 1479 1574 macelli,

312 1610 345 1674 in
367 1610 446 1696 ipsis
469 1609 598 1676 ecclesie
618 1609 780 1676 liminibus
804 1609 1006 1695 piaculariter
1022 1615 1054 1676 et
1068 1609 1289 1677 miserabiliter
1304 1608 1482 1674 divarican-

312 1730 370 1808 tes,
394 1726 442 1792 eoi
464 1726 593 1812 proprio
616 1725 776 1792 rubricato
799 1725 1021 1812 baptizathue
1044 1745 1168 1810 cruore,
1198 1727 1236 1792 de
1259 1725 1418 1812 principe,
1444 1723 1481 1790 de

313 1840 562 1927 archipontifice,
587 1841 625 1908 de
649 1841 811 1908 sacerdote
833 1842 995 1908 martirem
1019 1842 1138 1910 Christi
1159 1847 1333 1926 testemque
1355 1839 1482 1907 fidelem

312 1959 346 2023 in
369 1963 511 2023 eternum
533 1957 682 2024 lecerunt

402 2072 455 2140 Sic
476 2073 590 2156 igitur,
613 2079 649 2139 ut
670 2073 791 2140 dictum
814 2077 875 2156 est,
899 2093 1017 2140 vesana
1037 2072 1291 2157 Maguntinorum
1313 2072 1409 2140 turba
1432 2093 1482 2138 ar-

312 2188 545 2275 chiepiscopum
581 2194 612 2256 et
646 2190 809 2256 dominnm
837 2209 945 2272 suum,
981 2189 1055 2275 quia
1084 2189 1235 2273 arguebat
1264 2187 1361 2272 eam',
1398 2188 1482 2273 quod

312 2305 382 2372 lesu
405 2304 523 2371 Christi
546 2325 709 2391 sponsam,
733 2303 853 2371 scilicet
874 2303 1092 2387 Maguntinam
1115 2305 1293 2388 ecclesiam,
1316 2305 1482 2391 profanas·

313 2426 370 2504 set,
394 2421 476 2486 sicut
498 2421 650 2487 lohannes
674 2423 825 2505 arguebat
847 2421 1004 2490 Herodem
1026 2426 1156 2508 propter
1177 2421 1389 2488 Herodiadem
1398 2417 1417 2505 ¹,
1440 2422 1483 2487 si·

312 2535 418 2602 milem
443 2535 588 2622 Iohanni,
618 2536 771 2620 largiente
800 2537 868 2606 Dec
897 2537 1034 2604 martirii
1064 2539 1252 2628 perignem
1282 2543 1314 2604 et
1340 2536 1482 2621 gladium

313 2671 532 2739 possessurum
554 2653 704 2740 palmam,
727 2654 760 2721 iu
784 2654 925 2722 eiusdem
947 2655 1141 2739 precursoris
1164 2652 1293 2720 Domini
1315 2653 1483 2720 canuno

312 2768 482 2834 crudeliter
505 2775 537 2835 et
558 2769 838 2836 inmisericorditer
860 2751 1026 2835 interfecit.
1060 2769 1096 2836 ln
1120 2789 1180 2854 quo
1203 2770 1338 2836 nefando
1354 2771 1483 2854 scelere,

312 2884 387 2952 licet
413 2885 502 2972 plebs
530 2886 637 2952 furens
661 2891 789 2952 cruente
810 2885 983 2971 impietatis
1008 2885 1049 2952 sit
1071 2887 1173 2972 potita
1200 2885 1347 2970 victoria,
1376 2893 1484 2954 tamen

313 3002 387 3085 iste,
411 3002 584 3068 munimine
605 3001 705 3085 regio¹
728 3007 854 3088 septus,
881 3001 1061 3068 nullatenus
1085 3001 1123 3068 ab
1148 3001 1336 3068 adversariis
1359 3007 1409 3069 eat
1432 3023 1485 3070 su-

312 3123 451 3204 paratus.

401 3233 464 3300 lete
493 3237 542 3299 est
571 3237 675 3304 numm
702 3231 863 3298 Arnoldus
891 3231 1111 3318 Maguutinne,
1141 3234 1194 3318 qui
1224 3269 1266 3279 -
1297 3231 1485 3318 Magantino

314 3349 380 3416 solo
408 3369 449 3416 ex
476 3351 636 3433 generosis
664 3349 847 3435 parantibus
878 3355 910 3416 et
937 3348 1093 3432 religiosis
1124 3355 1270 3434 exortus,
1298 3349 1485 3433 Maguntine

314 3465 444 3532 ecclesie
466 3464 600 3531 clericus
623 3467 656 3529 et
677 3464 790 3530 deiude
813 3466 992 3549 canonicus,
1020 3470 1076 3532 et*
1099 3471 1172 3553 post
1193 3465 1301 3533 multis
1324 3465 1485 3534 nobilibus

300 3579 524 3668 ‚prepositurie
547 3579 746 3666 ecclesiisque
765 3579 859 3646 simul
875 3581 1010 3665 dotatus,
1033 3589 1066 3650 et
1080 3582 1194 3649 abhinc
1207 3581 1392 3667 Magnetine
1407 3584 1486 3651 civi·

313 3697 390 3763 tatis
412 3697 612 3781 camerarius,
636 3702 668 3763 et
688 3696 863 3784 imperialis
887 3696 958 3764 aule
980 3698 1106 3765 inclitus
1129 3699 1334 3767 cancellarius
1350 3705 1383 3767 et
1397 3721 1486 3767 sum-

174 3819 183 3832 “
313 3831 385 3880 mus
406 3811 596 3899 capellanus,
619 3833 677 3899 per
698 3813 814 3880 multas
837 3815 980 3897 virtutes,
1004 3815 1145 3882 omnium
1161 3817 1334 3883 bonorum*
1350 3835 1484 3903 operum

315 3929 395 3996 cella
416 3929 609 4012 misericors,
633 3929 674 3996 ad
695 3949 852 3997 summum
876 3931 1042 3998 sacerdotii
1064 3929 1213 4017 gradum,
1237 3932 1338 3999 titulis
1360 3933 1484 4020 precla-

388 4154 408 4187 a
429 4140 496 4188 dorae
512 4141 538 4200 1,
555 4143 577 4188 2.
676 4141 699 4188 b.
720 4141 790 4190 allisit
805 4145 827 4190 1.
921 4158 940 4190 c.
962 4145 1104 4191 metuentes
1121 4145 1147 4202 1,
1165 4148 1186 4192 2.
1280 4145 1303 4192 (l
1324 4148 1445 4207 amotique
1460 4149 1483 4193 2.

316 4233 337 4267 e.
358 4233 445 4267 summa
459 4221 528 4267 medii
542 4221 565 4266 1.
631 4221 647 4268 1.
667 4235 736 4268 mua
752 4224 775 4270 1.
840 4236 862 4281 g.
881 4227 923 4271 rie.
987 4223 1010 4270 h.
1032 4224 1092 4271 att.
1155 4225 1171 4272 ἱ.
1192 4226 1328 4273 eoadda'ds'.
1389 4227 1413 4273 k.
1434 4241 1483 4273 ean

317 4302 452 4360 ιηίρείρνο
469 4313 520 4348 tum
537 4301 559 4357 1,
575 4301 597 4346 2.
659 4301 675 4348 l.
694 4304 736 4348 eie.
798 4316 827 4350 m.
848 4305 884 4350 est
899 4306 921 4351 1.
983 4318 1007 4352 n.
1027 4302 1139 4352 bennun
1155 4306 1246 4352 addtdt

388 4404 412 4456 1.
438 4402 478 4458 Oi.
497 4403 750 4474 Matth.14,3squ.
