<?xml version="1.0" encoding="UTF-8"?>
<!DOCTYPE html PUBLIC "-//W3C//DTD XHTML 1.0 Transitional//EN"
    "http://www.w3.org/TR/xhtml1/DTD/xhtml1-transitional.dtd">
<html xmlns="http://www.w3.org/1999/xhtml" xml:lang="en" lang="en">
 <head>
  <title>
</title>
<meta http-equiv="Content-Type" content="text/html;charset=utf-8" />
  <meta name='ocr-system' content='tesseract 3.04.00' />
  <meta name='ocr-capabilities' content='ocr_page ocr_carea ocr_par ocr_line ocrx_word'/>
</head>
<body>
  <div class='ocr_page' id='page_1' title='image "./bibliothecareru03jaffgoog_0344.png"; bbox 0 0 3110 4844; ppageno 0'>
   <div class='ocr_carea' id='block_1_1' title="bbox 326 275 1164 344">
    <p class='ocr_par' dir='ltr' id='par_1_1' title="bbox 326 275 1164 344">
     <span class='ocr_line' id='line_1_1' title="bbox 326 275 1164 344; baseline -0.008 0"><span class='ocrx_word' id='word_1_1' title='bbox 326 275 392 344; x_wconf 75' lang='grc'><strong>326</strong></span> <span class='ocrx_word' id='word_1_2' title='bbox 652 289 840 340; x_wconf 71' lang='lat' dir='ltr'><strong>semones</strong></span> <span class='ocrx_word' id='word_1_3' title='bbox 861 287 1090 340; x_wconf 73' lang='lat' dir='ltr'><strong>nocemur</strong></span> <span class='ocrx_word' id='word_1_4' title='bbox 1111 289 1164 338; x_wconf 80' lang='lat' dir='ltr'><strong>es</strong></span> 
     </span>
    </p>
   </div>
   <div class='ocr_carea' id='block_1_2' title="bbox 165 429 1481 2260">
    <p class='ocr_par' dir='ltr' id='par_1_2' title="bbox 165 429 1481 2260">
     <span class='ocr_line' id='line_1_2' title="bbox 165 429 1468 518; baseline -0.003 -16"><span class='ocrx_word' id='word_1_5' title='bbox 165 445 307 502; x_wconf 76' lang='lat' dir='ltr'><strong>eet-ess</strong></span> <span class='ocrx_word' id='word_1_6' title='bbox 414 433 504 514; x_wconf 83' lang='lat' dir='ltr'><strong>Quod</strong></span> <span class='ocrx_word' id='word_1_7' title='bbox 531 451 590 500; x_wconf 90' lang='lat' dir='ltr'><strong>nos</strong></span> <span class='ocrx_word' id='word_1_8' title='bbox 617 437 708 501; x_wconf 84' lang='lat' dir='ltr'><strong>tanto</strong></span> <span class='ocrx_word' id='word_1_9' title='bbox 736 450 844 500; x_wconf 83' lang='lat' dir='ltr'><strong>amors</strong></span> <span class='ocrx_word' id='word_1_10' title='bbox 870 451 908 499; x_wconf 87' lang='lat' dir='ltr'><strong>ac</strong></span> <span class='ocrx_word' id='word_1_11' title='bbox 935 431 1130 518; x_wconf 65' lang='lat' dir='ltr'><strong>benignitate</strong></span> <span class='ocrx_word' id='word_1_12' title='bbox 1155 430 1303 517; x_wconf 64' lang='lat' dir='ltr'><strong>diligitis,</strong></span> <span class='ocrx_word' id='word_1_13' title='bbox 1330 429 1395 517; x_wconf 89' lang='lat' dir='ltr'><strong>plus</strong></span> <span class='ocrx_word' id='word_1_14' title='bbox 1417 431 1468 499; x_wconf 89' lang='lat' dir='ltr'><strong>boc</strong></span> 
     </span>
     <span class='ocr_line' id='line_1_3' title="bbox 326 548 1469 636; baseline -0.004 -18"><span class='ocrx_word' id='word_1_15' title='bbox 326 555 430 620; x_wconf 87' lang='lat' dir='ltr'><strong>rostra</strong></span> <span class='ocrx_word' id='word_1_16' title='bbox 458 551 610 618; x_wconf 66' lang='lat' dir='ltr'><strong>sauctitas</strong></span> <span class='ocrx_word' id='word_1_17' title='bbox 640 569 734 636; x_wconf 86' lang='lat' dir='ltr'><strong>quam</strong></span> <span class='ocrx_word' id='word_1_18' title='bbox 755 553 866 616; x_wconf 71' lang='lat' dir='ltr'><strong>nosne</strong></span> <span class='ocrx_word' id='word_1_19' title='bbox 886 549 1001 617; x_wconf 86' lang='lat' dir='ltr'><strong>merita</strong></span> <span class='ocrx_word' id='word_1_20' title='bbox 1020 548 1149 616; x_wconf 82' lang='lat' dir='ltr'><strong>fuciunt</strong></span> <span class='ocrx_word' id='word_1_21' title='bbox 1184 548 1273 628; x_wconf 88' lang='lat' dir='ltr'><strong>Quod</strong></span> <span class='ocrx_word' id='word_1_22' title='bbox 1293 553 1394 614; x_wconf 87' lang='lat' dir='ltr'><strong>tamen</strong></span> <span class='ocrx_word' id='word_1_23' title='bbox 1409 567 1469 614; x_wconf 82' lang='lat' dir='ltr'><strong>ms·</strong></span> 
     </span>
     <span class='ocr_line' id='line_1_4' title="bbox 324 663 1471 752; baseline -0.003 -18"><span class='ocrx_word' id='word_1_24' title='bbox 324 669 408 734; x_wconf 83' lang='lat' dir='ltr'><strong>xime</strong></span> <span class='ocrx_word' id='word_1_25' title='bbox 430 665 613 734; x_wconf 84' lang='lat' dir='ltr'><strong>muneribus</strong></span> <span class='ocrx_word' id='word_1_26' title='bbox 636 665 763 734; x_wconf 78' lang='lat' dir='ltr'><strong>direct’s</strong></span> <span class='ocrx_word' id='word_1_27' title='bbox 786 665 981 750; x_wconf 79' lang='lat' dir='ltr'><strong>agnovimus,</strong></span> <span class='ocrx_word' id='word_1_28' title='bbox 1006 684 1066 752; x_wconf 92' lang='lat' dir='ltr'><strong>pro</strong></span> <span class='ocrx_word' id='word_1_29' title='bbox 1089 663 1203 751; x_wconf 88' lang='lat' dir='ltr'><strong>quibus</strong></span> <span class='ocrx_word' id='word_1_30' title='bbox 1224 664 1375 732; x_wconf 75' lang='lat' dir='ltr'><strong>marinos</strong></span> <span class='ocrx_word' id='word_1_31' title='bbox 1393 663 1471 730; x_wconf 86' lang='lat' dir='ltr'><strong>robis</strong></span> 
     </span>
     <span class='ocr_line' id='line_1_5' title="bbox 324 779 1472 868; baseline -0.004 -18"><span class='ocrx_word' id='word_1_32' title='bbox 324 783 442 868; x_wconf 76' lang='lat' dir='ltr'><strong>gratias</strong></span> <span class='ocrx_word' id='word_1_33' title='bbox 472 783 609 866; x_wconf 76' lang='lat' dir='ltr'><strong>agimus3</strong></span> <span class='ocrx_word' id='word_1_34' title='bbox 639 783 713 868; x_wconf 85' lang='lat' dir='ltr'><strong>quia</strong></span> <span class='ocrx_word' id='word_1_35' title='bbox 739 787 842 848; x_wconf 85' lang='lat' dir='ltr'><strong>totum</strong></span> <span class='ocrx_word' id='word_1_36' title='bbox 870 801 946 865; x_wconf 75' lang='lat' dir='ltr'><strong>erge</strong></span> <span class='ocrx_word' id='word_1_37' title='bbox 971 781 1055 848; x_wconf 87' lang='lat' dir='ltr'><strong>sedis</strong></span> <span class='ocrx_word' id='word_1_38' title='bbox 1085 779 1275 868; x_wconf 81' lang='lat' dir='ltr'><strong>spostoliose</strong></span> <span class='ocrx_word' id='word_1_39' title='bbox 1300 779 1472 868; x_wconf 72' lang='lat' dir='ltr'>praesulem,</span> 
     </span>
     <span class='ocr_line' id='line_1_6' title="bbox 323 894 1474 985; baseline -0.003 -19"><span class='ocrx_word' id='word_1_40' title='bbox 323 905 359 966; x_wconf 91' lang='lat' dir='ltr'><strong>nt</strong></span> <span class='ocrx_word' id='word_1_41' title='bbox 385 898 550 982; x_wconf 91' lang='lat' dir='ltr'><strong>condecet,</strong></span> <span class='ocrx_word' id='word_1_42' title='bbox 580 898 697 965; x_wconf 81' lang='lat' dir='ltr'><strong>curetis</strong></span> <span class='ocrx_word' id='word_1_43' title='bbox 726 895 912 985; x_wconf 90' lang='lat' dir='ltr'><strong>inpendere,</strong></span> <span class='ocrx_word' id='word_1_44' title='bbox 943 897 1031 964; x_wconf 90' lang='lat' dir='ltr'><strong>cuins</strong></span> <span class='ocrx_word' id='word_1_45' title='bbox 1053 915 1112 964; x_wconf 90' lang='lat' dir='ltr'><strong>uos</strong></span> <span class='ocrx_word' id='word_1_46' title='bbox 1133 896 1395 964; x_wconf 84' lang='lat' dir='ltr'><strong>vicissitudinem·</strong></span> <span class='ocrx_word' id='word_1_47' title='bbox 1414 894 1474 962; x_wconf 86' lang='lat' dir='ltr'><strong>Deo</strong></span> 
     </span>
     <span class='ocr_line' id='line_1_7' title="bbox 324 1011 1473 1101; baseline -0.003 -19"><span class='ocrx_word' id='word_1_48' title='bbox 324 1014 447 1082; x_wconf 80' lang='lat' dir='ltr'><strong>volente</strong></span> <span class='ocrx_word' id='word_1_49' title='bbox 470 1013 631 1082; x_wconf 74' lang='lat' dir='ltr'><strong>sanctitati</strong></span> <span class='ocrx_word' id='word_1_50' title='bbox 653 1017 777 1080; x_wconf 72' lang='lat' dir='ltr'><strong>restae</strong></span> <span class='ocrx_word' id='word_1_51' title='bbox 799 1013 947 1101; x_wconf 85' lang='lat' dir='ltr'><strong>supplere</strong></span> <span class='ocrx_word' id='word_1_52' title='bbox 963 1012 1135 1080; x_wconf 86' lang='lat' dir='ltr'><strong>studemus.</strong></span> <span class='ocrx_word' id='word_1_53' title='bbox 1202 1011 1251 1080; x_wconf 88' lang='lat' dir='ltr'><strong>De</strong></span> <span class='ocrx_word' id='word_1_54' title='bbox 1269 1031 1396 1100; x_wconf 91' lang='lat' dir='ltr'><strong>eorpure</strong></span> <span class='ocrx_word' id='word_1_55' title='bbox 1408 1029 1473 1078; x_wconf 84' lang='lat' dir='ltr'><strong>sero</strong></span> 
     </span>
     <span class='ocr_line' id='line_1_8' title="bbox 322 1125 1476 1216; baseline -0.005 -18"><span class='ocrx_word' id='word_1_56' title='bbox 322 1135 449 1214; x_wconf 88' lang='lat' dir='ltr'><strong>sancto,</strong></span> <span class='ocrx_word' id='word_1_57' title='bbox 479 1129 562 1216; x_wconf 88' lang='lat' dir='ltr'><strong>qnod</strong></span> <span class='ocrx_word' id='word_1_58' title='bbox 590 1129 681 1197; x_wconf 89' lang='lat' dir='ltr'><strong>nobis</strong></span> <span class='ocrx_word' id='word_1_59' title='bbox 709 1128 869 1196; x_wconf 87' lang='lat' dir='ltr'><strong>humiliter</strong></span> <span class='ocrx_word' id='word_1_60' title='bbox 891 1133 997 1196; x_wconf 80' lang='lat' dir='ltr'><strong>vestm</strong></span> <span class='ocrx_word' id='word_1_61' title='bbox 1020 1128 1176 1214; x_wconf 77' lang='lat' dir='ltr'><strong>quaesiuit</strong></span> <span class='ocrx_word' id='word_1_62' title='bbox 1197 1128 1375 1215; x_wconf 84' lang='lat' dir='ltr'><strong>prodentis,</strong></span> <span class='ocrx_word' id='word_1_63' title='bbox 1401 1125 1476 1211; x_wconf 86' lang='lat' dir='ltr'><strong>qnod</strong></span> 
     </span>
     <span class='ocr_line' id='line_1_9' title="bbox 322 1239 1475 1332; baseline -0.005 -18"><span class='ocrx_word' id='word_1_64' title='bbox 322 1247 458 1332; x_wconf 77' lang='lat' dir='ltr'><strong>dirigere</strong></span> <span class='ocrx_word' id='word_1_65' title='bbox 490 1265 554 1312; x_wconf 91' lang='lat' dir='ltr'><strong>non</strong></span> <span class='ocrx_word' id='word_1_66' title='bbox 586 1245 769 1330; x_wconf 73' lang='lat' dir='ltr'><strong>habuimus,</strong></span> <span class='ocrx_word' id='word_1_67' title='bbox 803 1245 951 1330; x_wconf 89' lang='lat' dir='ltr'><strong>qnoniam</strong></span> <span class='ocrx_word' id='word_1_68' title='bbox 984 1249 1097 1312; x_wconf 85' lang='lat' dir='ltr'><strong>cuncta</strong></span> <span class='ocrx_word' id='word_1_69' title='bbox 1129 1249 1309 1312; x_wconf 70' lang='lat' dir='ltr'><strong>sanctorum</strong></span> <span class='ocrx_word' id='word_1_70' title='bbox 1338 1239 1475 1329; x_wconf 71' lang='lat' dir='ltr'><strong>corpore*</strong></span> 
     </span>
     <span class='ocr_line' id='line_1_10' title="bbox 321 1359 1475 1450; baseline -0.006 -19"><span class='ocrx_word' id='word_1_71' title='bbox 321 1363 579 1450; x_wconf 72' lang='lat' dir='ltr'><strong>praedecessores</strong></span> <span class='ocrx_word' id='word_1_72' title='bbox 601 1362 702 1429; x_wconf 87' lang='lat' dir='ltr'><strong>nostri</strong></span> <span class='ocrx_word' id='word_1_73' title='bbox 723 1361 884 1429; x_wconf 85' lang='lat' dir='ltr'><strong>uobiscum</strong></span> <span class='ocrx_word' id='word_1_74' title='bbox 908 1361 1117 1428; x_wconf 88' lang='lat' dir='ltr'><strong>communiter</strong></span> <span class='ocrx_word' id='word_1_75' title='bbox 1139 1359 1319 1428; x_wconf 86' lang='lat' dir='ltr'><strong>detulerunt</strong></span> <span class='ocrx_word' id='word_1_76' title='bbox 1339 1363 1371 1426; x_wconf 90' lang='lat' dir='ltr'><strong>et</strong></span> <span class='ocrx_word' id='word_1_77' title='bbox 1388 1377 1475 1424; x_wconf 88' lang='lat' dir='ltr'><strong>unum</strong></span> 
     </span>
     <span class='ocr_line' id='line_1_11' title="bbox 322 1473 1478 1566; baseline -0.005 -19"><span class='ocrx_word' id='word_1_78' title='bbox 322 1479 468 1566; x_wconf 88' lang='lat' dir='ltr'><strong>qnodque</strong></span> <span class='ocrx_word' id='word_1_79' title='bbox 498 1497 605 1546; x_wconf 88' lang='lat' dir='ltr'><strong>eorum</strong></span> <span class='ocrx_word' id='word_1_80' title='bbox 637 1477 777 1545; x_wconf 89' lang='lat' dir='ltr'><strong>ecclesiis</strong></span> <span class='ocrx_word' id='word_1_81' title='bbox 806 1478 929 1544; x_wconf 86' lang='lat' dir='ltr'><strong>noviter</strong></span> <span class='ocrx_word' id='word_1_82' title='bbox 957 1476 1110 1546; x_wconf 79' lang='lat' dir='ltr'><strong>dedicetis</strong></span> <span class='ocrx_word' id='word_1_83' title='bbox 1138 1495 1261 1544; x_wconf 85' lang='lat' dir='ltr'><strong>summe</strong></span> <span class='ocrx_word' id='word_1_84' title='bbox 1287 1473 1478 1544; x_wconf 72' lang='lat' dir='ltr'><strong>reumaticus</strong></span> 
     </span>
     <span class='ocr_line' id='line_1_12' title="bbox 317 1590 1478 1680; baseline -0.004 -18"><span class='ocrx_word' id='word_1_85' title='bbox 317 1595 528 1662; x_wconf 88' lang='lat' dir='ltr'><strong>condidimus.</strong></span> <span class='ocrx_word' id='word_1_86' title='bbox 563 1592 699 1660; x_wconf 86' lang='lat' dir='ltr'><strong>Proinde</strong></span> <span class='ocrx_word' id='word_1_87' title='bbox 719 1593 962 1660; x_wconf 86' lang='lat' dir='ltr'><strong>benivolentium</strong></span> <span class='ocrx_word' id='word_1_88' title='bbox 977 1597 1114 1660; x_wconf 83' lang='lat' dir='ltr'><strong>vestram</strong></span> <span class='ocrx_word' id='word_1_89' title='bbox 1129 1611 1326 1680; x_wconf 79' lang='lat' dir='ltr'><strong>praecamur,</strong></span> <span class='ocrx_word' id='word_1_90' title='bbox 1347 1597 1384 1659; x_wconf 85' lang='lat' dir='ltr'><strong>ut</strong></span> <span class='ocrx_word' id='word_1_91' title='bbox 1396 1590 1478 1657; x_wconf 87' lang='lat' dir='ltr'><strong>uobis</strong></span> 
     </span>
     <span class='ocr_line' id='line_1_13' title="bbox 319 1709 1479 1798; baseline -0.003 -20"><span class='ocrx_word' id='word_1_92' title='bbox 319 1711 461 1798; x_wconf 86' lang='lat' dir='ltr'><strong>spatium</strong></span> <span class='ocrx_word' id='word_1_93' title='bbox 482 1709 662 1796; x_wconf 89' lang='lat' dir='ltr'><strong>inquirendi</strong></span> <span class='ocrx_word' id='word_1_94' title='bbox 685 1709 866 1794; x_wconf 74' lang='lat' dir='ltr'><strong>diligentius</strong></span> <span class='ocrx_word' id='word_1_95' title='bbox 888 1709 1078 1796; x_wconf 82' lang='lat' dir='ltr'><strong>praebeatis,</strong></span> <span class='ocrx_word' id='word_1_96' title='bbox 1101 1715 1255 1795; x_wconf 73' lang='lat' dir='ltr'><strong>quotenus</strong></span> <span class='ocrx_word' id='word_1_97' title='bbox 1269 1729 1384 1796; x_wconf 85' lang='lat' dir='ltr'><strong>eorpus</strong></span> <span class='ocrx_word' id='word_1_98' title='bbox 1397 1725 1479 1774; x_wconf 88' lang='lat' dir='ltr'><strong>sanc·</strong></span> 
     </span>
     <span class='ocr_line' id='line_1_14' title="bbox 321 1822 1481 1914; baseline -0.005 -20"><span class='ocrx_word' id='word_1_99' title='bbox 321 1831 390 1894; x_wconf 85' lang='lat' dir='ltr'><strong>tum</strong></span> <span class='ocrx_word' id='word_1_100' title='bbox 414 1825 557 1894; x_wconf 81' lang='lat' dir='ltr'><strong>invenire</strong></span> <span class='ocrx_word' id='word_1_101' title='bbox 578 1826 739 1894; x_wconf 81' lang='lat' dir='ltr'><strong>ualeamus</strong></span> <span class='ocrx_word' id='word_1_102' title='bbox 763 1826 803 1892; x_wconf 87' lang='lat' dir='ltr'><strong>ad</strong></span> <span class='ocrx_word' id='word_1_103' title='bbox 825 1831 963 1894; x_wconf 82' lang='lat' dir='ltr'><strong>vestram</strong></span> <span class='ocrx_word' id='word_1_104' title='bbox 985 1825 1195 1914; x_wconf 90' lang='lat' dir='ltr'><strong>eonplendum</strong></span> <span class='ocrx_word' id='word_1_105' title='bbox 1217 1826 1411 1912; x_wconf 86' lang='lat' dir='ltr'><strong>petitionem.</strong></span> <span class='ocrx_word' id='word_1_106' title='bbox 1442 1822 1481 1890; x_wconf 84' lang='lat' dir='ltr'><strong>Et</strong></span> 
     </span>
     <span class='ocr_line' id='line_1_15' title="bbox 321 1940 1481 2027; baseline -0.003 -17"><span class='ocrx_word' id='word_1_107' title='bbox 321 1941 350 2010; x_wconf 89' lang='lat' dir='ltr'><strong>si</strong></span> <span class='ocrx_word' id='word_1_108' title='bbox 372 1943 535 2010; x_wconf 74' lang='lat' dir='ltr'><strong>nvennn</strong></span> <span class='ocrx_word' id='word_1_109' title='bbox 557 1942 663 2027; x_wconf 88' lang='lat' dir='ltr'><strong>inerit,</strong></span> <span class='ocrx_word' id='word_1_110' title='bbox 686 1946 792 2010; x_wconf 80' lang='lat' dir='ltr'><strong>vestre</strong></span> <span class='ocrx_word' id='word_1_111' title='bbox 813 1941 904 2009; x_wconf 91' lang='lat' dir='ltr'><strong>nobis</strong></span> <span class='ocrx_word' id='word_1_112' title='bbox 926 1940 1054 2008; x_wconf 89' lang='lat' dir='ltr'><strong>credere</strong></span> <span class='ocrx_word' id='word_1_113' title='bbox 1074 1941 1221 2026; x_wconf 72' lang='lat' dir='ltr'><strong>dignetm</strong></span> <span class='ocrx_word' id='word_1_114' title='bbox 1235 1941 1401 2026; x_wconf 82' lang='lat' dir='ltr'><strong>industrie,</strong></span> <span class='ocrx_word' id='word_1_115' title='bbox 1421 1944 1481 2006; x_wconf 82' lang='lat' dir='ltr'><strong>sis·</strong></span> 
     </span>
     <span class='ocr_line' id='line_1_16' title="bbox 320 2056 1481 2145; baseline -0.002 -19"><span class='ocrx_word' id='word_1_116' title='bbox 320 2059 396 2144; x_wconf 88' lang='lat' dir='ltr'><strong>tim,</strong></span> <span class='ocrx_word' id='word_1_117' title='bbox 420 2059 503 2144; x_wconf 90' lang='lat' dir='ltr'><strong>quod</strong></span> <span class='ocrx_word' id='word_1_118' title='bbox 525 2059 667 2145; x_wconf 87' lang='lat' dir='ltr'><strong>petistis,</strong></span> <span class='ocrx_word' id='word_1_119' title='bbox 693 2056 900 2144; x_wconf 86' lang='lat' dir='ltr'><strong>perficiemus.</strong></span> <span class='ocrx_word' id='word_1_120' title='bbox 934 2056 1028 2125; x_wconf 83' lang='lat' dir='ltr'><strong>blodo</strong></span> <span class='ocrx_word' id='word_1_121' title='bbox 1050 2077 1125 2124; x_wconf 84' lang='lat' dir='ltr'><strong>vero</strong></span> <span class='ocrx_word' id='word_1_122' title='bbox 1147 2056 1225 2124; x_wconf 90' lang='lat' dir='ltr'><strong>illud</strong></span> <span class='ocrx_word' id='word_1_123' title='bbox 1246 2077 1310 2125; x_wconf 88' lang='lat' dir='ltr'><strong>neu</strong></span> <span class='ocrx_word' id='word_1_124' title='bbox 1332 2058 1481 2138; x_wconf 74' lang='lat' dir='ltr'><strong>misimus,</strong></span> 
     </span>
     <span class='ocr_line' id='line_1_17' title="bbox 321 2172 1185 2260; baseline -0.003 -18"><span class='ocrx_word' id='word_1_125' title='bbox 321 2175 397 2260; x_wconf 85' lang='lat' dir='ltr'><strong>quia</strong></span> <span class='ocrx_word' id='word_1_126' title='bbox 417 2174 612 2260; x_wconf 89' lang='lat' dir='ltr'><strong>inquirentes</strong></span> <span class='ocrx_word' id='word_1_127' title='bbox 634 2191 832 2259; x_wconf 85' lang='lat' dir='ltr'><strong>nequaqnam</strong></span> <span class='ocrx_word' id='word_1_128' title='bbox 854 2173 997 2241; x_wconf 83' lang='lat' dir='ltr'><strong>inuenire</strong></span> <span class='ocrx_word' id='word_1_129' title='bbox 1019 2172 1185 2240; x_wconf 83' lang='lat' dir='ltr'><strong>valuimus.</strong></span> 
     </span>
    </p>
   </div>
   <div class='ocr_carea' id='block_1_3' title="bbox 325 2386 1483 2688">
    <p class='ocr_par' dir='ltr' id='par_1_3' title="bbox 325 2386 1483 2688">
     <span class='ocr_line' id='line_1_18' title="bbox 325 2386 1483 2477; baseline -0.002 -19"><span class='ocrx_word' id='word_1_130' title='bbox 325 2386 361 2458; x_wconf 85' lang='grc'><strong>9.</strong></span> <span class='ocrx_word' id='word_1_131' title='bbox 390 2389 573 2476; x_wconf 61' lang='lat' dir='ltr'><strong>hesperon</strong></span> <span class='ocrx_word' id='word_1_132' title='bbox 595 2389 847 2477; x_wconf 68' lang='lat' dir='ltr'><strong>arebebprteepaa</strong></span> <span class='ocrx_word' id='word_1_133' title='bbox 864 2388 1071 2475; x_wconf 76' lang='lat' dir='ltr'><strong>Mopccto‘oeee</strong></span> <span class='ocrx_word' id='word_1_134' title='bbox 1085 2388 1342 2456; x_wconf 65' lang='lat' dir='ltr'><strong>boemensis</strong></span> <span class='ocrx_word' id='word_1_135' title='bbox 1357 2387 1483 2458; x_wconf 72' lang='lat' dir='ltr'><strong>Getes·</strong></span> 
     </span>
     <span class='ocr_line' id='line_1_19' title="bbox 387 2503 1482 2593; baseline 0 -21"><span class='ocrx_word' id='word_1_136' title='bbox 387 2507 494 2572; x_wconf 63' lang='lat' dir='ltr'><strong>m</strong></span> <span class='ocrx_word' id='word_1_137' title='bbox 513 2527 619 2592; x_wconf 74' lang='lat' dir='ltr'><strong>sepem</strong></span> <span class='ocrx_word' id='word_1_138' title='bbox 640 2505 793 2586; x_wconf 63' lang='lat' dir='ltr'><strong>msam,</strong></span> <span class='ocrx_word' id='word_1_139' title='bbox 817 2517 852 2572; x_wconf 79' lang='lat' dir='ltr'><strong>aa</strong></span> <span class='ocrx_word' id='word_1_140' title='bbox 872 2527 939 2572; x_wconf 76' lang='lat' dir='ltr'><strong>soro</strong></span> <span class='ocrx_word' id='word_1_141' title='bbox 960 2503 1159 2571; x_wconf 76' lang='lat' dir='ltr'><strong>cumCurolo</strong></span> <span class='ocrx_word' id='word_1_142' title='bbox 1175 2504 1323 2573; x_wconf 86' lang='lat' dir='ltr'><strong>IICeloo</strong></span> <span class='ocrx_word' id='word_1_143' title='bbox 1341 2527 1482 2593; x_wconf 73' lang='lat' dir='ltr'><strong>sepepo-</strong></span> 
     </span>
     <span class='ocr_line' id='line_1_20' title="bbox 389 2615 825 2688; baseline -0.005 -1"><span class='ocrx_word' id='word_1_144' title='bbox 389 2643 454 2688; x_wconf 84' lang='lat' dir='ltr'><strong>ceos</strong></span> <span class='ocrx_word' id='word_1_145' title='bbox 475 2621 619 2688; x_wconf 73' lang='lat' dir='ltr'><strong>molestae</strong></span> <span class='ocrx_word' id='word_1_146' title='bbox 639 2615 825 2687; x_wconf 61' lang='lat' dir='ltr'><strong>sormi</strong></span> 
     </span>
    </p>
   </div>
   <div class='ocr_carea' id='block_1_4' title="bbox 179 2751 1493 4004">
    <p class='ocr_par' dir='ltr' id='par_1_4' title="bbox 251 2751 1487 3170">
     <span class='ocr_line' id='line_1_21' title="bbox 251 2751 1487 2840; baseline -0.004 -18"><span class='ocrx_word' id='word_1_147' title='bbox 251 2766 305 2822; x_wconf 78' lang='lat' dir='ltr'><strong>ees</strong></span> <span class='ocrx_word' id='word_1_148' title='bbox 410 2754 546 2821; x_wconf 88' lang='lat' dir='ltr'><strong>Domino</strong></span> <span class='ocrx_word' id='word_1_149' title='bbox 580 2753 723 2840; x_wconf 91' lang='lat' dir='ltr'><strong>piissimo</strong></span> <span class='ocrx_word' id='word_1_150' title='bbox 756 2759 788 2820; x_wconf 89' lang='lat' dir='ltr'><strong>et</strong></span> <span class='ocrx_word' id='word_1_151' title='bbox 817 2753 1033 2820; x_wconf 84' lang='lat' dir='ltr'><strong>amantissimo</strong></span> <span class='ocrx_word' id='word_1_152' title='bbox 1062 2757 1156 2839; x_wconf 89' lang='lat' dir='ltr'><strong>utque</strong></span> <span class='ocrx_word' id='word_1_153' title='bbox 1183 2753 1219 2819; x_wconf 93' lang='lat' dir='ltr'><strong>in</strong></span> <span class='ocrx_word' id='word_1_154' title='bbox 1245 2751 1307 2820; x_wconf 90' lang='lat' dir='ltr'><strong>lide</strong></span> <span class='ocrx_word' id='word_1_155' title='bbox 1334 2751 1487 2822; x_wconf 81' lang='lat' dir='ltr'><strong>cstiuolioa</strong></span> 
     </span>
     <span class='ocr_line' id='line_1_22' title="bbox 321 2864 1486 2956; baseline 0.001 -21"><span class='ocrx_word' id='word_1_156' title='bbox 321 2869 543 2938; x_wconf 85' lang='lat' dir='ltr'><strong>florentissimo</strong></span> <span class='ocrx_word' id='word_1_157' title='bbox 570 2869 639 2953; x_wconf 76' lang='lat' dir='ltr'><strong>regi</strong></span> <span class='ocrx_word' id='word_1_158' title='bbox 660 2864 837 2936; x_wconf 85' lang='lat' dir='ltr'><strong>Lndorico¹</strong></span> <span class='ocrx_word' id='word_1_159' title='bbox 859 2867 1041 2956; x_wconf 87' lang='lat' dir='ltr'><strong>Liutpertus</strong></span> <span class='ocrx_word' id='word_1_160' title='bbox 1063 2868 1332 2956; x_wconf 73' lang='lat' dir='ltr'><strong>archiepiscopus,</strong></span> <span class='ocrx_word' id='word_1_161' title='bbox 1362 2873 1486 2936; x_wconf 66' lang='lat' dir='ltr'><strong>emens</strong></span> 
     </span>
     <span class='ocr_line' id='line_1_23' title="bbox 321 2983 1487 3073; baseline -0.001 -19"><span class='ocrx_word' id='word_1_162' title='bbox 321 2985 383 3054; x_wconf 85' lang='lat' dir='ltr'><strong>Dei</strong></span> <span class='ocrx_word' id='word_1_163' title='bbox 410 2985 561 3054; x_wconf 86' lang='lat' dir='ltr'><strong>eeclesiae</strong></span> <span class='ocrx_word' id='word_1_164' title='bbox 581 2983 784 3068; x_wconf 83' lang='lat' dir='ltr'><strong>vernaculus,</strong></span> <span class='ocrx_word' id='word_1_165' title='bbox 812 2991 1010 3072; x_wconf 86' lang='lat' dir='ltr'><strong>praesentem</strong></span> <span class='ocrx_word' id='word_1_166' title='bbox 1033 2989 1066 3052; x_wconf 88' lang='lat' dir='ltr'><strong>et</strong></span> <span class='ocrx_word' id='word_1_167' title='bbox 1086 2990 1273 3073; x_wconf 84' lang='lat' dir='ltr'><strong>perpetuam</strong></span> <span class='ocrx_word' id='word_1_168' title='bbox 1293 2986 1328 3052; x_wconf 91' lang='lat' dir='ltr'><strong>iu</strong></span> <span class='ocrx_word' id='word_1_169' title='bbox 1352 2984 1487 3053; x_wconf 84' lang='lat' dir='ltr'><strong>Domino</strong></span> 
     </span>
     <span class='ocr_line' id='line_1_24' title="bbox 322 3101 465 3170; baseline -0.007 -1"><span class='ocrx_word' id='word_1_170' title='bbox 322 3101 465 3170; x_wconf 73' lang='lat' dir='ltr'><strong>salutent.</strong></span> 
     </span>
    </p>

    <p class='ocr_par' dir='ltr' id='par_1_5' title="bbox 321 3215 1491 3654">
     <span class='ocr_line' id='line_1_25' title="bbox 410 3215 1489 3305; baseline 0.001 -20"><span class='ocrx_word' id='word_1_171' title='bbox 410 3217 550 3286; x_wconf 85' lang='lat' dir='ltr'><strong>Tacendi</strong></span> <span class='ocrx_word' id='word_1_172' title='bbox 578 3216 629 3284; x_wconf 87' lang='lat' dir='ltr'><strong>rel</strong></span> <span class='ocrx_word' id='word_1_173' title='bbox 656 3215 851 3284; x_wconf 68' lang='lat' dir='ltr'><strong>debbersmi</strong></span> <span class='ocrx_word' id='word_1_174' title='bbox 875 3216 1017 3284; x_wconf 82' lang='lat' dir='ltr'><strong>inducias</strong></span> <span class='ocrx_word' id='word_1_175' title='bbox 1040 3235 1103 3284; x_wconf 94' lang='lat' dir='ltr'><strong>non</strong></span> <span class='ocrx_word' id='word_1_176' title='bbox 1125 3217 1235 3286; x_wconf 87' lang='lat' dir='ltr'><strong>bubeo.</strong></span> <span class='ocrx_word' id='word_1_177' title='bbox 1271 3217 1383 3305; x_wconf 83' lang='lat' dir='ltr'><strong>Neque</strong></span> <span class='ocrx_word' id='word_1_178' title='bbox 1406 3217 1489 3286; x_wconf 88' lang='lat' dir='ltr'><strong>enim</strong></span> 
     </span>
     <span class='ocr_line' id='line_1_26' title="bbox 322 3331 1490 3422; baseline 0.002 -22"><span class='ocrx_word' id='word_1_179' title='bbox 322 3333 415 3402; x_wconf 89' lang='lat' dir='ltr'><strong>silere</strong></span> <span class='ocrx_word' id='word_1_180' title='bbox 442 3354 494 3401; x_wconf 93' lang='lat' dir='ltr'><strong>me</strong></span> <span class='ocrx_word' id='word_1_181' title='bbox 523 3353 618 3400; x_wconf 82' lang='lat' dir='ltr'><strong>ceusu</strong></span> <span class='ocrx_word' id='word_1_182' title='bbox 645 3332 811 3420; x_wconf 84' lang='lat' dir='ltr'><strong>permittit.</strong></span> <span class='ocrx_word' id='word_1_183' title='bbox 853 3331 953 3411; x_wconf 79' lang='lat' dir='ltr'><strong>Quam</strong></span> <span class='ocrx_word' id='word_1_184' title='bbox 982 3335 1009 3399; x_wconf 91' lang='lat' dir='ltr'><strong>si</strong></span> <span class='ocrx_word' id='word_1_185' title='bbox 1030 3332 1188 3420; x_wconf 87' lang='lat' dir='ltr'><strong>relinquo,</strong></span> <span class='ocrx_word' id='word_1_186' title='bbox 1218 3335 1301 3422; x_wconf 86' lang='lat' dir='ltr'><strong>apud</strong></span> <span class='ocrx_word' id='word_1_187' title='bbox 1323 3335 1490 3403; x_wconf 90' lang='lat' dir='ltr'><strong>deminum</strong></span> 
     </span>
     <span class='ocr_line' id='line_1_27' title="bbox 321 3448 1491 3535; baseline -0.001 -18"><span class='ocrx_word' id='word_1_188' title='bbox 321 3453 465 3518; x_wconf 88' lang='lat' dir='ltr'><strong>nostrum</strong></span> <span class='ocrx_word' id='word_1_189' title='bbox 493 3449 597 3518; x_wconf 89' lang='lat' dir='ltr'><strong>lesum</strong></span> <span class='ocrx_word' id='word_1_190' title='bbox 626 3449 801 3532; x_wconf 75' lang='lat' dir='ltr'><strong>Christum,</strong></span> <span class='ocrx_word' id='word_1_191' title='bbox 832 3449 920 3516; x_wconf 90' lang='lat' dir='ltr'><strong>cuins</strong></span> <span class='ocrx_word' id='word_1_192' title='bbox 947 3448 1092 3535; x_wconf 86' lang='lat' dir='ltr'><strong>interest,</strong></span> <span class='ocrx_word' id='word_1_193' title='bbox 1125 3450 1347 3518; x_wconf 84' lang='lat' dir='ltr'><strong>inexcusabilis</strong></span> <span class='ocrx_word' id='word_1_194' title='bbox 1377 3471 1431 3520; x_wconf 89' lang='lat' dir='ltr'><strong>ero</strong></span> <span class='ocrx_word' id='word_1_195' title='bbox 1460 3453 1491 3518; x_wconf 88' lang='lat' dir='ltr'><strong>et</strong></span> 
     </span>
     <span class='ocr_line' id='line_1_28' title="bbox 321 3563 1491 3654; baseline -0.002 -20"><span class='ocrx_word' id='word_1_196' title='bbox 321 3566 411 3634; x_wconf 83' lang='lat' dir='ltr'><strong>robis</strong></span> <span class='ocrx_word' id='word_1_197' title='bbox 432 3567 620 3653; x_wconf 85' lang='lat' dir='ltr'><strong>promissam</strong></span> <span class='ocrx_word' id='word_1_198' title='bbox 643 3565 824 3632; x_wconf 85' lang='lat' dir='ltr'><strong>humanitus</strong></span> <span class='ocrx_word' id='word_1_199' title='bbox 845 3563 940 3632; x_wconf 87' lang='lat' dir='ltr'><strong>sidem</strong></span> <span class='ocrx_word' id='word_1_200' title='bbox 954 3570 1124 3634; x_wconf 86' lang='lat' dir='ltr'><strong>temerasse</strong></span> <span class='ocrx_word' id='word_1_201' title='bbox 1140 3567 1342 3652; x_wconf 70' lang='lat' dir='ltr'><strong>conuinoar⁶;</strong></span> <span class='ocrx_word' id='word_1_202' title='bbox 1367 3569 1436 3654; x_wconf 86' lang='lat' dir='ltr'><strong>qni,</strong></span> <span class='ocrx_word' id='word_1_203' title='bbox 1458 3567 1491 3632; x_wconf 91' lang='lat' dir='ltr'><strong>in</strong></span> 
     </span>
    </p>

    <p class='ocr_par' dir='ltr' id='par_1_6' title="bbox 179 3681 1493 4004">
     <span class='ocr_line' id='line_1_29' title="bbox 179 3681 1492 3770; baseline 0.002 -20"><span class='ocrx_word' id='word_1_204' title='bbox 179 3729 182 3734; x_wconf 85' lang='lat'>·</span> <span class='ocrx_word' id='word_1_205' title='bbox 322 3681 534 3770; x_wconf 83' lang='lat' dir='ltr'><strong>speculoque</strong></span> <span class='ocrx_word' id='word_1_206' title='bbox 557 3683 744 3750; x_wconf 88' lang='lat' dir='ltr'><strong>constitutus</strong></span> <span class='ocrx_word' id='word_1_207' title='bbox 767 3701 837 3748; x_wconf 89' lang='lat' dir='ltr'><strong>sum</strong></span> <span class='ocrx_word' id='word_1_208' title='bbox 860 3682 969 3750; x_wconf 85' lang='lat' dir='ltr'><strong>ridens</strong></span> <span class='ocrx_word' id='word_1_209' title='bbox 992 3681 1167 3770; x_wconf 92' lang='lat' dir='ltr'><strong>periculum</strong></span> <span class='ocrx_word' id='word_1_210' title='bbox 1184 3683 1291 3751; x_wconf 90' lang='lat' dir='ltr'><strong>nobis·</strong></span> <span class='ocrx_word' id='word_1_211' title='bbox 1305 3684 1492 3768; x_wconf 86' lang='lat' dir='ltr'><strong>imminens,</strong></span> 
     </span>
     <span class='ocr_line' id='line_1_30' title="bbox 322 3795 1492 3882; baseline 0 -17"><span class='ocrx_word' id='word_1_212' title='bbox 322 3797 480 3866; x_wconf 88' lang='lat' dir='ltr'><strong>desidiosa</strong></span> <span class='ocrx_word' id='word_1_213' title='bbox 507 3797 556 3866; x_wconf 85' lang='lat' dir='ltr'><strong>vel</strong></span> <span class='ocrx_word' id='word_1_214' title='bbox 583 3795 702 3866; x_wconf 88' lang='lat' dir='ltr'><strong>infideli</strong></span> <span class='ocrx_word' id='word_1_215' title='bbox 730 3799 945 3866; x_wconf 84' lang='lat' dir='ltr'><strong>taciturnitate</strong></span> <span class='ocrx_word' id='word_1_216' title='bbox 972 3798 1167 3866; x_wconf 92' lang='lat' dir='ltr'><strong>dissimulem</strong></span> <span class='ocrx_word' id='word_1_217' title='bbox 1190 3805 1222 3866; x_wconf 90' lang='lat' dir='ltr'><strong>et</strong></span> <span class='ocrx_word' id='word_1_218' title='bbox 1243 3797 1397 3867; x_wconf 72' lang='lat' dir='ltr'><strong>ecclesiae</strong></span> <span class='ocrx_word' id='word_1_219' title='bbox 1420 3799 1492 3882; x_wconf 87' lang='lat' dir='ltr'><strong>Dei,</strong></span> 
     </span>
     <span class='ocr_line' id='line_1_31' title="bbox 322 3913 1493 4004; baseline 0 -22"><span class='ocrx_word' id='word_1_220' title='bbox 322 3915 411 3982; x_wconf 84' lang='lat' dir='ltr'><strong>cuius</strong></span> <span class='ocrx_word' id='word_1_221' title='bbox 438 3914 585 3999; x_wconf 78' lang='lat' dir='ltr'><strong>indignus</strong></span> <span class='ocrx_word' id='word_1_222' title='bbox 607 3931 716 3980; x_wconf 87' lang='lat' dir='ltr'><strong>curam</strong></span> <span class='ocrx_word' id='word_1_223' title='bbox 737 3914 929 4001; x_wconf 86' lang='lat' dir='ltr'><strong>pastoralem</strong></span> <span class='ocrx_word' id='word_1_224' title='bbox 952 3933 989 3982; x_wconf 87' lang='lat' dir='ltr'><strong>ac</strong></span> <span class='ocrx_word' id='word_1_225' title='bbox 1011 3913 1240 3982; x_wconf 85' lang='lat' dir='ltr'><strong>solicitudinem</strong></span> <span class='ocrx_word' id='word_1_226' title='bbox 1263 3917 1407 4004; x_wconf 92' lang='lat' dir='ltr'><strong>suscepi,</strong></span> <span class='ocrx_word' id='word_1_227' title='bbox 1437 3935 1493 3982; x_wconf 93' lang='lat' dir='ltr'><strong>ne·</strong></span> 
     </span>
    </p>
   </div>
   <div class='ocr_carea' id='block_1_5' title="bbox 321 4117 1494 4263">
    <p class='ocr_par' dir='ltr' id='par_1_7' title="bbox 321 4117 1494 4263">
     <span class='ocr_line' id='line_1_32' title="bbox 393 4117 1494 4184; baseline 0.003 -17"><span class='ocrx_word' id='word_1_228' title='bbox 393 4134 415 4167; x_wconf 81' lang='lat' dir='ltr'><strong>a.</strong></span> <span class='ocrx_word' id='word_1_229' title='bbox 435 4117 621 4166; x_wconf 77' lang='lat' dir='ltr'><strong>dieeamtndinem</strong></span> <span class='ocrx_word' id='word_1_230' title='bbox 639 4117 667 4166; x_wconf 78' lang='lat'><strong>7.</strong></span> <span class='ocrx_word' id='word_1_231' title='bbox 743 4118 765 4164; x_wconf 90' lang='lat' dir='ltr'><strong>b.</strong></span> <span class='ocrx_word' id='word_1_232' title='bbox 786 4131 881 4179; x_wconf 75' lang='lat' dir='ltr'><strong>corpure</strong></span> <span class='ocrx_word' id='word_1_233' title='bbox 898 4118 925 4167; x_wconf 78' lang='lat'><strong>7.</strong></span> <span class='ocrx_word' id='word_1_234' title='bbox 1002 4131 1022 4166; x_wconf 77' lang='lat' dir='ltr'><strong>c</strong></span> <span class='ocrx_word' id='word_1_235' title='bbox 1042 4119 1123 4167; x_wconf 71' lang='lat' dir='ltr'><strong>Edidit</strong></span> <span class='ocrx_word' id='word_1_236' title='bbox 1141 4121 1245 4176; x_wconf 71' lang='lat' dir='ltr'><strong>nune,</strong></span> <span class='ocrx_word' id='word_1_237' title='bbox 1268 4123 1383 4184; x_wconf 66' lang='lat' dir='ltr'><strong>caeleps·</strong></span> <span class='ocrx_word' id='word_1_238' title='bbox 1403 4125 1494 4170; x_wconf 63' lang='lat' dir='ltr'><strong>meh·</strong></span> 
     </span>
     <span class='ocr_line' id='line_1_33' title="bbox 321 4197 1265 4263; baseline 0 -17"><span class='ocrx_word' id='word_1_239' title='bbox 321 4201 430 4256; x_wconf 66' lang='grc' dir='ltr'><strong>υσίιαώ,</strong></span> <span class='ocrx_word' id='word_1_240' title='bbox 446 4199 554 4263; x_wconf 69' lang='lat' dir='ltr'><strong>Lugduni</strong></span> <span class='ocrx_word' id='word_1_241' title='bbox 568 4197 635 4254; x_wconf 75' lang='lat'><strong>1597,</strong></span> <span class='ocrx_word' id='word_1_242' title='bbox 651 4197 739 4244; x_wconf 81' lang='grc'><strong><em>11189.</em></strong></span> <span class='ocrx_word' id='word_1_243' title='bbox 816 4197 839 4245; x_wconf 84' lang='lat' dir='ltr'><strong>d</strong></span> <span class='ocrx_word' id='word_1_244' title='bbox 860 4199 981 4246; x_wconf 80' lang='lat' dir='ltr'><strong>convincor</strong></span> <span class='ocrx_word' id='word_1_245' title='bbox 995 4199 1032 4246; x_wconf 81' lang='lat' dir='ltr'><strong>ed.</strong></span> <span class='ocrx_word' id='word_1_246' title='bbox 1109 4213 1128 4246; x_wconf 87' lang='lat' dir='ltr'><strong>e.</strong></span> <span class='ocrx_word' id='word_1_247' title='bbox 1148 4199 1214 4248; x_wconf 87' lang='lat' dir='ltr'><strong>robis</strong></span> <span class='ocrx_word' id='word_1_248' title='bbox 1229 4201 1265 4246; x_wconf 69' lang='lat' dir='ltr'><strong>ed</strong></span> 
     </span>
    </p>
   </div>
   <div class='ocr_carea' id='block_1_6' title="bbox 322 4299 1493 4456">
    <p class='ocr_par' dir='ltr' id='par_1_8' title="bbox 322 4299 1493 4456">
     <span class='ocr_line' id='line_1_34' title="bbox 393 4299 1493 4392; baseline 0 -32"><span class='ocrx_word' id='word_1_249' title='bbox 393 4304 418 4360; x_wconf 92' lang='lat'><strong>1.</strong></span> <span class='ocrx_word' id='word_1_250' title='bbox 443 4302 485 4359; x_wconf 80' lang='lat' dir='ltr'><strong>ue</strong></span> <span class='ocrx_word' id='word_1_251' title='bbox 508 4301 560 4358; x_wconf 78' lang='lat' dir='ltr'><strong>me</strong></span> <span class='ocrx_word' id='word_1_252' title='bbox 583 4300 698 4372; x_wconf 68' lang='lat' dir='ltr'><strong>ennon</strong></span> <span class='ocrx_word' id='word_1_253' title='bbox 720 4299 755 4358; x_wconf 81' lang='lat' dir='ltr'><strong>es.</strong></span> <span class='ocrx_word' id='word_1_254' title='bbox 773 4301 916 4362; x_wconf 72' lang='lat' dir='ltr'><strong>nonme</strong></span> <span class='ocrx_word' id='word_1_255' title='bbox 938 4301 1037 4362; x_wconf 75' lang='lat' dir='ltr'><strong>essen</strong></span> <span class='ocrx_word' id='word_1_256' title='bbox 1055 4302 1105 4392; x_wconf 73' lang='lat' dir='ltr'><strong>oss</strong></span> <span class='ocrx_word' id='word_1_257' title='bbox 1128 4301 1261 4362; x_wconf 71' lang='lat' dir='ltr'><strong>ommi.</strong></span> <span class='ocrx_word' id='word_1_258' title='bbox 1279 4303 1380 4361; x_wconf 70' lang='lat' dir='ltr'><strong>ueros</strong></span> <span class='ocrx_word' id='word_1_259' title='bbox 1404 4305 1420 4360; x_wconf 92' lang='lat'>1</span> <span class='ocrx_word' id='word_1_260' title='bbox 1438 4305 1493 4361; x_wconf 80' lang='lat' dir='ltr'><strong>sm</strong></span> 
     </span>
     <span class='ocr_line' id='line_1_35' title="bbox 322 4389 758 4456; baseline -0.021 0"><span class='ocrx_word' id='word_1_261' title='bbox 322 4408 349 4456; x_wconf 76' lang='lat' dir='ltr'><strong>u·</strong></span> <span class='ocrx_word' id='word_1_262' title='bbox 361 4393 405 4456; x_wconf 54' lang='grc' dir='ltr'><strong>ἢ·</strong></span> <span class='ocrx_word' id='word_1_263' title='bbox 493 4392 519 4456; x_wconf 74' lang='lat'><strong>2.</strong></span> <span class='ocrx_word' id='word_1_264' title='bbox 543 4390 569 4450; x_wconf 94' lang='lat'><strong>11</strong></span> <span class='ocrx_word' id='word_1_265' title='bbox 588 4389 758 4454; x_wconf 67' lang='lat' dir='ltr'><strong>domenico.</strong></span> 
     </span>
    </p>
   </div>
   <div class='ocr_carea' id='block_1_7' title="bbox 0 0 1581 4844">
    <p class='ocr_par' dir='ltr' id='par_1_9' title="bbox 0 0 1581 4844">
     <span class='ocr_line' id='line_1_36' title="bbox 0 0 1581 4844; baseline 0 0"><span class='ocrx_word' id='word_1_266' title='bbox 0 0 1581 4844; x_wconf 95' lang='lat' dir='ltr'><strong> </strong></span> 
     </span>
    </p>
   </div>
  </div>
 </body>
</html>
