3110 4844
288 271 357 342 tto
423 268 429 277 '
626 291 812 342 summust
832 291 1061 344 noounnnrnn
1083 293 1114 342 uo

178 457 206 498 c
218 443 272 500 tet
287 453 349 521 pue
372 453 520 502 amenum
542 435 801 520 inaequalitatem
824 441 930 521 ornat,
953 441 988 504 et
1008 435 1167 524 superflua
1186 437 1221 504 in
1241 437 1333 506 notis
1353 459 1447 523 quae·

289 569 349 637 qus
376 571 439 617 non
467 551 568 618 solum
598 555 724 618 actuum
751 571 861 618 verum
892 552 988 619 etiarn
1016 551 1240 638 cogitationum
1266 557 1394 621 wirunt
1414 555 1448 620 in

287 667 494 735 elevationem
524 666 715 734 caelestium.
761 667 914 754 Quicquid
942 669 1012 735 uisu
1034 668 1150 736 olfactu
1170 675 1257 737 tactu
1279 675 1372 755 gustu
1391 689 1449 736 au·

285 784 418 869 dituque
440 783 659 867 delinquimus,
682 784 716 852 in
739 795 846 850 eorum
869 783 1012 851 lectionis
1032 786 1185 852 monuerit
1198 786 1449 873 pmsitatamip-

286 917 356 966 sam
384 918 564 986 purgamus.
599 898 695 966 Visus
718 899 901 968 obscuretur
921 899 1059 986 inutilis,
1087 900 1292 969 inluminatus
1314 919 1449 985 suange-

287 1015 357 1083 licis
390 1015 509 1098 verbm
544 1014 670 1082 auditus
703 1035 820 1102 pravus
853 1035 917 1083 nou
954 1017 997 1082 sit
1028 1016 1115 1084 cordi
1142 1023 1250 1084 nostro
1279 1016 1448 1101 obnoxius3

287 1129 420 1198 olioctus
444 1136 476 1198 et
498 1138 608 1216 gustus
631 1151 699 1198 sese
722 1151 742 1198 a
761 1133 919 1218 pravitate
941 1133 1158 1216 constringant
1179 1131 1359 1219 Christique
1378 1132 1449 1200 dul·

284 1247 396 1316 coelius
424 1249 569 1332 iungaut3
606 1247 771 1334 cordisque
806 1248 990 1335 praecordia
1023 1248 1173 1316 lectiones
1199 1248 1256 1315 has
1285 1249 1450 1316 Theotisce

286 1364 479 1451 conscriptas
501 1383 625 1450 sempor
647 1363 800 1430 memoria
821 1369 959 1447 tangant.

375 1479 475 1546 Huius
498 1481 582 1546 enim
604 1480 730 1564 linguae
752 1478 929 1564 barbaries,
952 1484 989 1546 ut
1011 1484 1059 1546 est
1079 1478 1200 1546 inculta
1221 1485 1254 1547 et
1273 1479 1450 1568 indiscipli-

285 1595 400 1662 nabilis
424 1601 517 1681 atque
537 1597 662 1662 insueta
684 1597 755 1683 oapi
776 1595 914 1680 regulari
936 1596 1025 1662 freno
1047 1596 1270 1680 grammaticae
1291 1598 1379 1682 artis,
1401 1597 1452 1665 sio

288 1713 383 1780 ctiam
411 1713 446 1778 in
467 1712 575 1778 multis
598 1712 690 1779 dictis
712 1712 829 1798 scripto
853 1715 902 1779 est
922 1717 1052 1799 propter
1073 1712 1236 1780 literarum
1259 1719 1314 1780 aut
1336 1732 1450 1798 congc-

286 1829 366 1896 rienr
389 1834 444 1894 ant
466 1829 657 1913 incognitam
684 1828 889 1895 sonoritatem
912 1825 1058 1896 difficilis.
1103 1827 1185 1896 Nam
1205 1827 1364 1896 interdum
1384 1830 1452 1897 luia

285 1967 308 2012 o
330 1969 353 2012 o
375 1969 412 2026 o,
442 1949 592 2030 utputo,
622 1945 745 2030 quaerit
766 1944 800 2010 in
822 1963 917 2028 sono,
940 1945 1061 2031 priores
1084 1945 1145 2012 duo
1167 1950 1390 2031 consonantes,
1412 1951 1452 2013 ut

285 2061 364 2128 mihi
392 2061 531 2144 videtur,
561 2060 690 2127 tertium
717 2060 818 2126 vocali
847 2079 923 2127 sono
946 2067 1103 2129 manente.
1192 2060 1351 2128 Interdum
1373 2081 1449 2129 uero

284 2195 343 2244 nec
371 2203 406 2258 a,
438 2195 496 2244 nco
518 2200 548 2258 e,
577 2193 636 2242 nec
657 2181 688 2258 t,
718 2196 776 2244 nec
796 2201 819 2242 a
841 2177 996 2244 vocalium
1019 2195 1111 2244 sonos
1133 2197 1321 2266 praecavero
1342 2178 1449 2265 putui3

284 2293 330 2360 ibi
351 2291 527 2380 yGuccurn
549 2291 627 2358 mini
649 2292 813 2360 nument
836 2291 960 2360 ascribi.
994 2292 1038 2360 Et
1059 2293 1155 2360 etiam
1178 2294 1238 2360 hoc
1259 2293 1449 2362 elementum

286 2407 394 2491 lingua
416 2407 493 2474 haee
515 2409 669 2474 horresco
690 2408 857 2492 interdum,
880 2408 960 2475 nulli
982 2429 1016 2476 ac
1038 2411 1190 2477 cmeoteri
1212 2409 1399 2496 aliquotiens
1413 2411 1449 2478 in

286 2524 422 2610 quodam
446 2541 523 2590 sono
545 2525 608 2590 uisi
631 2523 757 2590 difficile
779 2525 920 2608 iungens.
967 2528 1003 2590 ll
1019 2530 1052 2591 et
1072 2547 1091 2590 a
1113 2526 1220 2613 sepius
1242 2526 1318 2594 irasc
1339 2527 1451 2611 lingua

286 2644 378 2707 extra
404 2657 497 2706 usum
526 2637 707 2708 Latinitatis
733 2640 849 2724 utitur,
884 2659 964 2726 quac
991 2642 1189 2725 grammatici
1216 2643 1299 2709 inter
1325 2643 1449 2710 litteras

285 2756 395 2823 dicunt
417 2775 486 2823 esse
515 2755 705 2844 superfluam
735 2753 775 2824 ob
798 2755 963 2824 stridorem
986 2761 1090 2824 autem
1114 2757 1272 2826 intertium
1295 2759 1448 2846 dentium,

286 2877 323 2939 ut
344 2879 437 2960 puto,
465 2873 499 2938 in
521 2873 580 2940 hoo
602 2873 749 2958 linguat
770 2877 916 2957 utuntur,
940 2875 960 2938 k
982 2879 1087 2940 antam
1109 2873 1148 2940 ob
1169 2874 1304 2942 inunum
1326 2877 1449 2943 sonori·

286 2994 394 3055 tatem.
490 2988 613 3058 Patitur
646 3009 768 3075 quoquc
802 2987 1002 3075 metaplasmi
1033 2986 1168 3074 liguram
1201 2991 1351 3077 nimium,
1383 3011 1448 3059 uon

286 3111 393 3173 omen
423 3105 564 3189 assidue,
593 3125 688 3190 quom
717 3104 859 3172 doewres
881 3105 1105 3188 grammaticae
1128 3108 1204 3173 artis
1226 3113 1341 3174 uocant
1361 3108 1450 3175 sina-

286 3221 414 3309 liptuarn.
459 3219 503 3288 lit
523 3220 583 3287 loo
603 3221 666 3287 nisi
687 3219 825 3305 lugentes
847 3221 1052 3308 praevideant
1073 3223 1215 3308 rationis,
1238 3224 1322 3290 dicta
1344 3223 1450 3290 detor-

286 3338 367 3404 mius
395 3343 524 3420 sonant3
559 3335 668 3405 literas
694 3337 851 3404 interdurn
881 3337 1051 3424 scriptione
1077 3341 1254 3423 servantes,
1286 3339 1449 3406 interdum

286 3471 361 3520 vero
383 3449 536 3520 Ebraicee
556 3453 683 3538 linguae
711 3473 799 3522 more
827 3455 978 3537 vitantes,
1009 3453 1120 3540 quibus
1141 3455 1229 3541 ipsas
1251 3455 1373 3522 litteras
1395 3475 1450 3522 re-

162 3617 163 3620 ,
286 3570 372 3636 tione
401 3567 574 3654 sinaliphac
599 3571 634 3635 iu
662 3570 770 3654 lineis,
799 3574 837 3636 ut
864 3569 990 3654 quidam
1013 3569 1130 3654 dicunt7
1153 3571 1279 3658 penitus
1302 3572 1450 3639 amittere

286 3691 320 3752 et
346 3683 506 3751 transilire
534 3685 631 3751 moris
658 3685 805 3768 lebetum
839 3705 902 3751 nou
930 3705 991 3770 qno
1020 3685 1116 3752 series
1145 3687 1324 3774 scriptionis
1352 3687 1450 3754 huius

285 3802 417 3869 metrico
439 3801 482 3868 ait
502 3801 675 3868 subtilitate
697 3802 875 3886 constricta,
900 3801 955 3869 aed
978 3801 1104 3868 schema
1124 3802 1372 3870 omoeoteleutou
1395 3823 1449 3870 as-

285 3917 374 3985 odae
395 3919 527 4003 quaerit
573 3918 691 4004 Aptam
713 3917 796 3983 enim
818 3918 852 3984 iu
875 3917 934 3984 hac
954 3917 1087 3985 lectione
1110 3923 1143 3985 et
1163 3919 1262 4006 priori
1284 3921 1450 3988 deomtem

285 4039 318 4102 et
340 4033 533 4102 consimilem
557 4038 712 4118 quaeruut
732 4033 829 4102 uerba
849 4034 883 4100 in
904 4031 966 4101 fine
988 4035 1202 4102 sonoritatem.
1235 4034 1278 4101 Et
1296 4051 1360 4102 non
1374 4039 1449 4102 tan·

283 4155 352 4216 tum
380 4169 438 4237 per
465 4148 547 4216 hano
575 4150 658 4216 inter
685 4149 763 4217 duas
791 4149 913 4217 vocales
935 4150 991 4217 scd
1013 4151 1109 4218 ctiam
1130 4151 1214 4218 inter
1234 4149 1314 4218 alias
1336 4151 1449 4219 literas

284 4265 469 4352 saepissime
491 4265 610 4352 patitur
632 4266 833 4334 conlisionem
856 4265 1047 4354 sinuliplrae3
1076 4273 1109 4334 et
1130 4267 1189 4334 hoo
1210 4267 1275 4334 nisi
1294 4266 1367 4352 liat,
1388 4287 1449 4335 ex-

284 4380 387 4448 tcusio
414 4381 520 4471 sepius
546 4381 708 4452 limnarnm
730 4383 837 4471 inepte
858 4386 952 4449 sonet
972 4382 1056 4452 dicta
1077 4377 1255 4452 uerborum.
1299 4382 1389 4463 Quod
1408 4383 1449 4451 in
