<?xml version="1.0" encoding="UTF-8"?>
<!DOCTYPE html PUBLIC "-//W3C//DTD XHTML 1.0 Transitional//EN"
    "http://www.w3.org/TR/xhtml1/DTD/xhtml1-transitional.dtd">
<html xmlns="http://www.w3.org/1999/xhtml" xml:lang="en" lang="en">
 <head>
  <title>
</title>
<meta http-equiv="Content-Type" content="text/html;charset=utf-8" />
  <meta name='ocr-system' content='tesseract 3.04.00' />
  <meta name='ocr-capabilities' content='ocr_page ocr_carea ocr_par ocr_line ocrx_word'/>
</head>
<body>
  <div class='ocr_page' id='page_1' title='image "./bibliothecareru03jaffgoog_0333.png"; bbox 0 0 3110 4844; ppageno 0'>
   <div class='ocr_carea' id='block_1_1' title="bbox 326 291 1284 360">
    <p class='ocr_par' dir='ltr' id='par_1_1' title="bbox 326 291 1284 360">
     <span class='ocr_line' id='line_1_1' title="bbox 326 291 1284 360; baseline -0.002 0"><span class='ocrx_word' id='word_1_1' title='bbox 326 311 353 360; x_wconf 85' lang='grc' dir='ltr'><strong>θ.</strong></span> <span class='ocrx_word' id='word_1_2' title='bbox 370 311 546 360; x_wconf 80' lang='lat' dir='ltr'><strong>nonunnnn</strong></span> <span class='ocrx_word' id='word_1_3' title='bbox 566 311 611 358; x_wconf 85' lang='lat' dir='ltr'><strong>nn</strong></span> <span class='ocrx_word' id='word_1_4' title='bbox 633 309 734 358; x_wconf 79' lang='lat' dir='ltr'><strong>nunni</strong></span> <span class='ocrx_word' id='word_1_5' title='bbox 755 309 941 360; x_wconf 78' lang='lat' dir='ltr'><strong>unnenonon</strong></span> <span class='ocrx_word' id='word_1_6' title='bbox 964 310 1017 357; x_wconf 82' lang='lat' dir='ltr'><strong>noo.</strong></span> <span class='ocrx_word' id='word_1_7' title='bbox 1034 309 1078 357; x_wconf 83' lang='lat' dir='ltr'><strong>ror</strong></span> <span class='ocrx_word' id='word_1_8' title='bbox 1218 291 1284 359; x_wconf 84' lang='lat'><strong>315</strong></span> 
     </span>
    </p>
   </div>
   <div class='ocr_carea' id='block_1_2' title="bbox 1 449 1289 2050">
    <p class='ocr_par' dir='ltr' id='par_1_2' title="bbox 117 449 1284 770">
     <span class='ocr_line' id='line_1_2' title="bbox 119 449 1282 540; baseline -0.002 -20"><span class='ocrx_word' id='word_1_9' title='bbox 119 454 173 538; x_wconf 86' lang='lat' dir='ltr'><strong>qui</strong></span> <span class='ocrx_word' id='word_1_10' title='bbox 199 472 263 519; x_wconf 93' lang='lat' dir='ltr'><strong>non</strong></span> <span class='ocrx_word' id='word_1_11' title='bbox 285 453 334 520; x_wconf 78' lang='lat' dir='ltr'><strong>uio</strong></span> <span class='ocrx_word' id='word_1_12' title='bbox 361 458 496 520; x_wconf 89' lang='lat' dir='ltr'><strong>mortem</strong></span> <span class='ocrx_word' id='word_1_13' title='bbox 523 453 713 540; x_wconf 84' lang='lat' dir='ltr'><strong>peooetoris,</strong></span> <span class='ocrx_word' id='word_1_14' title='bbox 742 451 797 520; x_wconf 84' lang='lat' dir='ltr'><strong>ned</strong></span> <span class='ocrx_word' id='word_1_15' title='bbox 825 458 862 518; x_wconf 92' lang='lat' dir='ltr'><strong>nt</strong></span> <span class='ocrx_word' id='word_1_16' title='bbox 888 457 1088 520; x_wconf 79' lang='lat' dir='ltr'><strong>eonvertatur</strong></span> <span class='ocrx_word' id='word_1_17' title='bbox 1116 458 1149 520; x_wconf 86' lang='lat' dir='ltr'><strong>et</strong></span> <span class='ocrx_word' id='word_1_18' title='bbox 1169 453 1257 520; x_wconf 82' lang='lat' dir='ltr'><strong>vivat</strong></span> <span class='ocrx_word' id='word_1_19' title='bbox 1265 449 1282 518; x_wconf 91' lang='lat'><strong>¹.</strong></span> 
     </span>
     <span class='ocr_line' id='line_1_3' title="bbox 117 567 1284 656; baseline 0.002 -21"><span class='ocrx_word' id='word_1_20' title='bbox 117 567 160 636; x_wconf 85' lang='lat' dir='ltr'><strong>Et</strong></span> <span class='ocrx_word' id='word_1_21' title='bbox 184 571 304 656; x_wconf 78' lang='lat' dir='ltr'>respice</span> <span class='ocrx_word' id='word_1_22' title='bbox 326 570 361 636; x_wconf 93' lang='lat' dir='ltr'><strong>in</strong></span> <span class='ocrx_word' id='word_1_23' title='bbox 383 589 433 635; x_wconf 91' lang='lat' dir='ltr'><strong>me</strong></span> <span class='ocrx_word' id='word_1_24' title='bbox 456 574 488 635; x_wconf 88' lang='lat' dir='ltr'><strong>et</strong></span> <span class='ocrx_word' id='word_1_25' title='bbox 508 570 657 636; x_wconf 78' lang='lat' dir='ltr'><strong>miserere</strong></span> <span class='ocrx_word' id='word_1_26' title='bbox 678 569 752 636; x_wconf 88' lang='lat' dir='ltr'><strong>mei.</strong></span> <span class='ocrx_word' id='word_1_27' title='bbox 796 568 877 648; x_wconf 84' lang='lat' dir='ltr'><strong>Quia</strong></span> <span class='ocrx_word' id='word_1_28' title='bbox 898 574 933 634; x_wconf 93' lang='lat' dir='ltr'><strong>tn</strong></span> <span class='ocrx_word' id='word_1_29' title='bbox 956 589 989 636; x_wconf 86' lang='lat' dir='ltr'><strong>en</strong></span> <span class='ocrx_word' id='word_1_30' title='bbox 1012 568 1149 636; x_wconf 87' lang='lat' dir='ltr'><strong>elemeno</strong></span> <span class='ocrx_word' id='word_1_31' title='bbox 1172 575 1204 637; x_wconf 93' lang='lat' dir='ltr'><strong>et</strong></span> <span class='ocrx_word' id='word_1_32' title='bbox 1224 569 1284 637; x_wconf 90' lang='lat' dir='ltr'><strong>mi·</strong></span> 
     </span>
     <span class='ocr_line' id='line_1_4' title="bbox 119 684 1283 770; baseline -0.001 -18"><span class='ocrx_word' id='word_1_33' title='bbox 119 687 252 752; x_wconf 82' lang='lat' dir='ltr'><strong>aeriooro</strong></span> <span class='ocrx_word' id='word_1_34' title='bbox 268 685 366 769; x_wconf 85' lang='lat' dir='ltr'><strong>Dono,</strong></span> <span class='ocrx_word' id='word_1_35' title='bbox 389 686 443 770; x_wconf 94' lang='lat' dir='ltr'><strong>qni</strong></span> <span class='ocrx_word' id='word_1_36' title='bbox 465 684 545 750; x_wconf 83' lang='lat' dir='ltr'><strong>viris</strong></span> <span class='ocrx_word' id='word_1_37' title='bbox 569 691 601 752; x_wconf 89' lang='lat' dir='ltr'><strong>et</strong></span> <span class='ocrx_word' id='word_1_38' title='bbox 623 705 736 768; x_wconf 77' lang='lat' dir='ltr'><strong>regnae</strong></span> <span class='ocrx_word' id='word_1_39' title='bbox 751 686 785 752; x_wconf 90' lang='lat' dir='ltr'><strong>in</strong></span> <span class='ocrx_word' id='word_1_40' title='bbox 802 685 928 752; x_wconf 80' lang='lat' dir='ltr'><strong>naeauula</strong></span> <span class='ocrx_word' id='word_1_41' title='bbox 941 685 1146 752; x_wconf 77' lang='lat' dir='ltr'><strong>saeculorum.</strong></span> <span class='ocrx_word' id='word_1_42' title='bbox 1170 685 1283 751; x_wconf 88' lang='lat' dir='ltr'><strong>Amen.</strong></span> 
     </span>
    </p>

    <p class='ocr_par' dir='ltr' id='par_1_3' title="bbox 1 799 1289 2050">
     <span class='ocr_line' id='line_1_5' title="bbox 207 799 1286 888; baseline 0 -20"><span class='ocrx_word' id='word_1_43' title='bbox 207 801 354 886; x_wconf 87' lang='lat' dir='ltr'><strong>Domine,</strong></span> <span class='ocrx_word' id='word_1_44' title='bbox 376 801 511 870; x_wconf 86' lang='lat' dir='ltr'><strong>oonoede</strong></span> <span class='ocrx_word' id='word_1_45' title='bbox 533 800 611 868; x_wconf 91' lang='lat' dir='ltr'><strong>mihi</strong></span> <span class='ocrx_word' id='word_1_46' title='bbox 633 821 743 888; x_wconf 81' lang='lat' dir='ltr'><strong>paoem</strong></span> <span class='ocrx_word' id='word_1_47' title='bbox 767 807 800 868; x_wconf 88' lang='lat' dir='ltr'><strong>et</strong></span> <span class='ocrx_word' id='word_1_48' title='bbox 821 801 1000 885; x_wconf 75' lang='lat' dir='ltr'><strong>sanitatem,</strong></span> <span class='ocrx_word' id='word_1_49' title='bbox 1022 799 1116 869; x_wconf 87' lang='lat' dir='ltr'><strong>iidem</strong></span> <span class='ocrx_word' id='word_1_50' title='bbox 1140 807 1172 868; x_wconf 86' lang='lat' dir='ltr'><strong>et</strong></span> <span class='ocrx_word' id='word_1_51' title='bbox 1192 801 1286 868; x_wconf 71' lang='lat' dir='ltr'><strong>nasu-</strong></span> 
     </span>
     <span class='ocr_line' id='line_1_6' title="bbox 119 916 1286 1002; baseline -0.001 -18"><span class='ocrx_word' id='word_1_52' title='bbox 119 923 235 1002; x_wconf 87' lang='lat' dir='ltr'><strong>tntem‚</strong></span> <span class='ocrx_word' id='word_1_53' title='bbox 267 918 350 984; x_wconf 85' lang='lat' dir='ltr'><strong>vieto</strong></span> <span class='ocrx_word' id='word_1_54' title='bbox 373 924 406 983; x_wconf 89' lang='lat' dir='ltr'><strong>et</strong></span> <span class='ocrx_word' id='word_1_55' title='bbox 427 917 551 984; x_wconf 80' lang='lat' dir='ltr'><strong>vestito.</strong></span> <span class='ocrx_word' id='word_1_56' title='bbox 598 917 641 984; x_wconf 84' lang='lat' dir='ltr'><strong>Et</strong></span> <span class='ocrx_word' id='word_1_57' title='bbox 664 923 714 1001; x_wconf 89' lang='lat' dir='ltr'><strong>tu,</strong></span> <span class='ocrx_word' id='word_1_58' title='bbox 738 916 889 1001; x_wconf 85' lang='lat' dir='ltr'><strong>Domine,</strong></span> <span class='ocrx_word' id='word_1_59' title='bbox 919 917 1055 984; x_wconf 85' lang='lat' dir='ltr'><strong>delimo</strong></span> <span class='ocrx_word' id='word_1_60' title='bbox 1078 923 1162 984; x_wconf 88' lang='lat' dir='ltr'><strong>terro</strong></span> <span class='ocrx_word' id='word_1_61' title='bbox 1183 917 1286 984; x_wconf 79' lang='lat' dir='ltr'><strong>fecisti</strong></span> 
     </span>
     <span class='ocr_line' id='line_1_7' title="bbox 118 1031 1285 1120; baseline -0.002 -20"><span class='ocrx_word' id='word_1_62' title='bbox 118 1055 185 1118; x_wconf 89' lang='lat' dir='ltr'><strong>me,</strong></span> <span class='ocrx_word' id='word_1_63' title='bbox 221 1054 294 1100; x_wconf 82' lang='lat' dir='ltr'><strong>osso</strong></span> <span class='ocrx_word' id='word_1_64' title='bbox 321 1039 353 1101; x_wconf 88' lang='lat' dir='ltr'><strong>et</strong></span> <span class='ocrx_word' id='word_1_65' title='bbox 379 1053 492 1100; x_wconf 85' lang='lat' dir='ltr'><strong>nervos</strong></span> <span class='ocrx_word' id='word_1_66' title='bbox 515 1031 649 1099; x_wconf 79' lang='lat' dir='ltr'><strong>firmasti</strong></span> <span class='ocrx_word' id='word_1_67' title='bbox 671 1054 738 1116; x_wconf 90' lang='lat' dir='ltr'><strong>me,</strong></span> <span class='ocrx_word' id='word_1_68' title='bbox 768 1032 890 1120; x_wconf 86' lang='lat' dir='ltr'><strong>Spiritu</strong></span> <span class='ocrx_word' id='word_1_69' title='bbox 913 1039 1021 1099; x_wconf 83' lang='lat' dir='ltr'><strong>saneto</strong></span> <span class='ocrx_word' id='word_1_70' title='bbox 1044 1033 1203 1100; x_wconf 79' lang='lat' dir='ltr'><strong>tradidisti</strong></span> <span class='ocrx_word' id='word_1_71' title='bbox 1225 1053 1285 1100; x_wconf 90' lang='lat' dir='ltr'><strong>me.</strong></span> 
     </span>
     <span class='ocr_line' id='line_1_8' title="bbox 119 1131 1286 1234; baseline 0 -18"><span class='ocrx_word' id='word_1_72' title='bbox 119 1151 205 1217; x_wconf 81' lang='lat' dir='ltr'><strong>Tuus</strong></span> <span class='ocrx_word' id='word_1_73' title='bbox 234 1171 319 1234; x_wconf 82' lang='lat' dir='ltr'><strong>sum,</strong></span> <span class='ocrx_word' id='word_1_74' title='bbox 348 1149 499 1231; x_wconf 86' lang='lat' dir='ltr'><strong>Domine;</strong></span> <span class='ocrx_word' id='word_1_75' title='bbox 528 1131 650 1216; x_wconf 73' lang='lat' dir='ltr'><strong>ommni</strong></span> <span class='ocrx_word' id='word_1_76' title='bbox 677 1169 737 1215; x_wconf 90' lang='lat' dir='ltr'><strong>me.</strong></span> <span class='ocrx_word' id='word_1_77' title='bbox 773 1148 908 1215; x_wconf 90' lang='lat' dir='ltr'><strong>Domine</strong></span> <span class='ocrx_word' id='word_1_78' title='bbox 936 1149 1007 1214; x_wconf 79' lang='lat' dir='ltr'><strong>Iesu</strong></span> <span class='ocrx_word' id='word_1_79' title='bbox 1034 1148 1174 1234; x_wconf 82' lang='lat' dir='ltr'><strong>Christe,</strong></span> <span class='ocrx_word' id='word_1_80' title='bbox 1203 1147 1286 1216; x_wconf 82' lang='lat' dir='ltr'><strong>tilius</strong></span> 
     </span>
     <span class='ocr_line' id='line_1_9' title="bbox 118 1265 1288 1352; baseline -0.001 -19"><span class='ocrx_word' id='word_1_81' title='bbox 118 1267 179 1334; x_wconf 88' lang='lat' dir='ltr'><strong>Dei</strong></span> <span class='ocrx_word' id='word_1_82' title='bbox 210 1267 291 1351; x_wconf 82' lang='lat' dir='ltr'><strong>vivi,</strong></span> <span class='ocrx_word' id='word_1_83' title='bbox 320 1267 374 1352; x_wconf 89' lang='lat' dir='ltr'><strong>qui</strong></span> <span class='ocrx_word' id='word_1_84' title='bbox 401 1286 452 1332; x_wconf 89' lang='lat' dir='ltr'><strong>me</strong></span> <span class='ocrx_word' id='word_1_85' title='bbox 480 1265 610 1343; x_wconf 77' lang='lat' dir='ltr'><strong>creasti,</strong></span> <span class='ocrx_word' id='word_1_86' title='bbox 641 1286 680 1332; x_wconf 85' lang='lat' dir='ltr'><strong>ex</strong></span> <span class='ocrx_word' id='word_1_87' title='bbox 710 1266 892 1333; x_wconf 80' lang='lat' dir='ltr'><strong>totocorde</strong></span> <span class='ocrx_word' id='word_1_88' title='bbox 916 1285 1002 1350; x_wconf 82' lang='lat' dir='ltr'><strong>meo,</strong></span> <span class='ocrx_word' id='word_1_89' title='bbox 1030 1286 1070 1332; x_wconf 82' lang='lat' dir='ltr'><strong>ex</strong></span> <span class='ocrx_word' id='word_1_90' title='bbox 1092 1271 1160 1332; x_wconf 86' lang='lat' dir='ltr'><strong>tota</strong></span> <span class='ocrx_word' id='word_1_91' title='bbox 1182 1266 1288 1332; x_wconf 84' lang='lat' dir='ltr'><strong>anima</strong></span> 
     </span>
     <span class='ocr_line' id='line_1_10' title="bbox 118 1379 1287 1468; baseline -0.003 -18"><span class='ocrx_word' id='word_1_92' title='bbox 118 1403 190 1450; x_wconf 89' lang='lat' dir='ltr'><strong>mea</strong></span> <span class='ocrx_word' id='word_1_93' title='bbox 214 1387 246 1450; x_wconf 90' lang='lat' dir='ltr'><strong>et</strong></span> <span class='ocrx_word' id='word_1_94' title='bbox 268 1403 308 1449; x_wconf 83' lang='lat' dir='ltr'><strong>ex</strong></span> <span class='ocrx_word' id='word_1_95' title='bbox 330 1388 397 1449; x_wconf 87' lang='lat' dir='ltr'><strong>tnta</strong></span> <span class='ocrx_word' id='word_1_96' title='bbox 419 1381 602 1448; x_wconf 84' lang='lat' dir='ltr'><strong>fortitudine</strong></span> <span class='ocrx_word' id='word_1_97' title='bbox 625 1388 749 1448; x_wconf 86' lang='lat' dir='ltr'><strong>meato</strong></span> <span class='ocrx_word' id='word_1_98' title='bbox 772 1382 904 1449; x_wconf 87' lang='lat' dir='ltr'><strong>adorare</strong></span> <span class='ocrx_word' id='word_1_99' title='bbox 926 1401 1084 1468; x_wconf 76' lang='lat' dir='ltr'><strong>presumo.</strong></span> <span class='ocrx_word' id='word_1_100' title='bbox 1119 1379 1195 1448; x_wconf 84' lang='lat' dir='ltr'><strong>Poet</strong></span> <span class='ocrx_word' id='word_1_101' title='bbox 1211 1381 1287 1468; x_wconf 88' lang='lat' dir='ltr'><strong>bap-</strong></span> 
     </span>
     <span class='ocr_line' id='line_1_11' title="bbox 121 1481 1287 1586; baseline -0.003 -18"><span class='ocrx_word' id='word_1_102' title='bbox 121 1501 215 1568; x_wconf 77' lang='lat' dir='ltr'><strong>mmo</strong></span> <span class='ocrx_word' id='word_1_103' title='bbox 244 1503 354 1566; x_wconf 80' lang='lat' dir='ltr'><strong>saneto</strong></span> <span class='ocrx_word' id='word_1_104' title='bbox 383 1499 490 1586; x_wconf 86' lang='lat' dir='ltr'><strong>aooepi</strong></span> <span class='ocrx_word' id='word_1_105' title='bbox 519 1504 550 1564; x_wconf 88' lang='lat' dir='ltr'><strong>et</strong></span> <span class='ocrx_word' id='word_1_106' title='bbox 571 1481 632 1564; x_wconf 84' lang='lat' dir='ltr'><strong>feni</strong></span> <span class='ocrx_word' id='word_1_107' title='bbox 655 1503 765 1564; x_wconf 84' lang='lat' dir='ltr'><strong>eontra</strong></span> <span class='ocrx_word' id='word_1_108' title='bbox 787 1497 979 1564; x_wconf 86' lang='lat' dir='ltr'><strong>voluntatem</strong></span> <span class='ocrx_word' id='word_1_109' title='bbox 1004 1504 1092 1564; x_wconf 88' lang='lat' dir='ltr'><strong>tuam</strong></span> <span class='ocrx_word' id='word_1_110' title='bbox 1116 1498 1226 1582; x_wconf 84' lang='lat' dir='ltr'><strong>verbo,</strong></span> <span class='ocrx_word' id='word_1_111' title='bbox 1254 1495 1287 1564; x_wconf 88' lang='lat' dir='ltr'><strong>in</strong></span> 
     </span>
     <span class='ocr_line' id='line_1_12' title="bbox 120 1613 1288 1702; baseline 0 -20"><span class='ocrx_word' id='word_1_112' title='bbox 120 1615 323 1700; x_wconf 74' lang='lat' dir='ltr'><strong>cogitatione,</strong></span> <span class='ocrx_word' id='word_1_113' title='bbox 345 1615 378 1681; x_wconf 92' lang='lat' dir='ltr'><strong>in</strong></span> <span class='ocrx_word' id='word_1_114' title='bbox 402 1614 599 1702; x_wconf 85' lang='lat' dir='ltr'><strong>operatione;</strong></span> <span class='ocrx_word' id='word_1_115' title='bbox 623 1613 750 1697; x_wconf 84' lang='lat' dir='ltr'><strong>indulge</strong></span> <span class='ocrx_word' id='word_1_116' title='bbox 773 1619 903 1702; x_wconf 81' lang='lat' dir='ltr'><strong>peecata</strong></span> <span class='ocrx_word' id='word_1_117' title='bbox 924 1617 1004 1682; x_wconf 81' lang='lat' dir='ltr'><strong>mea</strong></span> <span class='ocrx_word' id='word_1_118' title='bbox 1040 1613 1083 1680; x_wconf 88' lang='lat' dir='ltr'><strong>Et</strong></span> <span class='ocrx_word' id='word_1_119' title='bbox 1105 1615 1159 1700; x_wconf 90' lang='lat' dir='ltr'><strong>qui</strong></span> <span class='ocrx_word' id='word_1_120' title='bbox 1181 1615 1215 1680; x_wconf 92' lang='lat' dir='ltr'><strong>in</strong></span> <span class='ocrx_word' id='word_1_121' title='bbox 1237 1633 1288 1682; x_wconf 90' lang='grc' dir='ltr'><strong>πιθ</strong></span> 
     </span>
     <span class='ocr_line' id='line_1_13' title="bbox 53 1729 1288 1820; baseline -0.006 -15"><span class='ocrx_word' id='word_1_122' title='bbox 53 1801 55 1805; x_wconf 89' lang='grc'>.</span> <span class='ocrx_word' id='word_1_123' title='bbox 119 1733 274 1820; x_wconf 86' lang='lat' dir='ltr'><strong>peeoauit,</strong></span> <span class='ocrx_word' id='word_1_124' title='bbox 299 1737 371 1798; x_wconf 86' lang='lat' dir='ltr'><strong>ante</strong></span> <span class='ocrx_word' id='word_1_125' title='bbox 394 1735 596 1817; x_wconf 79' lang='lat' dir='ltr'><strong>conspeetum</strong></span> <span class='ocrx_word' id='word_1_126' title='bbox 611 1729 673 1798; x_wconf 91' lang='lat' dir='ltr'><strong>Dei</strong></span> <span class='ocrx_word' id='word_1_127' title='bbox 696 1735 727 1796; x_wconf 89' lang='lat' dir='ltr'><strong>et</strong></span> <span class='ocrx_word' id='word_1_128' title='bbox 749 1749 858 1798; x_wconf 82' lang='lat' dir='ltr'><strong>omnes</strong></span> <span class='ocrx_word' id='word_1_129' title='bbox 881 1730 1014 1798; x_wconf 81' lang='lat' dir='ltr'><strong>virtutes</strong></span> <span class='ocrx_word' id='word_1_130' title='bbox 1037 1729 1219 1814; x_wconf 83' lang='lat' dir='ltr'><strong>angelorum</strong></span> <span class='ocrx_word' id='word_1_131' title='bbox 1239 1729 1288 1797; x_wconf 83' lang='lat' dir='ltr'><strong>hie</strong></span> 
     </span>
     <span class='ocr_line' id='line_1_14' title="bbox 1 1845 1288 1946; baseline -0.002 -30"><span class='ocrx_word' id='word_1_132' title='bbox 1 1933 2 1946; x_wconf 10' lang='grc' dir='ltr'>ἵ</span> <span class='ocrx_word' id='word_1_133' title='bbox 119 1849 263 1916; x_wconf 80' lang='lat' dir='ltr'><strong>demitto.</strong></span> <span class='ocrx_word' id='word_1_134' title='bbox 308 1847 443 1914; x_wconf 91' lang='lat' dir='ltr'><strong>Domine</strong></span> <span class='ocrx_word' id='word_1_135' title='bbox 466 1845 551 1914; x_wconf 83' lang='lat' dir='ltr'><strong>Dens</strong></span> <span class='ocrx_word' id='word_1_136' title='bbox 574 1847 782 1934; x_wconf 80' lang='lat' dir='ltr'><strong>omnipotens,</strong></span> <span class='ocrx_word' id='word_1_137' title='bbox 805 1845 1034 1914; x_wconf 73' lang='lat' dir='ltr'><strong>contantini</strong></span> <span class='ocrx_word' id='word_1_138' title='bbox 1057 1851 1186 1933; x_wconf 83' lang='lat' dir='ltr'><strong>paooeta</strong></span> <span class='ocrx_word' id='word_1_139' title='bbox 1207 1865 1288 1931; x_wconf 83' lang='lat' dir='ltr'><strong>mee,</strong></span> 
     </span>
     <span class='ocr_line' id='line_1_15' title="bbox 1 1953 1289 2050; baseline -0.003 -18"><span class='ocrx_word' id='word_1_140' title='bbox 1 1953 2 2042; x_wconf 55' lang='grc' dir='ltr'><strong>ᾗ</strong></span> <span class='ocrx_word' id='word_1_141' title='bbox 120 1985 183 2050; x_wconf 90' lang='lat' dir='ltr'><strong>qne</strong></span> <span class='ocrx_word' id='word_1_142' title='bbox 204 1964 266 2032; x_wconf 83' lang='lat' dir='ltr'><strong>feei</strong></span> <span class='ocrx_word' id='word_1_143' title='bbox 289 1969 321 2030; x_wconf 87' lang='lat' dir='ltr'><strong>et</strong></span> <span class='ocrx_word' id='word_1_144' title='bbox 342 1963 441 2047; x_wconf 75' lang='lat' dir='ltr'><strong>goeei3</strong></span> <span class='ocrx_word' id='word_1_145' title='bbox 470 1967 578 2049; x_wconf 85' lang='lat' dir='ltr'><strong>prentn</strong></span> <span class='ocrx_word' id='word_1_146' title='bbox 600 1962 678 2029; x_wconf 91' lang='lat' dir='ltr'><strong>mihi</strong></span> <span class='ocrx_word' id='word_1_147' title='bbox 701 1981 809 2030; x_wconf 85' lang='lat' dir='ltr'><strong>veram</strong></span> <span class='ocrx_word' id='word_1_148' title='bbox 831 1963 1055 2050; x_wconf 73' lang='lat' dir='ltr'><strong>penitentiam,</strong></span> <span class='ocrx_word' id='word_1_149' title='bbox 1086 1963 1211 2030; x_wconf 89' lang='lat' dir='ltr'><strong>domine</strong></span> <span class='ocrx_word' id='word_1_150' title='bbox 1235 1981 1289 2030; x_wconf 81' lang='lat' dir='ltr'><strong>ex-</strong></span> 
     </span>
    </p>
   </div>
   <div class='ocr_carea' id='block_1_3' title="bbox 1 2077 1291 2516">
    <p class='ocr_par' dir='ltr' id='par_1_4' title="bbox 1 2077 1291 2516">
     <span class='ocr_line' id='line_1_16' title="bbox 119 2077 1290 2166; baseline -0.002 -17.275"><span class='ocrx_word' id='word_1_151' title='bbox 119 2081 207 2149; x_wconf 79' lang='lat' dir='ltr'><strong>oaiai.</strong></span> <span class='ocrx_word' id='word_1_152' title='bbox 254 2079 395 2164; x_wconf 68' lang='lat' dir='ltr'><strong>Paneuei,</strong></span> <span class='ocrx_word' id='word_1_153' title='bbox 418 2078 564 2164; x_wconf 86' lang='lat' dir='ltr'><strong>Domine,</strong></span> <span class='ocrx_word' id='word_1_154' title='bbox 587 2079 620 2145; x_wconf 92' lang='lat' dir='ltr'><strong>in</strong></span> <span class='ocrx_word' id='word_1_155' title='bbox 643 2079 799 2146; x_wconf 80' lang='lat' dir='ltr'><strong>somnium</strong></span> <span class='ocrx_word' id='word_1_156' title='bbox 824 2085 856 2146; x_wconf 87' lang='lat' dir='ltr'><strong>et</strong></span> <span class='ocrx_word' id='word_1_157' title='bbox 877 2079 1020 2166; x_wconf 78' lang='lat' dir='ltr'><strong>pegritia.</strong></span> <span class='ocrx_word' id='word_1_158' title='bbox 1059 2077 1201 2163; x_wconf 83' lang='lat' dir='ltr'><strong>Peooavi,</strong></span> <span class='ocrx_word' id='word_1_159' title='bbox 1225 2077 1290 2146; x_wconf 88' lang='lat' dir='ltr'><strong>Do·</strong></span> 
     </span>
     <span class='ocr_line' id='line_1_17' title="bbox 1 2194 1288 2283; baseline -0.002 -19"><span class='ocrx_word' id='word_1_160' title='bbox 1 2209 2 2218; x_wconf 76' lang='grc'>’</span> <span class='ocrx_word' id='word_1_161' title='bbox 119 2199 224 2282; x_wconf 88' lang='lat' dir='ltr'><strong>mine,</strong></span> <span class='ocrx_word' id='word_1_162' title='bbox 247 2197 343 2264; x_wconf 81' lang='lat' dir='ltr'><strong>miser</strong></span> <span class='ocrx_word' id='word_1_163' title='bbox 366 2196 400 2263; x_wconf 92' lang='lat' dir='ltr'><strong>in</strong></span> <span class='ocrx_word' id='word_1_164' title='bbox 422 2201 634 2277; x_wconf 81' lang='lat' dir='ltr'><strong>aonramenta3</strong></span> <span class='ocrx_word' id='word_1_165' title='bbox 659 2194 734 2280; x_wconf 87' lang='lat' dir='ltr'><strong>heu,</strong></span> <span class='ocrx_word' id='word_1_166' title='bbox 758 2197 871 2280; x_wconf 81' lang='lat' dir='ltr'><strong>miser,</strong></span> <span class='ocrx_word' id='word_1_167' title='bbox 900 2217 971 2262; x_wconf 88' lang='lat' dir='ltr'><strong>mea</strong></span> <span class='ocrx_word' id='word_1_168' title='bbox 992 2194 1153 2262; x_wconf 84' lang='lat' dir='ltr'><strong>voluntate</strong></span> <span class='ocrx_word' id='word_1_169' title='bbox 1175 2195 1288 2283; x_wconf 83' lang='lat' dir='ltr'><strong>polini3</strong></span> 
     </span>
     <span class='ocr_line' id='line_1_18' title="bbox 1 2311 1290 2399; baseline 0 -19"><span class='ocrx_word' id='word_1_170' title='bbox 1 2393 2 2398; x_wconf 64' lang='lat'>,</span> <span class='ocrx_word' id='word_1_171' title='bbox 120 2314 184 2381; x_wconf 87' lang='lat' dir='ltr'><strong>hou</strong></span> <span class='ocrx_word' id='word_1_172' title='bbox 211 2315 324 2397; x_wconf 77' lang='lat' dir='ltr'><strong>miser,</strong></span> <span class='ocrx_word' id='word_1_173' title='bbox 352 2318 443 2380; x_wconf 83' lang='lat' dir='ltr'><strong>tanta</strong></span> <span class='ocrx_word' id='word_1_174' title='bbox 470 2312 605 2380; x_wconf 75' lang='lat' dir='ltr'><strong>suntin</strong></span> <span class='ocrx_word' id='word_1_175' title='bbox 634 2332 685 2379; x_wconf 88' lang='lat' dir='ltr'><strong>me</strong></span> <span class='ocrx_word' id='word_1_176' title='bbox 708 2315 846 2399; x_wconf 77' lang='lat' dir='ltr'><strong>peecata</strong></span> <span class='ocrx_word' id='word_1_177' title='bbox 893 2311 997 2396; x_wconf 75' lang='lat' dir='ltr'><strong>neue,</strong></span> <span class='ocrx_word' id='word_1_178' title='bbox 1025 2312 1184 2380; x_wconf 78' lang='lat' dir='ltr'><strong>miserere.</strong></span> <span class='ocrx_word' id='word_1_179' title='bbox 1230 2311 1290 2390; x_wconf 81' lang='lat' dir='ltr'><strong>Qui</strong></span> 
     </span>
     <span class='ocr_line' id='line_1_19' title="bbox 1 2417 1291 2516; baseline -0.002 -18"><span class='ocrx_word' id='word_1_180' title='bbox 1 2417 2 2420; x_wconf 24' lang='lat'>¹</span> <span class='ocrx_word' id='word_1_181' title='bbox 119 2430 246 2498; x_wconf 90' lang='lat' dir='ltr'><strong>nulium</strong></span> <span class='ocrx_word' id='word_1_182' title='bbox 268 2431 315 2496; x_wconf 83' lang='lat' dir='ltr'><strong>vie</strong></span> <span class='ocrx_word' id='word_1_183' title='bbox 340 2429 453 2516; x_wconf 84' lang='lat' dir='ltr'><strong>perire,</strong></span> <span class='ocrx_word' id='word_1_184' title='bbox 476 2435 583 2516; x_wconf 82' lang='lat' dir='ltr'><strong>presta</strong></span> <span class='ocrx_word' id='word_1_185' title='bbox 606 2429 684 2495; x_wconf 89' lang='lat' dir='ltr'><strong>mihi</strong></span> <span class='ocrx_word' id='word_1_186' title='bbox 707 2448 814 2495; x_wconf 86' lang='lat' dir='ltr'><strong>veram</strong></span> <span class='ocrx_word' id='word_1_187' title='bbox 837 2428 1044 2515; x_wconf 79' lang='lat' dir='ltr'><strong>penitentiam</strong></span> <span class='ocrx_word' id='word_1_188' title='bbox 1068 2434 1101 2495; x_wconf 86' lang='lat' dir='ltr'><strong>et</strong></span> <span class='ocrx_word' id='word_1_189' title='bbox 1122 2429 1218 2514; x_wconf 77' lang='lat' dir='ltr'><strong>digna</strong></span> <span class='ocrx_word' id='word_1_190' title='bbox 1239 2447 1291 2496; x_wconf 90' lang='grc' dir='ltr'><strong>πιθ</strong></span> 
     </span>
    </p>
   </div>
   <div class='ocr_carea' id='block_1_4' title="bbox 120 2545 283 2614">
    <p class='ocr_par' dir='ltr' id='par_1_5' title="bbox 120 2545 283 2614">
     <span class='ocr_line' id='line_1_20' title="bbox 120 2545 283 2614; baseline -0.012 0"><span class='ocrx_word' id='word_1_191' title='bbox 120 2545 283 2614; x_wconf 81' lang='lat' dir='ltr'><strong>exaudire.</strong></span> 
     </span>
    </p>
   </div>
   <div class='ocr_carea' id='block_1_5' title="bbox 1 2757 1292 2959">
    <p class='ocr_par' dir='ltr' id='par_1_6' title="bbox 1 2757 1292 2959">
     <span class='ocr_line' id='line_1_21' title="bbox 1 2757 1292 2846; baseline -0.005 -15"><span class='ocrx_word' id='word_1_192' title='bbox 1 2757 2 2806; x_wconf 67' lang='lat' dir='ltr'><strong>i</strong></span> <span class='ocrx_word' id='word_1_193' title='bbox 126 2760 214 2830; x_wconf 87' lang='lat'>151.</span> <span class='ocrx_word' id='word_1_194' title='bbox 235 2759 390 2826; x_wconf 77' lang='lat' dir='ltr'><strong>Monocti</strong></span> <span class='ocrx_word' id='word_1_195' title='bbox 412 2761 543 2846; x_wconf 78' lang='lat' dir='ltr'><strong>quidam</strong></span> <span class='ocrx_word' id='word_1_196' title='bbox 564 2761 746 2846; x_wconf 57' lang='lat' dir='ltr'><strong>praeponite</strong></span> <span class='ocrx_word' id='word_1_197' title='bbox 770 2761 896 2826; x_wconf 83' lang='lat' dir='ltr'><strong>cuidam</strong></span> <span class='ocrx_word' id='word_1_198' title='bbox 919 2761 957 2824; x_wconf 86' lang='lat' dir='ltr'><strong>de</strong></span> <span class='ocrx_word' id='word_1_199' title='bbox 982 2761 1136 2846; x_wconf 65' lang='lat' dir='ltr'><strong>aguitando</strong></span> <span class='ocrx_word' id='word_1_200' title='bbox 1143 2759 1292 2844; x_wconf 72' lang='lat' dir='ltr'><strong>frotmaro</strong></span> 
     </span>
     <span class='ocr_line' id='line_1_22' title="bbox 1 2871 1291 2959; baseline -0.004 -14"><span class='ocrx_word' id='word_1_201' title='bbox 1 2873 2 2908; x_wconf 67' lang='lat'><strong>³</strong></span> <span class='ocrx_word' id='word_1_202' title='bbox 236 2889 431 2944; x_wconf 76' lang='lat' dir='ltr'><strong>mortuorum</strong></span> <span class='ocrx_word' id='word_1_203' title='bbox 452 2879 602 2940; x_wconf 73' lang='lat' dir='ltr'><strong>monerio</strong></span> <span class='ocrx_word' id='word_1_204' title='bbox 625 2875 790 2942; x_wconf 65' lang='lat' dir='ltr'><strong>sooner.</strong></span> <span class='ocrx_word' id='word_1_205' title='bbox 865 2873 900 2956; x_wconf 83' lang='lat' dir='ltr'><strong>(S</strong></span> <span class='ocrx_word' id='word_1_206' title='bbox 919 2875 992 2958; x_wconf 83' lang='lat'>108,</span> <span class='ocrx_word' id='word_1_207' title='bbox 1015 2872 1054 2940; x_wconf 88' lang='lat' dir='ltr'>W</span> <span class='ocrx_word' id='word_1_208' title='bbox 1074 2875 1146 2959; x_wconf 86' lang='lat'>144,</span> <span class='ocrx_word' id='word_1_209' title='bbox 1170 2871 1291 2954; x_wconf 83' lang='lat' dir='ltr'><strong>G134)</strong></span> 
     </span>
    </p>
   </div>
   <div class='ocr_carea' id='block_1_6' title="bbox 120 3007 1293 3323">
    <p class='ocr_par' dir='ltr' id='par_1_7' title="bbox 120 3007 1293 3323">
     <span class='ocr_line' id='line_1_23' title="bbox 198 3007 1225 3078; baseline -0.004 0"><span class='ocrx_word' id='word_1_210' title='bbox 198 3009 470 3078; x_wconf 82' lang='lat' dir='ltr'><strong>Pronatorium</strong></span> <span class='ocrx_word' id='word_1_211' title='bbox 492 3007 731 3074; x_wconf 86' lang='lat' dir='ltr'><strong>memorandi</strong></span> <span class='ocrx_word' id='word_1_212' title='bbox 753 3007 919 3074; x_wconf 85' lang='lat' dir='ltr'><strong>fratrum</strong></span> <span class='ocrx_word' id='word_1_213' title='bbox 942 3007 1225 3074; x_wconf 75' lang='lat' dir='ltr'><strong>defunctorum.</strong></span> 
     </span>
     <span class='ocr_line' id='line_1_24' title="bbox 215 3123 1293 3210; baseline -0.004 -16"><span class='ocrx_word' id='word_1_214' title='bbox 215 3126 339 3194; x_wconf 84' lang='lat' dir='ltr'><strong>Sanetie</strong></span> <span class='ocrx_word' id='word_1_215' title='bbox 362 3131 394 3194; x_wconf 89' lang='lat' dir='ltr'><strong>et</strong></span> <span class='ocrx_word' id='word_1_216' title='bbox 415 3123 646 3191; x_wconf 79' lang='lat' dir='ltr'><strong>venerabilibus</strong></span> <span class='ocrx_word' id='word_1_217' title='bbox 663 3124 823 3208; x_wconf 82' lang='lat' dir='ltr'><strong>fratribus,</strong></span> <span class='ocrx_word' id='word_1_218' title='bbox 846 3123 893 3190; x_wconf 91' lang='lat' dir='ltr'><strong>illi</strong></span> <span class='ocrx_word' id='word_1_219' title='bbox 910 3124 1070 3210; x_wconf 81' lang='lat' dir='ltr'><strong>preposito</strong></span> <span class='ocrx_word' id='word_1_220' title='bbox 1086 3123 1293 3208; x_wconf 81' lang='lat' dir='ltr'><strong>omnibusque</strong></span> 
     </span>
     <span class='ocr_line' id='line_1_25' title="bbox 120 3239 1292 3323; baseline -0.004 -12"><span class='ocrx_word' id='word_1_221' title='bbox 120 3244 187 3312; x_wconf 82' lang='lat' dir='ltr'><strong>eibi</strong></span> <span class='ocrx_word' id='word_1_222' title='bbox 214 3245 248 3310; x_wconf 94' lang='lat' dir='ltr'><strong>in</strong></span> <span class='ocrx_word' id='word_1_223' title='bbox 272 3242 397 3310; x_wconf 81' lang='lat' dir='ltr'><strong>Christo</strong></span> <span class='ocrx_word' id='word_1_224' title='bbox 428 3240 592 3323; x_wconf 74' lang='lat' dir='ltr'><strong>subiectis,</strong></span> <span class='ocrx_word' id='word_1_225' title='bbox 620 3240 733 3306; x_wconf 82' lang='lat' dir='ltr'><strong>fratrea</strong></span> <span class='ocrx_word' id='word_1_226' title='bbox 759 3260 798 3306; x_wconf 81' lang='lat' dir='ltr'><strong>ex</strong></span> <span class='ocrx_word' id='word_1_227' title='bbox 821 3240 1010 3307; x_wconf 84' lang='lat' dir='ltr'><strong>monasterio</strong></span> <span class='ocrx_word' id='word_1_228' title='bbox 1034 3239 1087 3306; x_wconf 93' lang='lat' dir='ltr'><strong>illo</strong></span> <span class='ocrx_word' id='word_1_229' title='bbox 1110 3241 1144 3306; x_wconf 94' lang='lat' dir='ltr'><strong>in</strong></span> <span class='ocrx_word' id='word_1_230' title='bbox 1167 3239 1292 3306; x_wconf 80' lang='lat' dir='ltr'><strong>Christo</strong></span> 
     </span>
    </p>
   </div>
   <div class='ocr_carea' id='block_1_7' title="bbox 1 3361 269 3429">
    <p class='ocr_par' dir='ltr' id='par_1_8' title="bbox 1 3361 269 3429">
     <span class='ocr_line' id='line_1_26' title="bbox 1 3361 269 3429; baseline -0.015 1"><span class='ocrx_word' id='word_1_231' title='bbox 1 3389 2 3418; x_wconf 58' lang='grc' dir='ltr'>ι</span> <span class='ocrx_word' id='word_1_232' title='bbox 119 3361 269 3429; x_wconf 81' lang='lat' dir='ltr'><strong>sulutem.</strong></span> 
     </span>
    </p>
   </div>
   <div class='ocr_carea' id='block_1_8' title="bbox 119 3471 1293 3676">
    <p class='ocr_par' dir='ltr' id='par_1_9' title="bbox 119 3471 1293 3676">
     <span class='ocr_line' id='line_1_27' title="bbox 214 3471 1293 3558; baseline -0.004 -16"><span class='ocrx_word' id='word_1_233' title='bbox 214 3475 398 3543; x_wconf 83' lang='lat' dir='ltr'><strong>Direximue</strong></span> <span class='ocrx_word' id='word_1_234' title='bbox 433 3473 539 3557; x_wconf 83' lang='lat' dir='ltr'><strong>itaque</strong></span> <span class='ocrx_word' id='word_1_235' title='bbox 573 3473 708 3540; x_wconf 84' lang='lat' dir='ltr'><strong>fratrum</strong></span> <span class='ocrx_word' id='word_1_236' title='bbox 738 3477 917 3539; x_wconf 82' lang='lat' dir='ltr'><strong>nostrorum</strong></span> <span class='ocrx_word' id='word_1_237' title='bbox 946 3491 1047 3558; x_wconf 86' lang='lat' dir='ltr'><strong>nuper</strong></span> <span class='ocrx_word' id='word_1_238' title='bbox 1074 3471 1293 3538; x_wconf 74' lang='lat' dir='ltr'><strong>defunctorum</strong></span> 
     </span>
     <span class='ocr_line' id='line_1_28' title="bbox 119 3586 1293 3676; baseline -0.007 -14"><span class='ocrx_word' id='word_1_239' title='bbox 119 3593 269 3676; x_wconf 85' lang='lat' dir='ltr'><strong>nomina,</strong></span> <span class='ocrx_word' id='word_1_240' title='bbox 303 3596 339 3658; x_wconf 90' lang='lat' dir='ltr'><strong>ut</strong></span> <span class='ocrx_word' id='word_1_241' title='bbox 372 3609 479 3656; x_wconf 86' lang='lat' dir='ltr'><strong>eornm</strong></span> <span class='ocrx_word' id='word_1_242' title='bbox 513 3590 546 3656; x_wconf 95' lang='lat' dir='ltr'><strong>in</strong></span> <span class='ocrx_word' id='word_1_243' title='bbox 574 3588 688 3656; x_wconf 80' lang='lat' dir='ltr'><strong>ventrio</strong></span> <span class='ocrx_word' id='word_1_244' title='bbox 717 3587 834 3654; x_wconf 79' lang='lat' dir='ltr'><strong>sanetis</strong></span> <span class='ocrx_word' id='word_1_245' title='bbox 863 3588 1056 3656; x_wconf 83' lang='lat' dir='ltr'><strong>orationibus</strong></span> <span class='ocrx_word' id='word_1_246' title='bbox 1085 3586 1177 3655; x_wconf 80' lang='lat' dir='ltr'><strong>solito</strong></span> <span class='ocrx_word' id='word_1_247' title='bbox 1205 3608 1293 3654; x_wconf 89' lang='lat' dir='ltr'><strong>more</strong></span> 
     </span>
    </p>
   </div>
   <div class='ocr_carea' id='block_1_9' title="bbox 1 3703 1293 3791">
    <p class='ocr_par' dir='ltr' id='par_1_10' title="bbox 1 3703 1293 3791">
     <span class='ocr_line' id='line_1_29' title="bbox 1 3703 1293 3791; baseline -0.009 -7"><span class='ocrx_word' id='word_1_248' title='bbox 1 3781 2 3784; x_wconf 74' lang='grc'>,</span> <span class='ocrx_word' id='word_1_249' title='bbox 119 3708 310 3780; x_wconf 88' lang='lat' dir='ltr'><strong>memoriam</strong></span> <span class='ocrx_word' id='word_1_250' title='bbox 338 3706 496 3790; x_wconf 83' lang='lat' dir='ltr'><strong>habeatis,</strong></span> <span class='ocrx_word' id='word_1_251' title='bbox 529 3710 561 3772; x_wconf 86' lang='lat' dir='ltr'><strong>et</strong></span> <span class='ocrx_word' id='word_1_252' title='bbox 589 3705 628 3770; x_wconf 83' lang='lat' dir='ltr'><strong>ad</strong></span> <span class='ocrx_word' id='word_1_253' title='bbox 657 3709 763 3772; x_wconf 82' lang='lat' dir='ltr'><strong>notare</strong></span> <span class='ocrx_word' id='word_1_254' title='bbox 791 3703 937 3791; x_wconf 84' lang='lat' dir='ltr'><strong>deinoepa</strong></span> <span class='ocrx_word' id='word_1_255' title='bbox 964 3704 1156 3772; x_wconf 80' lang='lat' dir='ltr'><strong>monanterie</strong></span> <span class='ocrx_word' id='word_1_256' title='bbox 1184 3703 1293 3772; x_wconf 82' lang='lat' dir='ltr'><strong>eedem</strong></span> 
     </span>
    </p>
   </div>
   <div class='ocr_carea' id='block_1_10' title="bbox 119 3820 1293 4139">
    <p class='ocr_par' dir='ltr' id='par_1_11' title="bbox 119 3820 1293 4139">
     <span class='ocr_line' id='line_1_30' title="bbox 119 3820 1293 3910; baseline -0.008 -15"><span class='ocrx_word' id='word_1_257' title='bbox 119 3827 254 3895; x_wconf 83' lang='lat' dir='ltr'><strong>nomina</strong></span> <span class='ocrx_word' id='word_1_258' title='bbox 276 3824 396 3910; x_wconf 79' lang='lat' dir='ltr'><strong>scriptu</strong></span> <span class='ocrx_word' id='word_1_259' title='bbox 418 3822 578 3905; x_wconf 84' lang='lat' dir='ltr'><strong>dirigatis3</strong></span> <span class='ocrx_word' id='word_1_260' title='bbox 602 3822 684 3887; x_wconf 84' lang='lat' dir='ltr'><strong>siout</strong></span> <span class='ocrx_word' id='word_1_261' title='bbox 706 3827 738 3887; x_wconf 91' lang='lat' dir='ltr'><strong>et</strong></span> <span class='ocrx_word' id='word_1_262' title='bbox 760 3841 817 3887; x_wconf 86' lang='lat' dir='ltr'><strong>nos</strong></span> <span class='ocrx_word' id='word_1_263' title='bbox 839 3821 982 3904; x_wconf 82' lang='lat' dir='ltr'><strong>feoimua,</strong></span> <span class='ocrx_word' id='word_1_264' title='bbox 1006 3820 1129 3906; x_wconf 80' lang='lat' dir='ltr'><strong>quoties</strong></span> <span class='ocrx_word' id='word_1_265' title='bbox 1150 3821 1189 3887; x_wconf 87' lang='lat' dir='ltr'><strong>de</strong></span> <span class='ocrx_word' id='word_1_266' title='bbox 1204 3820 1293 3888; x_wconf 82' lang='lat' dir='ltr'><strong>vobio</strong></span> 
     </span>
     <span class='ocr_line' id='line_1_31' title="bbox 121 3937 1292 4011; baseline -0.008 0"><span class='ocrx_word' id='word_1_267' title='bbox 121 3944 192 4011; x_wconf 83' lang='lat' dir='ltr'><strong>sivo</strong></span> <span class='ocrx_word' id='word_1_268' title='bbox 215 3941 253 4008; x_wconf 90' lang='lat' dir='ltr'><strong>de</strong></span> <span class='ocrx_word' id='word_1_269' title='bbox 277 3941 390 4007; x_wconf 81' lang='lat' dir='ltr'><strong>noterio</strong></span> <span class='ocrx_word' id='word_1_270' title='bbox 412 3938 612 4005; x_wconf 78' lang='lat' dir='ltr'><strong>monasteriis</strong></span> <span class='ocrx_word' id='word_1_271' title='bbox 628 3937 845 4006; x_wconf 75' lang='lat' dir='ltr'><strong>detunctorum</strong></span> <span class='ocrx_word' id='word_1_272' title='bbox 861 3937 994 4004; x_wconf 86' lang='lat' dir='ltr'><strong>fratrum</strong></span> <span class='ocrx_word' id='word_1_273' title='bbox 1009 3937 1139 4004; x_wconf 88' lang='lat' dir='ltr'><strong>nomina</strong></span> <span class='ocrx_word' id='word_1_274' title='bbox 1153 3937 1292 4004; x_wconf 85' lang='lat' dir='ltr'><strong>veniunt.</strong></span> 
     </span>
     <span class='ocr_line' id='line_1_32' title="bbox 121 4052 523 4139; baseline -0.025 -10"><span class='ocrx_word' id='word_1_275' title='bbox 121 4059 193 4128; x_wconf 87' lang='lat' dir='ltr'><strong>Hoo</strong></span> <span class='ocrx_word' id='word_1_276' title='bbox 216 4064 266 4126; x_wconf 82' lang='lat' dir='ltr'><strong>est</strong></span> <span class='ocrx_word' id='word_1_277' title='bbox 289 4107 348 4123; x_wconf 93' lang='lat'><strong>...</strong></span> <span class='ocrx_word' id='word_1_278' title='bbox 372 4052 523 4139; x_wconf 44' lang='lat' dir='ltr'><strong>reliqua&amp;</strong></span> 
     </span>
    </p>
   </div>
   <div class='ocr_carea' id='block_1_11' title="bbox 198 4185 561 4374">
    <p class='ocr_par' dir='ltr' id='par_1_12' title="bbox 198 4185 561 4374">
     <span class='ocr_line' id='line_1_33' title="bbox 198 4185 561 4257; baseline -0.017 0"><span class='ocrx_word' id='word_1_279' title='bbox 198 4225 218 4257; x_wconf 63' lang='lat' dir='ltr'><strong>a</strong></span> <span class='ocrx_word' id='word_1_280' title='bbox 238 4227 268 4256; x_wconf 64' lang='lat' dir='ltr'><strong>a</strong></span> <span class='ocrx_word' id='word_1_281' title='bbox 285 4209 378 4255; x_wconf 74' lang='grc' dir='ltr'>νιιθ.</span> <span class='ocrx_word' id='word_1_282' title='bbox 455 4205 477 4252; x_wconf 87' lang='grc' dir='ltr'><strong>θ.</strong></span> <span class='ocrx_word' id='word_1_283' title='bbox 496 4185 561 4252; x_wconf 70' lang='lat' dir='ltr'><strong>riv.</strong></span> 
     </span>
     <span class='ocr_line' id='line_1_34' title="bbox 198 4303 461 4374; baseline -0.023 -11"><span class='ocrx_word' id='word_1_284' title='bbox 198 4309 223 4363; x_wconf 92' lang='lat'><strong>1.</strong></span> <span class='ocrx_word' id='word_1_285' title='bbox 247 4303 346 4360; x_wconf 82' lang='lat' dir='ltr'><strong>Eneoh.</strong></span> <span class='ocrx_word' id='word_1_286' title='bbox 363 4304 405 4374; x_wconf 86' lang='lat'><strong>33,</strong></span> <span class='ocrx_word' id='word_1_287' title='bbox 419 4303 461 4357; x_wconf 88' lang='lat'><strong>11.</strong></span> 
     </span>
    </p>
   </div>
   <div class='ocr_carea' id='block_1_12' title="bbox 575 4414 845 4436">
    <p class='ocr_par' dir='ltr' id='par_1_13' title="bbox 575 4414 845 4436">
     <span class='ocr_line' id='line_1_35' title="bbox 575 4414 845 4436; baseline -0.007 1"><span class='ocrx_word' id='word_1_288' title='bbox 575 4414 845 4436; x_wconf 79' lang='lat'>·--—-—---—-</span> 
     </span>
    </p>
   </div>
   <div class='ocr_carea' id='block_1_13' title="bbox 0 0 1565 4844">
    <p class='ocr_par' dir='ltr' id='par_1_14' title="bbox 0 0 1565 4844">
     <span class='ocr_line' id='line_1_36' title="bbox 0 0 1565 4844; baseline 0 0"><span class='ocrx_word' id='word_1_289' title='bbox 0 0 1565 4844; x_wconf 95' lang='lat' dir='ltr'><strong> </strong></span> 
     </span>
    </p>
   </div>
  </div>
 </body>
</html>
