3090 4848
301 301 329 346 e.
346 299 522 347 noumurn
543 301 588 347 nr
609 301 712 347 uuunr
733 301 920 348 neueuouss
946 303 977 348 ec
1161 285 1224 351 153

148 440 310 508 Referentc
333 441 424 507 nobis
446 442 702 509 reverentissimo
726 447 820 528 atque
842 444 1040 510 sanctissimo
1055 444 1153 512 fratre
1169 465 1225 510 no·
1270 452 1324 507 145

71 563 126 621 stro
146 555 299 622 Bonifatio
328 557 491 644 episcopo,
522 556 606 642 qnod
629 595 671 604 -
695 558 771 623 dum
799 559 928 625 sinodus
951 566 1121 643 aggregate
1143 566 1226 628 esset
1243 523 1349 583 (m)

69 671 96 736 iu
116 673 274 757 provincia
296 678 403 740 vestre
424 674 515 740 iuste
536 679 677 740 nostram
701 675 991 759 commonitionem,
1015 675 1225 743 mediantibus

69 786 148 852 tim·
174 789 290 854 nostris
314 788 449 876 Pippino
473 795 506 855 et
528 788 738 856 Carlomunno
761 790 957 877 principibus
980 792 1110 876 vestris,
1133 813 1226 879 pera·

67 909 148 986 geute
167 905 264 970 etiam
284 905 352 972 vice
377 905 506 972 nostral
526 906 687 993 praedicto
704 905 862 972 Bonifatio
882 943 923 952 —
942 906 1097 974 Dominus
1120 913 1224 974 autem

67 1018 252 1086 inclinassset
275 1021 370 1086 corda
390 1027 497 1088 vestre
517 1041 586 1088 eum
604 1021 800 1108 principibus
815 1023 928 1088 vestris
942 1023 977 1088 in
992 1023 1225 1109 praedicatione

66 1135 137 1202 eius:
166 1143 202 1202 ut
231 1136 377 1204 omnibus
399 1137 694 1206 commonitionibus
718 1139 785 1204 eius
809 1138 997 1205 oboediretis
1021 1144 1053 1205 et
1073 1137 1170 1204 falsos
1193 1145 1226 1206 et

65 1251 249 1318 scismaticos
272 1258 304 1318 et
325 1252 498 1320 homicidas
522 1259 554 1320 at
575 1254 760 1321 fornicarios
791 1252 921 1320 euobis
951 1253 1150 1342 expelleretis
1174 1275 1224 1320 ss-

66 1368 205 1452 cerdotes,
231 1369 439 1455 omnipotenti
457 1369 525 1436 Deo
548 1375 657 1436 nostro
680 1369 800 1454 gratias
823 1369 953 1453 egimus.
988 1369 1032 1436 Et
1053 1391 1112 1457 pro
1134 1371 1224 1438 uobis

64 1483 249 1551 incessanter
271 1505 380 1551 sumus
404 1490 540 1570 orantes,
564 1491 609 1570 ut,
633 1487 687 1572 qui
710 1486 815 1572 coepit
835 1487 869 1551 in
892 1486 981 1553 vobis
1002 1505 1080 1572 opus
1096 1487 1223 1572 bonum,

62 1599 196 1686 perficiat
218 1601 376 1687 usquein
398 1600 502 1668 linem.

140 1717 282 1784 Obsecro
305 1717 389 1784 enim
412 1736 600 1784 omnesaue
623 1737 729 1784 eorem
751 1715 835 1783 Deo:
859 1723 896 1783 ut
918 1719 985 1785 eius
1007 1719 1224 1785 commonitio-

61 1832 143 1900 nibus
165 1833 304 1900 firmitar
326 1833 508 1900 oboediatis.
555 1834 664 1920 lpsum
691 1833 777 1900 enim
805 1833 873 1900 vice
896 1835 1058 1901 nostruin
1081 1835 1224 1920 partibus

61 1947 115 2013 ibis
142 1949 183 2017 ad
211 1949 460 2036 praedicundum
489 1950 695 2016 constitutum
721 1947 890 2034 babemus,
918 1955 955 2016 ut
980 1970 1036 2016 vos
1059 1949 1126 2017 Dec
1151 1970 1224 2036 pro-

60 2065 130 2150 pitio
157 2067 198 2132 cd
230 2067 316 2132 viam
344 2066 497 2152 perducat
523 2065 737 2148 rectitudinis,
772 2069 804 2131 at
838 2067 1005 2132 acunctis
1033 2066 1225 2134 facinoribus

61 2180 131 2246 salui
159 2201 233 2249 esse
263 2181 403 2268 possitis.
454 2181 618 2248 Habuistis
647 2181 732 2247 enim
762 2182 900 2267 peccetis
927 2182 1115 2249 facientibus
1142 2201 1226 2250 nunc

61 2317 148 2382 usque
171 2298 274 2365 falsos
298 2304 331 2365 et
353 2317 499 2365 erroneos
522 2299 710 2365 sacerdotes.
757 2297 848 2364 Unde
876 2302 913 2364 et
931 2303 1060 2366 cunctae
1083 2319 1225 2385 paganae

59 2419 157 2496 gentes
180 2415 276 2480 vobis
298 2414 513 2501 pugnantibus
535 2414 775 2500 praevalebant3
800 2414 952 2500 quianon
968 2413 1227 2483 eratdifferentia

59 2529 131 2596 iuter
151 2530 256 2597 laicos
280 2535 312 2596 et
334 2530 523 2614 secerdotes,
547 2530 660 2616 quibus
681 2549 825 2617 pugnare
838 2530 959 2597 licitum
975 2550 1038 2596 non
1055 2535 1110 2598 est.
1142 2531 1225 2610 Qua-

59 2645 91 2710 bs
110 2649 196 2714 enim
222 2647 359 2714 victoria
381 2647 489 2730 datur,
512 2646 566 2712 ubi
589 2647 766 2713 sacerdotes
790 2667 853 2713 una
875 2646 953 2713 hora
975 2647 1132 2713 dominico
1154 2667 1225 2734 per·

60 2767 188 2830 meent
219 2763 376 2849 mysteria
402 2767 434 2828 et
455 2761 590 2828 Christi⁸
614 2762 805 2828 dominicum
827 2762 1007 2848 porrigentd
1031 2781 1144 2848 corpus
1167 2783 1224 2849 pro

60 2897 177 2945 suarum
202 2879 384 2945 animarum
407 2878 634 2964 redemptione,
658 2883 689 2944 et
710 2883 784 2964 post
804 2877 1007 2964 christianos,
1032 2879 1144 2964 quibus
1167 2879 1226 2946 boc

59 2994 253 3062 ministrare·
277 2994 460 3077 debuerant,
484 2999 539 3060 aut
552 3013 703 3080 paganos,
727 2994 839 3079 quibus
855 2993 1015 3060 Christum
1032 2996 1225 3081 praedicare,

60 3112 187 3198 propriis
213 3109 442 3196 sacrilegisque
464 3108 609 3176 menibus
632 3111 765 3176 necant?
787 3109 831 3176 Et
852 3109 888 3177 fit
911 3111 1082 3176 secundum
1097 3110 1227 3177 Domini

59 3228 198 3294 uerbum:
239 3227 301 3292 Vos
330 3230 401 3324 cetis
424 3229 474 3292 ccl
502 3241 620 3303 terram
649 3231 735 3314 quod
761 3232 792 3293 si
818 3229 867 3292 ccl
895 3231 1072 3308 monuerit,
1100 3232 1135 3292 c'c
1165 3251 1226 3314 quo

59 3345 239 3410 condimur?
267 3343 324 3406 Ad
352 3343 485 3408 nibilum
513 3345 594 3409 colet
621 3344 722 3424 ultro,
751 3347 818 3408 arbi
843 3355 878 3408 ut
899 3346 1042 3409 mittatur
1054 3345 1169 3428 forus,
1200 3359 1228 3410 et

59 3461 252 3526 conculcetur
274 3459 313 3524 ab
337 3459 513 3524 bominibus
524 3454 539 3523 ¹.
585 3457 629 3524 Et
656 3459 730 3524 dum
758 3458 836 3525 baec
864 3459 910 3524 ita
938 3459 1003 3524 sint
1031 3464 1063 3524 et
1091 3459 1170 3526 tales
1194 3459 1226 3526 in

57 3575 136 3642 robis
160 3575 288 3642 luserim
309 3574 502 3658 sacerdotes,
532 3575 686 3660 quomodo
714 3574 848 3640 victores
878 3579 988 3642 contra
1016 3580 1137 3643 uestros
1165 3576 1226 3641 ini-

57 3693 145 3758 micos
176 3711 253 3758 esse
281 3689 445 3776 poteritis?
535 3689 617 3756 Nam
650 3692 678 3756 si
710 3691 844 3756 mundos
874 3695 907 3756 ct
940 3695 1043 3757 castos
1073 3691 1112 3758 ab
1140 3692 1226 3758 omni

56 3807 263 3875 fornicatione
286 3813 318 3873 et
340 3806 507 3873 homicidio
530 3804 646 3874 liberos
668 3806 842 3873 habueritis
865 3807 1057 3891 sacerdotes,
1087 3813 1123 3874 ut
1145 3807 1227 3874 seori

56 3922 255 4012 praecipiunt
276 3941 412 3989 canones
435 3926 467 3989 et
486 3929 596 3988 nostra
615 3924 683 3990 uice
703 3923 865 4009 praedicat
888 3922 1029 4008 prefatus
1050 3921 1226 3990 Bonifatius

120 4073 141 4104 ι.
162 4075 208 4104 eus.
229 4061 264 4103 ff.
340 4055 362 4101 b.
383 4073 438 4102 eurr.
454 4059 477 4101 ia
492 4057 565 4103 vicem
581 4061 681 4104 nostum
698 4059 724 4105 C.
801 4070 821 4102 c.
842 4055 972 4102 christianis
989 4059 1015 4104 C.
1086 4057 1108 4103 d.
1130 4075 1187 4103 cerr.
1203 4060 1226 4103 ia

56 4140 165 4197 perdum
183 4142 213 4186 C.
294 4151 314 4182 e.
334 4136 469 4196 minystunrc
487 4141 518 4184 n.

58 4239 120 4280 suno
138 4227 201 4294 742,
223 4224 356 4292 scriptam
375 4237 445 4292 esso,
464 4223 557 4278 docuit
574 4221 654 4278 chn
672 4221 843 4278 Jchrbltcber
860 4222 910 4278 dos
927 4222 1113 4279 Frdulriscbeu
1128 4222 1226 4279 Reicbs

58 4312 192 4370 ill-752
210 4328 240 4382 p.
254 4313 307 4367 192
324 4315 355 4366 et
374 4313 433 4368 193.

121 4405 145 4459 1.
169 4401 271 4458 blattb.
283 4402 309 4472 5,
323 4401 367 4456 13.
