3110 4844
310 255 378 322 280
553 271 580 319 s.
596 270 773 320 somnum
794 269 840 318 nr
861 269 964 319 nnnnr
985 269 1173 320 memnones
1196 273 1243 319 ιιι

152 422 293 480 teu-⁷68
399 411 542 481 Abstulit
575 413 660 479 eninr
691 411 850 499 mancipia
879 417 912 478 et
938 431 1046 480 servos
1074 412 1114 480 de
1142 413 1282 482 eeclesiis
1310 414 1368 482 sibi
1390 433 1456 480 eom-

311 530 449 596 miosis·:
472 528 697 612 Faegenolfum
720 549 846 596 servum
868 533 1010 595 nostrum
1035 533 1067 596 et
1089 530 1167 596 duos
1185 527 1267 596 ilios
1283 531 1348 596 eine
1361 529 1459 612 Raoge

312 646 432 724 notium
456 650 489 712 et
502 645 706 712 Amanolium
729 649 763 711 et
783 663 915 712 uxorem
938 645 1006 711 eins
1020 642 1235 712 Leobthruthe
1258 651 1291 712 et
1303 644 1396 712 fliium
1406 645 1461 710 eius

311 761 570 842 Amalthrnthae3
602 759 735 826 tradidit
763 780 816 826 eos
845 760 879 826 in
903 758 1073 826 Saxoniam
1104 765 1215 826 contra
1241 781 1355 847 equum
1381 779 1462 827 nnnn

311 877 432 944 homini
464 877 592 944 nomine
621 875 741 962 Huelp,
776 875 860 960 quod
892 876 961 962 ipse
989 895 1043 941 eos
1070 876 1214 942 duxisset
1240 877 1274 944 in
1302 875 1462 942 Saxonian.

312 991 482 1060 Willeirith
505 1011 591 1075 vero,
620 1010 718 1078 snpra
739 991 816 1058 dieti
838 989 1042 1074 Raegenolies
1064 989 1175 1076 filium,
1202 993 1377 1058 transmisit
1396 990 1464 1056 ultre

312 1107 420 1175 mare*
444 1127 515 1174 oum
538 1106 701 1189 Aenredo;
731 1111 763 1174 et
791 1107 860 1193 ipse
889 1127 959 1172 eum
989 1106 1076 1174 dedit
1104 1108 1200 1174 matri
1228 1129 1302 1175 snae
1330 1109 1363 1173 tn
1383 1107 1465 1174 serui·

312 1229 423 1290 tutem.
460 1221 591 1289 Servum
615 1242 689 1289 uero
713 1225 745 1290 et
768 1221 936 1308 amellam,
966 1243 1043 1308 quos
1066 1223 1220 1290 thtrioh
1243 1223 1330 1290 dedit
1352 1223 1390 1289 ad
1410 1241 1467 1289 aee·

313 1338 426 1406 olesieo
450 1343 575 1406 nostras
598 1358 697 1424 sopra
719 1338 819 1404 diotae
839 1359 900 1426 pro
924 1339 1030 1405 anima
1051 1337 1111 1406 filii
1133 1341 1197 1424 sui,
1221 1337 1388 1406 Willeirith
1410 1337 1468 1404 abs-

313 1454 388 1522 tulit
411 1460 505 1539 atque
527 1455 635 1541 rapuit
657 1454 783 1536 furtim;
806 1473 920 1521 nomen
944 1456 1027 1521 serui
1043 1453 1170 1522 Theodo
1194 1460 1226 1521 et
1246 1474 1362 1522 nomen
1376 1453 1469 1520 uxoris

314 1570 381 1637 eins
396 1569 537 1636 Aotlind.
569 1567 671 1636 Lindo
693 1588 768 1636 vero
789 1590 915 1636 serrum
931 1577 1074 1638 nostrum
1089 1571 1236 1638 Aenraed
1251 1570 1404 1658 presbiter
1416 1573 1469 1634 tm·

314 1685 396 1751 didit
417 1704 514 1771 puero
538 1681 764 1752 Aldberohtes¹
787 1685 826 1752 de
848 1685 1072 1771 Aeiternaoae‚
1102 1705 1217 1753 nomen
1239 1685 1353 1774 Upbit,
1376 1691 1472 1752 eontra

314 1821 429 1887 equum
452 1821 561 1866 unum.
596 1799 639 1866 Et
660 1800 811 1888 Erpwine
833 1821 959 1868 servum
982 1808 1142 1887 nostrum,
1169 1803 1239 1869 aliis
1261 1801 1473 1884 nescientias,

312 1917 438 1984 furtim·
451 1921 543 1984 nocte
573 1915 704 1982 abstulit
733 1935 804 1982 oum
833 1918 1006 2001 nonaginta
1034 1923 1066 1984 et
1088 1924 1223 2003 quatuor
1245 1919 1366 2005 poreis;
1393 1937 1472 2002 quen

314 2032 443 2099 Hredun
466 2032 555 2100 dedit
577 2032 617 2098 ad
640 2031 803 2098 ecelesiam
822 2037 973 2100 nostram.
1008 2032 1052 2100 Et
1066 2033 1165 2100 altera
1179 2035 1248 2102 vioe
1263 2034 1395 2102 abstulit
1408 2033 1474 2099 dnos

315 2165 422 2216 servos
445 2153 570 2215 nostros
586 2146 710 2214 Zeizoli
729 2152 761 2214 et
774 2147 949 2230 Zeizhelm;
974 2155 1006 2216 et
1029 2151 1131 2237 primo
1155 2155 1290 2238 quatuor
1313 2150 1408 2217 boves
1427 2167 1474 2214 no·

315 2271 408 2348 stros,
432 2264 568 2331 seeundo
591 2269 666 2348 tres,
690 2270 722 2330 et
744 2263 915 2330 novissime
938 2271 1008 2331 ooto
1031 2285 1142 2334 vanoas
1164 2286 1236 2331 oum
1259 2271 1382 2352 septam
1400 2262 1476 2332 bobi-

315 2379 389 2462 bus,
418 2379 575 2446 iumentas
603 2399 677 2446 uero
706 2384 828 2466 septem
857 2381 1009 2467 optimas,
1039 2387 1141 2448 aetate
1164 2387 1298 2468 quatuor
1323 2397 1477 2461 annornm,

316 2515 394 2580 quas
418 2494 505 2561 dedit
520 2493 643 2562 Wenilo
668 2496 708 2562 ad
732 2495 879 2562 ecelesias
902 2517 1000 2584 supra
1022 2497 1131 2564 dietas.
1166 2495 1337 2565 Willeirith
1360 2494 1478 2564 abstulit

315 2616 348 2678 et
369 2609 485 2676 multus
509 2610 587 2677 alios
611 2631 708 2696 equos
731 2611 805 2678 inde
827 2613 974 2697 nutritos,
998 2633 1075 2699 quos
1099 2614 1233 2680 minavit
1254 2613 1295 2680 ad
1314 2611 1480 2680 Hamulau-

315 2723 422 2811 turgt
458 2726 506 2794 De
536 2747 612 2792 auro
640 2747 715 2794 vero
745 2734 778 2794 et
800 2727 839 2794 de
861 2735 1006 2813 argento,
1037 2728 1120 2813 quod
1142 2729 1230 2794 dedit
1251 2725 1479 2813 Raegenthryth

315 2841 382 2909 iilia
396 2841 536 2910 Athnolfi
560 2843 601 2909 ed
623 2843 771 2910 eeclesias
794 2849 930 2927 nostras,
954 2843 1032 2910 duas
1055 2841 1195 2910 armillas
1219 2863 1332 2910 aureas
1351 2850 1386 2912 et
1399 2843 1480 2928 quin·

316 2979 377 3044 que
406 2959 501 3043 siglas
531 2979 658 3044 aureas,
687 2959 828 3027 valentes
856 2960 978 3047 praetio
1004 2964 1216 3026 treeentorum
1239 2959 1429 3042 solidorum,
1456 2963 1484 3025 et

316 3073 450 3140 oliorum
478 3073 616 3142 fidelium
645 3077 786 3143 uirorum
815 3094 851 3141 ao
879 3074 1048 3142 mulierum
1075 3077 1179 3162 pretia
1200 3075 1329 3142 Iinraed
1361 3073 1483 3144 abstulit

317 3189 357 3256 ab
381 3189 521 3258 ecelesiis
544 3193 641 3278 supra
663 3191 755 3258 dietis
773 3211 835 3257 non
853 3189 953 3257 solum
969 3193 1004 3256 in
1019 3211 1095 3258 auro
1111 3197 1143 3258 et
1158 3195 1297 3276 argento,
1321 3192 1484 3259 sedetiam

314 3306 350 3373 in
372 3308 558 3374 vestimento
582 3313 614 3374 et
636 3309 732 3374 ermis
756 3313 788 3374 et
810 3307 908 3393 equis.

405 3422 468 3490 Sed
497 3423 571 3508 quie
598 3422 727 3508 longum
757 3430 820 3509 est,
851 3427 887 3489 nt
914 3421 1135 3510 perordinem
1160 3421 1349 3510 replicemus
1375 3423 1486 3504 omniu,

317 3557 397 3623 quae
424 3543 520 3626 rapta
546 3543 621 3604 sunt
649 3538 789 3606 ecelesiis
818 3559 916 3625 supra
944 3539 1037 3605 dietis
1067 3557 1104 3605 ae
1132 3539 1292 3625 spoliatis,
1321 3561 1386 3608 neo
1413 3557 1488 3626 qnae

316 3654 402 3721 faeta
430 3661 541 3721 eontra
561 3655 713 3720 eanoniea
734 3655 882 3721 instituta
904 3660 992 3738 sunt,
1021 3660 1127 3722 vestro
1150 3657 1351 3723 sanctissimo
1376 3655 1488 3724 iudioio

318 3769 525 3836 adscribimus
549 3769 753 3836 emendanda

389 3951 410 3984 ι
431 3939 546 3986 commitis
565 3939 592 3985 V.
669 3937 692 3985 b.
712 3951 788 3985 mnae
806 3939 833 3986 V.

391 4046 415 4099 1.
439 4041 548 4098 abbatis
564 4043 784 4113 Epternaeensis,
803 4059 827 4097 e.
842 4043 1001 4098 744-777.
1027 4043 1062 4098 V.
1076 4041 1165 4098 Gallia
1182 4041 1335 4099 Christiane
1348 4043 1420 4100 XIII
1432 4043 1490 4098 ert.

320 4132 346 4185 2.
371 4129 540 4200 Homelburg
558 4131 593 4186 od
612 4130 704 4188 Salem
722 4132 758 4203 n,
777 4129 980 4200 aWirniburgo
998 4131 1035 4186 od
1053 4131 1270 4202 septemtriones.

798 4327 1011 4341 ....,...-..-.
