<?xml version="1.0" encoding="UTF-8"?>
<!DOCTYPE html PUBLIC "-//W3C//DTD XHTML 1.0 Transitional//EN"
    "http://www.w3.org/TR/xhtml1/DTD/xhtml1-transitional.dtd">
<html xmlns="http://www.w3.org/1999/xhtml" xml:lang="en" lang="en">
 <head>
  <title>
</title>
<meta http-equiv="Content-Type" content="text/html;charset=utf-8" />
  <meta name='ocr-system' content='tesseract 3.04.00' />
  <meta name='ocr-capabilities' content='ocr_page ocr_carea ocr_par ocr_line ocrx_word'/>
</head>
<body>
  <div class='ocr_page' id='page_1' title='image "./bibliothecareru03jaffgoog_0710.png"; bbox 0 0 3144 4852; ppageno 0'>
   <div class='ocr_carea' id='block_1_1' title="bbox 289 217 1216 284">
    <p class='ocr_par' dir='ltr' id='par_1_1' title="bbox 289 217 1216 284">
     <span class='ocr_line' id='line_1_1' title="bbox 289 217 1216 284; baseline -0.004 0"><span class='ocrx_word' id='word_1_1' title='bbox 289 217 354 284; x_wconf 84' lang='grc'><strong>696</strong></span> <span class='ocrx_word' id='word_1_2' title='bbox 536 233 734 284; x_wconf 79' lang='lat' dir='ltr'><strong>onmsrmm</strong></span> <span class='ocrx_word' id='word_1_3' title='bbox 757 219 959 282; x_wconf 78' lang='lat' dir='ltr'><strong>ennosicorv</strong></span> <span class='ocrx_word' id='word_1_4' title='bbox 980 231 1216 282; x_wconf 81' lang='lat' dir='ltr'><strong>nocuurrsuu</strong></span> 
     </span>
    </p>
   </div>
   <div class='ocr_carea' id='block_1_2' title="bbox 173 372 1462 2432">
    <p class='ocr_par' dir='ltr' id='par_1_2' title="bbox 173 372 1462 2432">
     <span class='ocr_line' id='line_1_2' title="bbox 202 372 1460 464; baseline -0.001 -23"><span class='ocrx_word' id='word_1_5' title='bbox 202 387 271 442; x_wconf 79' lang='lat'>1200</span> <span class='ocrx_word' id='word_1_6' title='bbox 290 384 322 445; x_wconf 91' lang='lat' dir='ltr'><strong>et</strong></span> <span class='ocrx_word' id='word_1_7' title='bbox 349 377 458 464; x_wconf 78' lang='lat' dir='ltr'><strong>cappis</strong></span> <span class='ocrx_word' id='word_1_8' title='bbox 485 376 597 444; x_wconf 88' lang='lat' dir='ltr'><strong>hahuit</strong></span> <span class='ocrx_word' id='word_1_9' title='bbox 624 377 784 462; x_wconf 90' lang='lat' dir='ltr'><strong>copiosum</strong></span> <span class='ocrx_word' id='word_1_10' title='bbox 812 379 844 442; x_wconf 89' lang='lat' dir='ltr'><strong>et</strong></span> <span class='ocrx_word' id='word_1_11' title='bbox 867 375 1016 444; x_wconf 88' lang='lat' dir='ltr'><strong>ecclesiae</strong></span> <span class='ocrx_word' id='word_1_12' title='bbox 1040 374 1158 442; x_wconf 83' lang='lat' dir='ltr'><strong>donare</strong></span> <span class='ocrx_word' id='word_1_13' title='bbox 1180 375 1370 460; x_wconf 78' lang='lat' dir='ltr'><strong>deposuerat</strong></span> <span class='ocrx_word' id='word_1_14' title='bbox 1390 372 1460 440; x_wconf 88' lang='lat' dir='ltr'><strong>lda-</strong></span> 
     </span>
     <span class='ocr_line' id='line_1_3' title="bbox 222 489 1460 578; baseline -0.002 -20"><span class='ocrx_word' id='word_1_15' title='bbox 222 556 227 566; x_wconf 70' lang='grc'>,</span> <span class='ocrx_word' id='word_1_16' title='bbox 290 494 481 578; x_wconf 72' lang='lat' dir='ltr'><strong>guatinensi,</strong></span> <span class='ocrx_word' id='word_1_17' title='bbox 506 492 637 559; x_wconf 91' lang='lat' dir='ltr'><strong>abstulit</strong></span> <span class='ocrx_word' id='word_1_18' title='bbox 659 491 821 558; x_wconf 87' lang='lat' dir='ltr'><strong>violenter.</strong></span> <span class='ocrx_word' id='word_1_19' title='bbox 857 491 944 569; x_wconf 83' lang='lat' dir='ltr'><strong>Quod</strong></span> <span class='ocrx_word' id='word_1_20' title='bbox 965 497 1071 558; x_wconf 87' lang='lat' dir='ltr'><strong>tamen</strong></span> <span class='ocrx_word' id='word_1_21' title='bbox 1086 490 1173 557; x_wconf 90' lang='lat' dir='ltr'><strong>Deus</strong></span> <span class='ocrx_word' id='word_1_22' title='bbox 1190 510 1253 556; x_wconf 94' lang='lat' dir='ltr'><strong>non</strong></span> <span class='ocrx_word' id='word_1_23' title='bbox 1268 489 1397 575; x_wconf 90' lang='lat' dir='ltr'><strong>reliquit</strong></span> <span class='ocrx_word' id='word_1_24' title='bbox 1410 490 1460 555; x_wconf 91' lang='lat' dir='ltr'><strong>in·</strong></span> 
     </span>
     <span class='ocr_line' id='line_1_4' title="bbox 290 605 1460 694; baseline -0.005 -17"><span class='ocrx_word' id='word_1_25' title='bbox 290 608 401 677; x_wconf 86' lang='lat' dir='ltr'><strong>ultum.</strong></span> <span class='ocrx_word' id='word_1_26' title='bbox 437 609 520 675; x_wconf 88' lang='lat' dir='ltr'><strong>Nam</strong></span> <span class='ocrx_word' id='word_1_27' title='bbox 543 612 575 674; x_wconf 91' lang='lat' dir='ltr'><strong>et</strong></span> <span class='ocrx_word' id='word_1_28' title='bbox 596 609 665 694; x_wconf 90' lang='lat' dir='ltr'><strong>ipse</strong></span> <span class='ocrx_word' id='word_1_29' title='bbox 688 607 752 673; x_wconf 82' lang='lat' dir='ltr'><strong>dux</strong></span> <span class='ocrx_word' id='word_1_30' title='bbox 775 606 1002 692; x_wconf 90' lang='lat' dir='ltr'><strong>postmultum</strong></span> <span class='ocrx_word' id='word_1_31' title='bbox 1025 607 1176 694; x_wconf 85' lang='lat' dir='ltr'><strong>temperis</strong></span> <span class='ocrx_word' id='word_1_32' title='bbox 1194 605 1376 672; x_wconf 85' lang='lat' dir='ltr'><strong>interiectus</strong></span> <span class='ocrx_word' id='word_1_33' title='bbox 1391 611 1460 672; x_wconf 90' lang='lat' dir='ltr'><strong>tur-</strong></span> 
     </span>
     <span class='ocr_line' id='line_1_5' title="bbox 189 721 1458 812; baseline -0.002 -22"><span class='ocrx_word' id='word_1_34' title='bbox 189 736 256 790; x_wconf 74' lang='grc'><strong>1031</strong></span> <span class='ocrx_word' id='word_1_35' title='bbox 290 726 373 812; x_wconf 90' lang='lat' dir='ltr'><strong>piter</strong></span> <span class='ocrx_word' id='word_1_36' title='bbox 401 724 523 791; x_wconf 85' lang='lat' dir='ltr'><strong>interiit</strong></span> <span class='ocrx_word' id='word_1_37' title='bbox 531 721 549 808; x_wconf 89' lang='lat'><strong>¹,</strong></span> <span class='ocrx_word' id='word_1_38' title='bbox 577 744 678 809; x_wconf 86' lang='lat' dir='ltr'><strong>neque</strong></span> <span class='ocrx_word' id='word_1_39' title='bbox 708 725 833 809; x_wconf 82' lang='lat' dir='ltr'><strong>corpori</strong></span> <span class='ocrx_word' id='word_1_40' title='bbox 855 722 972 790; x_wconf 86' lang='lat' dir='ltr'><strong>Christi</strong></span> <span class='ocrx_word' id='word_1_41' title='bbox 1000 723 1194 810; x_wconf 90' lang='lat' dir='ltr'><strong>participans</strong></span> <span class='ocrx_word' id='word_1_42' title='bbox 1221 743 1324 808; x_wconf 86' lang='lat' dir='ltr'><strong>neque</strong></span> <span class='ocrx_word' id='word_1_43' title='bbox 1350 741 1458 806; x_wconf 80' lang='lat' dir='ltr'><strong>regno,</strong></span> 
     </span>
     <span class='ocr_line' id='line_1_6' title="bbox 173 807 1459 926; baseline -0.003 -18"><span class='ocrx_word' id='word_1_44' title='bbox 173 807 275 868; x_wconf 53' lang='lat' dir='ltr'><strong>&amp;pm</strong></span> <span class='ocrx_word' id='word_1_45' title='bbox 290 847 326 908; x_wconf 90' lang='lat' dir='ltr'><strong>ut</strong></span> <span class='ocrx_word' id='word_1_46' title='bbox 355 841 564 908; x_wconf 84' lang='lat' dir='ltr'><strong>existimetur.</strong></span> <span class='ocrx_word' id='word_1_47' title='bbox 602 838 758 925; x_wconf 83' lang='lat' dir='ltr'><strong>Equidem</strong></span> <span class='ocrx_word' id='word_1_48' title='bbox 781 840 878 923; x_wconf 91' lang='lat' dir='ltr'><strong>iuste,</strong></span> <span class='ocrx_word' id='word_1_49' title='bbox 907 840 985 906; x_wconf 86' lang='lat' dir='ltr'><strong>salis</strong></span> <span class='ocrx_word' id='word_1_50' title='bbox 1008 859 1165 926; x_wconf 86' lang='lat' dir='ltr'><strong>superque</strong></span> <span class='ocrx_word' id='word_1_51' title='bbox 1187 841 1295 922; x_wconf 82' lang='lat' dir='ltr'><strong>inste·,</strong></span> <span class='ocrx_word' id='word_1_52' title='bbox 1324 841 1375 922; x_wconf 86' lang='lat' dir='ltr'><strong>ut,</strong></span> <span class='ocrx_word' id='word_1_53' title='bbox 1405 838 1459 922; x_wconf 87' lang='lat' dir='ltr'><strong>qui</strong></span> 
     </span>
     <span class='ocr_line' id='line_1_7' title="bbox 289 954 1458 1042; baseline -0.004 -18"><span class='ocrx_word' id='word_1_54' title='bbox 289 957 417 1024; x_wconf 84' lang='lat' dir='ltr'><strong>beatum</strong></span> <span class='ocrx_word' id='word_1_55' title='bbox 434 955 604 1023; x_wconf 88' lang='lat' dir='ltr'><strong>Martinum</strong></span> <span class='ocrx_word' id='word_1_56' title='bbox 630 954 734 1022; x_wconf 89' lang='lat' dir='ltr'><strong>debile</strong></span> <span class='ocrx_word' id='word_1_57' title='bbox 757 955 817 1022; x_wconf 91' lang='lat' dir='ltr'><strong>sibi</strong></span> <span class='ocrx_word' id='word_1_58' title='bbox 839 956 950 1022; x_wconf 93' lang='lat' dir='ltr'><strong>decore</strong></span> <span class='ocrx_word' id='word_1_59' title='bbox 973 955 1165 1042; x_wconf 80' lang='lat' dir='ltr'><strong>spoliaverat</strong></span> <span class='ocrx_word' id='word_1_60' title='bbox 1186 959 1218 1021; x_wconf 89' lang='lat' dir='ltr'><strong>et</strong></span> <span class='ocrx_word' id='word_1_61' title='bbox 1240 959 1363 1038; x_wconf 80' lang='lat' dir='ltr'><strong>ornatu,</strong></span> <span class='ocrx_word' id='word_1_62' title='bbox 1389 955 1458 1040; x_wconf 89' lang='lat' dir='ltr'><strong>ipse</strong></span> 
     </span>
     <span class='ocr_line' id='line_1_8' title="bbox 290 1070 1460 1158; baseline -0.002 -20"><span class='ocrx_word' id='word_1_63' title='bbox 290 1092 414 1158; x_wconf 89' lang='lat' dir='ltr'><strong>quoque</strong></span> <span class='ocrx_word' id='word_1_64' title='bbox 441 1070 568 1138; x_wconf 78' lang='lat' dir='ltr'><strong>caelesti</strong></span> <span class='ocrx_word' id='word_1_65' title='bbox 592 1076 703 1138; x_wconf 80' lang='lat' dir='ltr'><strong>ornatu</strong></span> <span class='ocrx_word' id='word_1_66' title='bbox 727 1077 759 1138; x_wconf 88' lang='lat' dir='ltr'><strong>et</strong></span> <span class='ocrx_word' id='word_1_67' title='bbox 780 1071 881 1155; x_wconf 78' lang='lat' dir='ltr'><strong>gloria</strong></span> <span class='ocrx_word' id='word_1_68' title='bbox 903 1072 1089 1158; x_wconf 85' lang='lat' dir='ltr'><strong>privaretur.</strong></span> <span class='ocrx_word' id='word_1_69' title='bbox 1125 1070 1152 1137; x_wconf 91' lang='lat'>0</span> <span class='ocrx_word' id='word_1_70' title='bbox 1176 1070 1307 1138; x_wconf 91' lang='lat' dir='ltr'><strong>altitudo</strong></span> <span class='ocrx_word' id='word_1_71' title='bbox 1331 1077 1364 1136; x_wconf 90' lang='lat' dir='ltr'><strong>et</strong></span> <span class='ocrx_word' id='word_1_72' title='bbox 1385 1091 1460 1156; x_wconf 89' lang='lat' dir='ltr'><strong>pro·</strong></span> 
     </span>
     <span class='ocr_line' id='line_1_9' title="bbox 289 1185 1459 1273; baseline -0.002 -19"><span class='ocrx_word' id='word_1_73' title='bbox 289 1188 429 1254; x_wconf 79' lang='lat' dir='ltr'><strong>funditus</strong></span> <span class='ocrx_word' id='word_1_74' title='bbox 453 1187 641 1254; x_wconf 91' lang='lat' dir='ltr'><strong>iudiciorum</strong></span> <span class='ocrx_word' id='word_1_75' title='bbox 663 1187 738 1254; x_wconf 92' lang='lat' dir='ltr'><strong>iusti</strong></span> <span class='ocrx_word' id='word_1_76' title='bbox 760 1187 872 1254; x_wconf 90' lang='lat' dir='ltr'><strong>iudicis</strong></span> <span class='ocrx_word' id='word_1_77' title='bbox 887 1187 957 1272; x_wconf 86' lang='lat' dir='ltr'><strong>Dei,</strong></span> <span class='ocrx_word' id='word_1_78' title='bbox 981 1187 1131 1254; x_wconf 89' lang='lat' dir='ltr'><strong>terribilis</strong></span> <span class='ocrx_word' id='word_1_79' title='bbox 1153 1187 1186 1252; x_wconf 92' lang='lat' dir='ltr'><strong>in</strong></span> <span class='ocrx_word' id='word_1_80' title='bbox 1209 1185 1348 1252; x_wconf 89' lang='lat' dir='ltr'><strong>consiliis</strong></span> <span class='ocrx_word' id='word_1_81' title='bbox 1363 1207 1459 1273; x_wconf 90' lang='lat' dir='ltr'><strong>super</strong></span> 
     </span>
     <span class='ocr_line' id='line_1_10' title="bbox 290 1298 715 1371; baseline -0.007 0"><span class='ocrx_word' id='word_1_82' title='bbox 290 1325 398 1371; x_wconf 87' lang='lat' dir='ltr'><strong>omnes</strong></span> <span class='ocrx_word' id='word_1_83' title='bbox 421 1301 502 1369; x_wconf 90' lang='lat' dir='ltr'><strong>filios</strong></span> <span class='ocrx_word' id='word_1_84' title='bbox 525 1298 715 1368; x_wconf 61' lang='lat' dir='ltr'><strong>nominent</strong></span> 
     </span>
     <span class='ocr_line' id='line_1_11' title="bbox 203 1414 1461 1506; baseline 0 -22"><span class='ocrx_word' id='word_1_85' title='bbox 203 1429 272 1484; x_wconf 83' lang='grc'><strong>1198</strong></span> <span class='ocrx_word' id='word_1_86' title='bbox 379 1419 554 1506; x_wconf 82' lang='lat' dir='ltr'><strong>Imperator</strong></span> <span class='ocrx_word' id='word_1_87' title='bbox 576 1417 726 1503; x_wconf 71' lang='lat' dir='ltr'><strong>obierat&#39;,</strong></span> <span class='ocrx_word' id='word_1_88' title='bbox 750 1423 782 1484; x_wconf 91' lang='lat' dir='ltr'><strong>et</strong></span> <span class='ocrx_word' id='word_1_89' title='bbox 805 1424 938 1503; x_wconf 80' lang='lat' dir='ltr'><strong>surgunt</strong></span> <span class='ocrx_word' id='word_1_90' title='bbox 960 1419 1020 1485; x_wconf 91' lang='lat' dir='ltr'><strong>duo</strong></span> <span class='ocrx_word' id='word_1_91' title='bbox 1043 1414 1150 1502; x_wconf 82' lang='lat' dir='ltr'><strong>reges⁸</strong></span> <span class='ocrx_word' id='word_1_92' title='bbox 1166 1437 1223 1504; x_wconf 92' lang='lat' dir='ltr'><strong>pro</strong></span> <span class='ocrx_word' id='word_1_93' title='bbox 1246 1418 1379 1504; x_wconf 87' lang='lat' dir='ltr'><strong>imperio</strong></span> <span class='ocrx_word' id='word_1_94' title='bbox 1392 1417 1461 1484; x_wconf 89' lang='lat' dir='ltr'><strong>liti·</strong></span> 
     </span>
     <span class='ocr_line' id='line_1_12' title="bbox 289 1533 1460 1619; baseline -0.002 -18"><span class='ocrx_word' id='word_1_95' title='bbox 289 1541 410 1619; x_wconf 84' lang='lat' dir='ltr'><strong>gentes.</strong></span> <span class='ocrx_word' id='word_1_96' title='bbox 446 1533 517 1600; x_wconf 91' lang='lat' dir='ltr'><strong>Non</strong></span> <span class='ocrx_word' id='word_1_97' title='bbox 540 1539 597 1619; x_wconf 85' lang='lat' dir='ltr'><strong>est,</strong></span> <span class='ocrx_word' id='word_1_98' title='bbox 619 1535 676 1618; x_wconf 44' lang='lat' dir='ltr'><strong>wqui</strong></span> <span class='ocrx_word' id='word_1_99' title='bbox 699 1535 827 1602; x_wconf 90' lang='lat' dir='ltr'><strong>amalis</strong></span> <span class='ocrx_word' id='word_1_100' title='bbox 843 1534 1079 1601; x_wconf 84' lang='lat' dir='ltr'><strong>imminentibus</strong></span> <span class='ocrx_word' id='word_1_101' title='bbox 1094 1555 1129 1600; x_wconf 92' lang='lat' dir='ltr'><strong>se</strong></span> <span class='ocrx_word' id='word_1_102' title='bbox 1143 1533 1323 1600; x_wconf 80' lang='lat' dir='ltr'><strong>abscondat</strong></span> <span class='ocrx_word' id='word_1_103' title='bbox 1391 1533 1460 1600; x_wconf 83' lang='lat' dir='ltr'><strong>lila-</strong></span> 
     </span>
     <span class='ocr_line' id='line_1_13' title="bbox 204 1647 1459 1737; baseline -0.006 -14"><span class='ocrx_word' id='word_1_104' title='bbox 204 1669 272 1722; x_wconf 79' lang='lat'>1200</span> <span class='ocrx_word' id='word_1_105' title='bbox 291 1651 487 1735; x_wconf 81' lang='lat' dir='ltr'><strong>guntinensis</strong></span> <span class='ocrx_word' id='word_1_106' title='bbox 512 1650 764 1737; x_wconf 87' lang='lat' dir='ltr'><strong>archiepiscopus</strong></span> <span class='ocrx_word' id='word_1_107' title='bbox 786 1671 849 1717; x_wconf 92' lang='lat' dir='ltr'><strong>non</strong></span> <span class='ocrx_word' id='word_1_108' title='bbox 873 1657 936 1733; x_wconf 84' lang='lat' dir='ltr'><strong>est3</strong></span> <span class='ocrx_word' id='word_1_109' title='bbox 961 1657 992 1718; x_wconf 90' lang='lat' dir='ltr'><strong>et</strong></span> <span class='ocrx_word' id='word_1_110' title='bbox 1014 1647 1095 1718; x_wconf 83' lang='lat' dir='ltr'><strong>duo⁴</strong></span> <span class='ocrx_word' id='word_1_111' title='bbox 1109 1671 1167 1736; x_wconf 92' lang='lat' dir='ltr'><strong>pro</strong></span> <span class='ocrx_word' id='word_1_112' title='bbox 1191 1669 1238 1734; x_wconf 90' lang='lat' dir='ltr'><strong>ec,</strong></span> <span class='ocrx_word' id='word_1_113' title='bbox 1262 1651 1332 1734; x_wconf 88' lang='lat' dir='ltr'><strong>quis</strong></span> <span class='ocrx_word' id='word_1_114' title='bbox 1349 1670 1459 1716; x_wconf 88' lang='lat' dir='ltr'><strong>eorum</strong></span> 
     </span>
     <span class='ocr_line' id='line_1_14' title="bbox 291 1766 1461 1853; baseline 0 -21"><span class='ocrx_word' id='word_1_115' title='bbox 291 1766 347 1833; x_wconf 90' lang='lat' dir='ltr'><strong>liat</strong></span> <span class='ocrx_word' id='word_1_116' title='bbox 369 1768 486 1852; x_wconf 90' lang='lat' dir='ltr'><strong>maior,</strong></span> <span class='ocrx_word' id='word_1_117' title='bbox 510 1767 679 1833; x_wconf 83' lang='lat' dir='ltr'><strong>decertent</strong></span> <span class='ocrx_word' id='word_1_118' title='bbox 714 1766 766 1833; x_wconf 84' lang='lat' dir='ltr'><strong>Ex</strong></span> <span class='ocrx_word' id='word_1_119' title='bbox 788 1772 921 1852; x_wconf 87' lang='lat' dir='ltr'><strong>utraque</strong></span> <span class='ocrx_word' id='word_1_120' title='bbox 943 1773 1034 1853; x_wconf 88' lang='lat' dir='ltr'><strong>parte</strong></span> <span class='ocrx_word' id='word_1_121' title='bbox 1057 1766 1149 1833; x_wconf 84' lang='lat' dir='ltr'><strong>amici</strong></span> <span class='ocrx_word' id='word_1_122' title='bbox 1171 1771 1204 1832; x_wconf 90' lang='lat' dir='ltr'><strong>et</strong></span> <span class='ocrx_word' id='word_1_123' title='bbox 1225 1766 1364 1832; x_wconf 89' lang='lat' dir='ltr'><strong>fautores</strong></span> <span class='ocrx_word' id='word_1_124' title='bbox 1384 1787 1461 1852; x_wconf 87' lang='lat' dir='ltr'><strong>pro·</strong></span> 
     </span>
     <span class='ocr_line' id='line_1_15' title="bbox 290 1881 1459 1969; baseline 0 -21"><span class='ocrx_word' id='word_1_125' title='bbox 290 1883 493 1950; x_wconf 88' lang='lat' dir='ltr'><strong>missionibus</strong></span> <span class='ocrx_word' id='word_1_126' title='bbox 517 1888 549 1949; x_wconf 90' lang='lat' dir='ltr'><strong>et</strong></span> <span class='ocrx_word' id='word_1_127' title='bbox 570 1882 752 1948; x_wconf 90' lang='lat' dir='ltr'><strong>muneribus</strong></span> <span class='ocrx_word' id='word_1_128' title='bbox 772 1883 985 1966; x_wconf 90' lang='lat' dir='ltr'><strong>acquiruntur.</strong></span> <span class='ocrx_word' id='word_1_129' title='bbox 1020 1881 1063 1948; x_wconf 88' lang='lat' dir='ltr'><strong>Et</strong></span> <span class='ocrx_word' id='word_1_130' title='bbox 1078 1889 1170 1968; x_wconf 90' lang='lat' dir='ltr'><strong>turpe</strong></span> <span class='ocrx_word' id='word_1_131' title='bbox 1186 1886 1235 1948; x_wconf 86' lang='lat' dir='ltr'><strong>eet</strong></span> <span class='ocrx_word' id='word_1_132' title='bbox 1251 1881 1372 1948; x_wconf 90' lang='lat' dir='ltr'><strong>dicere:</strong></span> <span class='ocrx_word' id='word_1_133' title='bbox 1397 1883 1459 1969; x_wconf 91' lang='lat' dir='ltr'><strong>ipsi</strong></span> 
     </span>
     <span class='ocr_line' id='line_1_16' title="bbox 291 1997 1460 2084; baseline 0 -20"><span class='ocrx_word' id='word_1_134' title='bbox 291 1998 396 2065; x_wconf 91' lang='lat' dir='ltr'><strong>clerici</strong></span> <span class='ocrx_word' id='word_1_135' title='bbox 430 1997 580 2065; x_wconf 91' lang='lat' dir='ltr'><strong>electores</strong></span> <span class='ocrx_word' id='word_1_136' title='bbox 615 1999 767 2064; x_wconf 90' lang='lat' dir='ltr'><strong>simoniae</strong></span> <span class='ocrx_word' id='word_1_137' title='bbox 794 1999 871 2063; x_wconf 90' lang='lat' dir='ltr'><strong>vitio</strong></span> <span class='ocrx_word' id='word_1_138' title='bbox 902 1999 1116 2080; x_wconf 90' lang='lat' dir='ltr'><strong>maculantur;</strong></span> <span class='ocrx_word' id='word_1_139' title='bbox 1152 2004 1184 2064; x_wconf 91' lang='lat' dir='ltr'><strong>et</strong></span> <span class='ocrx_word' id='word_1_140' title='bbox 1211 1997 1460 2084; x_wconf 81' lang='lat' dir='ltr'><strong>multiplicantur</strong></span> 
     </span>
     <span class='ocr_line' id='line_1_17' title="bbox 291 2113 1460 2200; baseline 0 -20"><span class='ocrx_word' id='word_1_141' title='bbox 291 2114 376 2180; x_wconf 87' lang='lat' dir='ltr'><strong>mala</strong></span> <span class='ocrx_word' id='word_1_142' title='bbox 404 2135 499 2200; x_wconf 91' lang='lat' dir='ltr'><strong>super</strong></span> <span class='ocrx_word' id='word_1_143' title='bbox 521 2120 655 2198; x_wconf 88' lang='lat' dir='ltr'><strong>terram,</strong></span> <span class='ocrx_word' id='word_1_144' title='bbox 686 2120 718 2180; x_wconf 91' lang='lat' dir='ltr'><strong>et</strong></span> <span class='ocrx_word' id='word_1_145' title='bbox 740 2114 893 2180; x_wconf 78' lang='lat' dir='ltr'><strong>scinditur</strong></span> <span class='ocrx_word' id='word_1_146' title='bbox 915 2115 1046 2181; x_wconf 85' lang='lat' dir='ltr'><strong>ecclesie</strong></span> <span class='ocrx_word' id='word_1_147' title='bbox 1067 2113 1364 2198; x_wconf 79' lang='lat' dir='ltr'><strong>Mogontinensium.</strong></span> <span class='ocrx_word' id='word_1_148' title='bbox 1400 2114 1460 2192; x_wconf 83' lang='lat' dir='ltr'><strong>Qui</strong></span> 
     </span>
     <span class='ocr_line' id='line_1_18' title="bbox 291 2227 1459 2314; baseline -0.001 -18"><span class='ocrx_word' id='word_1_149' title='bbox 291 2227 363 2296; x_wconf 80' lang='lat' dir='ltr'><strong>uni‘</strong></span> <span class='ocrx_word' id='word_1_150' title='bbox 388 2230 574 2314; x_wconf 88' lang='lat' dir='ltr'><strong>adhaerent,</strong></span> <span class='ocrx_word' id='word_1_151' title='bbox 602 2249 673 2297; x_wconf 90' lang='lat' dir='ltr'><strong>cunr</strong></span> <span class='ocrx_word' id='word_1_152' title='bbox 701 2251 737 2296; x_wconf 93' lang='lat' dir='ltr'><strong>eo</strong></span> <span class='ocrx_word' id='word_1_153' title='bbox 765 2231 930 2312; x_wconf 82' lang='lat' dir='ltr'><strong>recedunt3</strong></span> <span class='ocrx_word' id='word_1_154' title='bbox 960 2230 1015 2296; x_wconf 88' lang='lat' dir='ltr'><strong>elii</strong></span> <span class='ocrx_word' id='word_1_155' title='bbox 1043 2236 1207 2298; x_wconf 89' lang='lat' dir='ltr'><strong>remanent</strong></span> <span class='ocrx_word' id='word_1_156' title='bbox 1232 2249 1304 2296; x_wconf 83' lang='lat' dir='ltr'><strong>curn</strong></span> <span class='ocrx_word' id='word_1_157' title='bbox 1330 2227 1459 2296; x_wconf 85' lang='lat' dir='ltr'><strong>altero⁸.</strong></span> 
     </span>
     <span class='ocr_line' id='line_1_19' title="bbox 292 2343 1462 2432; baseline 0 -20"><span class='ocrx_word' id='word_1_158' title='bbox 292 2343 441 2412; x_wconf 86' lang='lat' dir='ltr'><strong>Sufficere</strong></span> <span class='ocrx_word' id='word_1_159' title='bbox 464 2351 588 2432; x_wconf 90' lang='lat' dir='ltr'><strong>poterat</strong></span> <span class='ocrx_word' id='word_1_160' title='bbox 611 2347 650 2410; x_wconf 90' lang='lat' dir='ltr'><strong>ad</strong></span> <span class='ocrx_word' id='word_1_161' title='bbox 673 2345 897 2412; x_wconf 87' lang='lat' dir='ltr'><strong>desolationem</strong></span> <span class='ocrx_word' id='word_1_162' title='bbox 920 2351 1023 2412; x_wconf 87' lang='lat' dir='ltr'><strong>terrae</strong></span> <span class='ocrx_word' id='word_1_163' title='bbox 1046 2365 1143 2412; x_wconf 91' lang='lat' dir='ltr'><strong>unum</strong></span> <span class='ocrx_word' id='word_1_164' title='bbox 1164 2346 1316 2426; x_wconf 83' lang='lat' dir='ltr'><strong>schisma3</strong></span> <span class='ocrx_word' id='word_1_165' title='bbox 1340 2346 1396 2412; x_wconf 91' lang='lat' dir='ltr'><strong>sed</strong></span> <span class='ocrx_word' id='word_1_166' title='bbox 1410 2347 1462 2412; x_wconf 80' lang='lat' dir='ltr'><strong>iu-</strong></span> 
     </span>
    </p>
   </div>
   <div class='ocr_carea' id='block_1_3' title="bbox 290 2457 1459 2644">
    <p class='ocr_par' dir='ltr' id='par_1_3' title="bbox 290 2457 1459 2644">
     <span class='ocr_line' id='line_1_20' title="bbox 290 2457 1459 2548; baseline 0.001 -20"><span class='ocrx_word' id='word_1_167' title='bbox 290 2481 346 2528; x_wconf 91' lang='lat' dir='ltr'><strong>nes</strong></span> <span class='ocrx_word' id='word_1_168' title='bbox 369 2466 586 2547; x_wconf 87' lang='lat' dir='ltr'><strong>peccatorum,</strong></span> <span class='ocrx_word' id='word_1_169' title='bbox 610 2460 777 2546; x_wconf 89' lang='lat' dir='ltr'><strong>dupliciter</strong></span> <span class='ocrx_word' id='word_1_170' title='bbox 799 2457 1030 2548; x_wconf 82' lang='lat' dir='ltr'><strong>circumplexi⁷,</strong></span> <span class='ocrx_word' id='word_1_171' title='bbox 1054 2461 1213 2528; x_wconf 87' lang='lat' dir='ltr'><strong>difficilius</strong></span> <span class='ocrx_word' id='word_1_172' title='bbox 1235 2461 1459 2529; x_wconf 87' lang='lat' dir='ltr'><strong>dissolvuntur.</strong></span> 
     </span>
     <span class='ocr_line' id='line_1_21' title="bbox 423 2576 1432 2644; baseline 0.002 -2"><span class='ocrx_word' id='word_1_173' title='bbox 423 2576 613 2643; x_wconf 86' lang='lat' dir='ltr'><strong>Pervertunt</strong></span> <span class='ocrx_word' id='word_1_174' title='bbox 635 2582 747 2643; x_wconf 86' lang='lat' dir='ltr'><strong>cuncte</strong></span> <span class='ocrx_word' id='word_1_175' title='bbox 768 2576 863 2643; x_wconf 89' lang='lat' dir='ltr'><strong>simul</strong></span> <span class='ocrx_word' id='word_1_176' title='bbox 885 2577 963 2643; x_wconf 89' lang='lat' dir='ltr'><strong>haec</strong></span> <span class='ocrx_word' id='word_1_177' title='bbox 985 2577 1047 2643; x_wconf 92' lang='lat' dir='ltr'><strong>due</strong></span> <span class='ocrx_word' id='word_1_178' title='bbox 1070 2577 1239 2644; x_wconf 79' lang='lat' dir='ltr'><strong>schismate</strong></span> <span class='ocrx_word' id='word_1_179' title='bbox 1260 2579 1368 2644; x_wconf 85' lang='lat' dir='ltr'><strong>iuncte</strong></span> <span class='ocrx_word' id='word_1_180' title='bbox 1429 2631 1432 2637; x_wconf 90' lang='lat'><em>.</em></span> 
     </span>
    </p>
   </div>
   <div class='ocr_carea' id='block_1_4' title="bbox 185 2691 1488 3938">
    <p class='ocr_par' dir='ltr' id='par_1_4' title="bbox 185 2691 1488 3938">
     <span class='ocr_line' id='line_1_22' title="bbox 424 2691 1270 2778; baseline 0 -20"><span class='ocrx_word' id='word_1_181' title='bbox 424 2713 545 2777; x_wconf 78' lang='lat' dir='ltr'><strong>regum,</strong></span> <span class='ocrx_word' id='word_1_182' title='bbox 569 2691 768 2778; x_wconf 84' lang='lat' dir='ltr'><strong>pontificum3</strong></span> <span class='ocrx_word' id='word_1_183' title='bbox 791 2713 850 2758; x_wconf 92' lang='lat' dir='ltr'><strong>nec</strong></span> <span class='ocrx_word' id='word_1_184' title='bbox 872 2693 960 2760; x_wconf 90' lang='lat' dir='ltr'><strong>novit</strong></span> <span class='ocrx_word' id='word_1_185' title='bbox 983 2694 1102 2760; x_wconf 87' lang='lat' dir='ltr'><strong>amicus</strong></span> <span class='ocrx_word' id='word_1_186' title='bbox 1125 2694 1270 2760; x_wconf 81' lang='lat' dir='ltr'><strong>amicum</strong></span> 
     </span>
     <span class='ocr_line' id='line_1_23' title="bbox 290 2809 1460 2896; baseline 0.002 -21"><span class='ocrx_word' id='word_1_187' title='bbox 290 2809 361 2876; x_wconf 90' lang='lat' dir='ltr'><strong>Una</strong></span> <span class='ocrx_word' id='word_1_188' title='bbox 383 2831 474 2896; x_wconf 86' lang='lat' dir='ltr'><strong>pars,</strong></span> <span class='ocrx_word' id='word_1_189' title='bbox 505 2829 585 2894; x_wconf 82' lang='lat' dir='ltr'><strong>quae</strong></span> <span class='ocrx_word' id='word_1_190' title='bbox 607 2814 817 2893; x_wconf 84' lang='lat' dir='ltr'><strong>remanserat,</strong></span> <span class='ocrx_word' id='word_1_191' title='bbox 847 2810 1082 2895; x_wconf 77' lang='lat' dir='ltr'><strong>canonicorum,</strong></span> <span class='ocrx_word' id='word_1_192' title='bbox 1110 2830 1179 2876; x_wconf 90' lang='lat' dir='ltr'><strong>cum</strong></span> <span class='ocrx_word' id='word_1_193' title='bbox 1204 2829 1260 2875; x_wconf 92' lang='lat' dir='ltr'><strong>suo</strong></span> <span class='ocrx_word' id='word_1_194' title='bbox 1283 2809 1381 2877; x_wconf 88' lang='lat' dir='ltr'><strong>electo</strong></span> <span class='ocrx_word' id='word_1_195' title='bbox 1405 2831 1460 2877; x_wconf 86' lang='lat' dir='ltr'><strong>ex-</strong></span> 
     </span>
     <span class='ocr_line' id='line_1_24' title="bbox 291 2925 1460 3012; baseline 0.003 -21"><span class='ocrx_word' id='word_1_196' title='bbox 291 2925 554 3006; x_wconf 65' lang='lat' dir='ltr'><strong>communicatum</strong></span> <span class='ocrx_word' id='word_1_197' title='bbox 579 2925 635 2990; x_wconf 92' lang='lat' dir='ltr'><strong>sed</strong></span> <span class='ocrx_word' id='word_1_198' title='bbox 657 2925 729 3012; x_wconf 89' lang='lat' dir='ltr'><strong>ipsi,</strong></span> <span class='ocrx_word' id='word_1_199' title='bbox 753 2925 833 2991; x_wconf 90' lang='lat' dir='ltr'><strong>hanc</strong></span> <span class='ocrx_word' id='word_1_200' title='bbox 856 2926 1210 2994; x_wconf 82' lang='lat' dir='ltr'><strong>excommunicationem</strong></span> <span class='ocrx_word' id='word_1_201' title='bbox 1226 2945 1260 2992; x_wconf 91' lang='lat' dir='ltr'><strong>se</strong></span> <span class='ocrx_word' id='word_1_202' title='bbox 1274 2926 1460 2994; x_wconf 85' lang='lat' dir='ltr'><strong>simulantes</strong></span> 
     </span>
     <span class='ocr_line' id='line_1_25' title="bbox 290 3040 1488 3124; baseline 0.003 -18"><span class='ocrx_word' id='word_1_203' title='bbox 290 3040 454 3124; x_wconf 81' lang='lat' dir='ltr'><strong>ignorare,</strong></span> <span class='ocrx_word' id='word_1_204' title='bbox 484 3041 592 3106; x_wconf 88' lang='lat' dir='ltr'><strong>divina</strong></span> <span class='ocrx_word' id='word_1_205' title='bbox 620 3040 777 3108; x_wconf 87' lang='lat' dir='ltr'><strong>celebrere</strong></span> <span class='ocrx_word' id='word_1_206' title='bbox 804 3060 866 3106; x_wconf 92' lang='lat' dir='ltr'><strong>non</strong></span> <span class='ocrx_word' id='word_1_207' title='bbox 896 3042 1054 3108; x_wconf 90' lang='lat' dir='ltr'><strong>omittunt.</strong></span> <span class='ocrx_word' id='word_1_208' title='bbox 1089 3041 1225 3109; x_wconf 89' lang='lat' dir='ltr'><strong>Duravit</strong></span> <span class='ocrx_word' id='word_1_209' title='bbox 1251 3042 1328 3109; x_wconf 90' lang='lat' dir='ltr'><strong>haec</strong></span> <span class='ocrx_word' id='word_1_210' title='bbox 1350 3049 1488 3109; x_wconf 69' lang='lat' dir='ltr'><strong>cunm·</strong></span> 
     </span>
     <span class='ocr_line' id='line_1_26' title="bbox 292 3155 610 3222; baseline 0 0"><span class='ocrx_word' id='word_1_211' title='bbox 292 3157 394 3222; x_wconf 84' lang='lat' dir='ltr'><strong>mucia</strong></span> <span class='ocrx_word' id='word_1_212' title='bbox 416 3155 507 3222; x_wconf 89' lang='lat' dir='ltr'><strong>annis</strong></span> <span class='ocrx_word' id='word_1_213' title='bbox 531 3161 610 3222; x_wconf 90' lang='lat' dir='ltr'><strong>octe.</strong></span> 
     </span>
     <span class='ocr_line' id='line_1_27' title="bbox 196 3271 1461 3360; baseline 0.005 -25"><span class='ocrx_word' id='word_1_214' title='bbox 196 3282 265 3336; x_wconf 82' lang='lat'>1208</span> <span class='ocrx_word' id='word_1_215' title='bbox 381 3271 521 3354; x_wconf 77' lang='lat' dir='ltr'><strong>Contigit</strong></span> <span class='ocrx_word' id='word_1_216' title='bbox 543 3277 615 3359; x_wconf 90' lang='lat' dir='ltr'><strong>post</strong></span> <span class='ocrx_word' id='word_1_217' title='bbox 637 3271 724 3355; x_wconf 89' lang='lat' dir='ltr'><strong>haec,</strong></span> <span class='ocrx_word' id='word_1_218' title='bbox 748 3277 784 3338; x_wconf 91' lang='lat' dir='ltr'><strong>ut</strong></span> <span class='ocrx_word' id='word_1_219' title='bbox 806 3293 863 3340; x_wconf 81' lang='lat' dir='ltr'><strong>rex</strong></span> <span class='ocrx_word' id='word_1_220' title='bbox 878 3272 1054 3360; x_wconf 89' lang='lat' dir='ltr'><strong>Philippus,</strong></span> <span class='ocrx_word' id='word_1_221' title='bbox 1077 3273 1131 3357; x_wconf 88' lang='lat' dir='ltr'><strong>qui</strong></span> <span class='ocrx_word' id='word_1_222' title='bbox 1150 3273 1276 3342; x_wconf 80' lang='lat' dir='ltr'><strong>fovebat</strong></span> <span class='ocrx_word' id='word_1_223' title='bbox 1290 3273 1371 3340; x_wconf 91' lang='lat' dir='ltr'><strong>hanc</strong></span> <span class='ocrx_word' id='word_1_224' title='bbox 1384 3295 1461 3360; x_wconf 89' lang='lat' dir='ltr'><strong>par·</strong></span> 
     </span>
     <span class='ocr_line' id='line_1_28' title="bbox 185 3355 1461 3472; baseline 0.002 -18"><span class='ocrx_word' id='word_1_225' title='bbox 185 3355 272 3401; x_wconf 58' lang='grc' dir='ltr'><em>Μ</em></span> <span class='ocrx_word' id='word_1_226' title='bbox 292 3393 355 3454; x_wconf 90' lang='lat' dir='ltr'><strong>tem</strong></span> <span class='ocrx_word' id='word_1_227' title='bbox 385 3387 600 3471; x_wconf 90' lang='lat' dir='ltr'><strong>interdictam,</strong></span> <span class='ocrx_word' id='word_1_228' title='bbox 631 3387 824 3455; x_wconf 90' lang='lat' dir='ltr'><strong>occideretur</strong></span> <span class='ocrx_word' id='word_1_229' title='bbox 850 3390 883 3455; x_wconf 95' lang='lat' dir='ltr'><strong>in</strong></span> <span class='ocrx_word' id='word_1_230' title='bbox 913 3391 1039 3455; x_wconf 90' lang='lat' dir='ltr'><strong>civitate</strong></span> <span class='ocrx_word' id='word_1_231' title='bbox 1061 3387 1299 3472; x_wconf 79' lang='lat' dir='ltr'><strong>Bomhergensi3</strong></span> <span class='ocrx_word' id='word_1_232' title='bbox 1328 3394 1361 3456; x_wconf 91' lang='lat' dir='ltr'><strong>et</strong></span> <span class='ocrx_word' id='word_1_233' title='bbox 1381 3391 1461 3456; x_wconf 87' lang='lat' dir='ltr'><strong>haec</strong></span> 
     </span>
     <span class='ocr_line' id='line_1_29' title="bbox 291 3502 1461 3592; baseline 0.003 -23"><span class='ocrx_word' id='word_1_234' title='bbox 291 3522 366 3590; x_wconf 92' lang='lat' dir='ltr'><strong>pars</strong></span> <span class='ocrx_word' id='word_1_235' title='bbox 389 3502 553 3569; x_wconf 87' lang='lat' dir='ltr'><strong>debilitata</strong></span> <span class='ocrx_word' id='word_1_236' title='bbox 575 3508 633 3588; x_wconf 86' lang='lat' dir='ltr'><strong>est,</strong></span> <span class='ocrx_word' id='word_1_237' title='bbox 658 3509 751 3590; x_wconf 84' lang='lat' dir='ltr'><strong>utque</strong></span> <span class='ocrx_word' id='word_1_238' title='bbox 772 3505 911 3572; x_wconf 78' lang='lat' dir='ltr'><strong>fautores</strong></span> <span class='ocrx_word' id='word_1_239' title='bbox 935 3505 1063 3572; x_wconf 88' lang='lat' dir='ltr'><strong>alterius</strong></span> <span class='ocrx_word' id='word_1_240' title='bbox 1087 3505 1237 3592; x_wconf 83' lang='lat' dir='ltr'><strong>episcopi,</strong></span> <span class='ocrx_word' id='word_1_241' title='bbox 1260 3507 1313 3590; x_wconf 92' lang='lat' dir='ltr'><strong>qui</strong></span> <span class='ocrx_word' id='word_1_242' title='bbox 1328 3504 1368 3572; x_wconf 91' lang='lat' dir='ltr'><strong>de</strong></span> <span class='ocrx_word' id='word_1_243' title='bbox 1382 3505 1461 3572; x_wconf 89' lang='lat' dir='ltr'><strong>civi·</strong></span> 
     </span>
     <span class='ocr_line' id='line_1_30' title="bbox 292 3619 1459 3704; baseline 0.002 -19"><span class='ocrx_word' id='word_1_244' title='bbox 292 3623 357 3685; x_wconf 90' lang='lat' dir='ltr'><strong>tate</strong></span> <span class='ocrx_word' id='word_1_245' title='bbox 385 3619 543 3704; x_wconf 87' lang='lat' dir='ltr'><strong>exierant,</strong></span> <span class='ocrx_word' id='word_1_246' title='bbox 573 3620 759 3688; x_wconf 81' lang='lat' dir='ltr'><strong>convaluere</strong></span> <span class='ocrx_word' id='word_1_247' title='bbox 787 3641 869 3686; x_wconf 88' lang='lat' dir='ltr'><strong>anno</strong></span> <span class='ocrx_word' id='word_1_248' title='bbox 895 3621 1024 3688; x_wconf 89' lang='lat' dir='ltr'><strong>Domini</strong></span> <span class='ocrx_word' id='word_1_249' title='bbox 1051 3621 1218 3687; x_wconf 87' lang='lat' dir='ltr'><strong>millesimo</strong></span> <span class='ocrx_word' id='word_1_250' title='bbox 1246 3621 1459 3688; x_wconf 84' lang='lat' dir='ltr'><strong>ducentesimo</strong></span> 
     </span>
     <span class='ocr_line' id='line_1_31' title="bbox 292 3733 557 3801; baseline -0.004 -1"><span class='ocrx_word' id='word_1_251' title='bbox 292 3739 411 3801; x_wconf 84' lang='lat' dir='ltr'><strong>octavo.</strong></span> <span class='ocrx_word' id='word_1_252' title='bbox 555 3733 557 3736; x_wconf 78' lang='grc'><strong>’</strong></span> 
     </span>
     <span class='ocr_line' id='line_1_32' title="bbox 380 3849 1458 3938; baseline 0.004 -22"><span class='ocrx_word' id='word_1_253' title='bbox 380 3849 543 3937; x_wconf 90' lang='lat' dir='ltr'><strong>Principes</strong></span> <span class='ocrx_word' id='word_1_254' title='bbox 572 3857 646 3938; x_wconf 91' lang='lat' dir='ltr'><strong>post</strong></span> <span class='ocrx_word' id='word_1_255' title='bbox 671 3858 806 3919; x_wconf 90' lang='lat' dir='ltr'><strong>mortem</strong></span> <span class='ocrx_word' id='word_1_256' title='bbox 829 3851 966 3938; x_wconf 92' lang='lat' dir='ltr'><strong>Philippi</strong></span> <span class='ocrx_word' id='word_1_257' title='bbox 997 3853 1079 3936; x_wconf 82' lang='lat' dir='ltr'><strong>regis</strong></span> <span class='ocrx_word' id='word_1_258' title='bbox 1108 3853 1141 3920; x_wconf 93' lang='lat' dir='ltr'><strong>in</strong></span> <span class='ocrx_word' id='word_1_259' title='bbox 1164 3853 1318 3920; x_wconf 87' lang='lat' dir='ltr'><strong>Othonem</strong></span> <span class='ocrx_word' id='word_1_260' title='bbox 1346 3872 1458 3920; x_wconf 86' lang='lat' dir='ltr'><strong>conve-</strong></span> 
     </span>
    </p>
   </div>
   <div class='ocr_carea' id='block_1_5' title="bbox 363 4047 952 4106">
    <p class='ocr_par' dir='ltr' id='par_1_5' title="bbox 363 4047 952 4106">
     <span class='ocr_line' id='line_1_33' title="bbox 363 4047 952 4106; baseline -0.002 -12"><span class='ocrx_word' id='word_1_261' title='bbox 363 4061 383 4094; x_wconf 76' lang='grc'><strong>0</strong></span> <span class='ocrx_word' id='word_1_262' title='bbox 404 4047 464 4094; x_wconf 87' lang='lat' dir='ltr'><strong>iuste</strong></span> <span class='ocrx_word' id='word_1_263' title='bbox 479 4049 562 4105; x_wconf 72' lang='lat' dir='ltr'><strong>scripsi</strong></span> <span class='ocrx_word' id='word_1_264' title='bbox 573 4065 616 4106; x_wconf 81' lang='lat' dir='ltr'><strong>pre</strong></span> <span class='ocrx_word' id='word_1_265' title='bbox 633 4047 696 4094; x_wconf 85' lang='lat' dir='ltr'><strong>satis.</strong></span> <span class='ocrx_word' id='word_1_266' title='bbox 773 4047 796 4093; x_wconf 89' lang='lat' dir='ltr'><strong>h.</strong></span> <span class='ocrx_word' id='word_1_267' title='bbox 816 4047 902 4093; x_wconf 82' lang='lat' dir='ltr'><strong>abierut</strong></span> <span class='ocrx_word' id='word_1_268' title='bbox 917 4048 952 4093; x_wconf 64' lang='lat' dir='ltr'><strong>ed„</strong></span> 
     </span>
    </p>
   </div>
   <div class='ocr_carea' id='block_1_6' title="bbox 290 4149 1456 4398">
    <p class='ocr_par' dir='ltr' id='par_1_6' title="bbox 290 4149 1456 4398">
     <span class='ocr_line' id='line_1_34' title="bbox 362 4149 1456 4220; baseline 0 -14"><span class='ocrx_word' id='word_1_269' title='bbox 362 4153 386 4206; x_wconf 92' lang='lat'><strong>1.</strong></span> <span class='ocrx_word' id='word_1_270' title='bbox 411 4153 478 4206; x_wconf 78' lang='lat'><strong>1231</strong></span> <span class='ocrx_word' id='word_1_271' title='bbox 498 4149 573 4220; x_wconf 85' lang='lat' dir='ltr'><strong>Sept.</strong></span> <span class='ocrx_word' id='word_1_272' title='bbox 588 4152 630 4206; x_wconf 87' lang='lat'><strong>16.</strong></span> <span class='ocrx_word' id='word_1_273' title='bbox 684 4153 709 4205; x_wconf 80' lang='lat'><strong>2.</strong></span> <span class='ocrx_word' id='word_1_274' title='bbox 733 4151 777 4206; x_wconf 92' lang='lat' dir='ltr'><strong>Ps.</strong></span> <span class='ocrx_word' id='word_1_275' title='bbox 792 4153 834 4219; x_wconf 81' lang='lat'><strong>65,</strong></span> <span class='ocrx_word' id='word_1_276' title='bbox 847 4153 872 4204; x_wconf 82' lang='lat'><strong>5.</strong></span> <span class='ocrx_word' id='word_1_277' title='bbox 926 4153 952 4205; x_wconf 87' lang='lat'><strong>3.</strong></span> <span class='ocrx_word' id='word_1_278' title='bbox 975 4151 1116 4220; x_wconf 90' lang='lat' dir='ltr'><strong>Philippus</strong></span> <span class='ocrx_word' id='word_1_279' title='bbox 1134 4155 1162 4206; x_wconf 90' lang='lat' dir='ltr'><strong>et</strong></span> <span class='ocrx_word' id='word_1_280' title='bbox 1177 4149 1240 4207; x_wconf 87' lang='lat' dir='ltr'><strong>Otto</strong></span> <span class='ocrx_word' id='word_1_281' title='bbox 1252 4151 1300 4208; x_wconf 85' lang='lat' dir='ltr'><strong>lv.</strong></span> <span class='ocrx_word' id='word_1_282' title='bbox 1354 4153 1379 4206; x_wconf 80' lang='lat'><strong>4.</strong></span> <span class='ocrx_word' id='word_1_283' title='bbox 1404 4152 1456 4206; x_wconf 87' lang='lat' dir='ltr'><strong>Lu·</strong></span> 
     </span>
     <span class='ocr_line' id='line_1_35' title="bbox 290 4237 1456 4383; baseline 0.002 -91"><span class='ocrx_word' id='word_1_284' title='bbox 290 4239 388 4380; x_wconf 48' lang='lat' dir='ltr'><strong>polege</strong></span> <span class='ocrx_word' id='word_1_285' title='bbox 401 4239 707 4383; x_wconf 39' lang='lat' dir='ltr'><strong>illigollnafimsl</strong></span> <span class='ocrx_word' id='word_1_286' title='bbox 726 4245 754 4294; x_wconf 90' lang='lat' dir='ltr'><strong>at</strong></span> <span class='ocrx_word' id='word_1_287' title='bbox 772 4237 888 4294; x_wconf 86' lang='lat' dir='ltr'><strong>Sifridue</strong></span> <span class='ocrx_word' id='word_1_288' title='bbox 902 4239 937 4294; x_wconf 91' lang='lat'><strong>11.</strong></span> <span class='ocrx_word' id='word_1_289' title='bbox 1027 4240 1052 4294; x_wconf 83' lang='lat'><strong>5.</strong></span> <span class='ocrx_word' id='word_1_290' title='bbox 1077 4238 1185 4296; x_wconf 85' lang='lat' dir='ltr'><strong>Sifridc.</strong></span> <span class='ocrx_word' id='word_1_291' title='bbox 1275 4241 1300 4295; x_wconf 88' lang='grc'><strong>6.</strong></span> <span class='ocrx_word' id='word_1_292' title='bbox 1324 4239 1456 4310; x_wconf 89' lang='lat' dir='ltr'><strong>Lupeldo.</strong></span> 
     </span>
     <span class='ocr_line' id='line_1_36' title="bbox 310 4364 577 4398; baseline 0.015 -20"><span class='ocrx_word' id='word_1_293' title='bbox 310 4364 317 4378; x_wconf 89' lang='lat'><strong>.</strong></span> <span class='ocrx_word' id='word_1_294' title='bbox 376 4366 382 4381; x_wconf 92' lang='lat'><strong><em>.</em></strong></span> <span class='ocrx_word' id='word_1_295' title='bbox 439 4367 446 4379; x_wconf 92' lang='lat'><em>.</em></span> <span class='ocrx_word' id='word_1_296' title='bbox 513 4369 520 4398; x_wconf 95' lang='lat'><strong>,</strong></span> <span class='ocrx_word' id='word_1_297' title='bbox 570 4367 577 4382; x_wconf 92' lang='lat'><strong>.</strong></span> 
     </span>
    </p>
   </div>
   <div class='ocr_carea' id='block_1_7' title="bbox 0 0 1577 4852">
    <p class='ocr_par' dir='ltr' id='par_1_7' title="bbox 0 0 1577 4852">
     <span class='ocr_line' id='line_1_37' title="bbox 0 0 1577 4852; baseline 0 0"><span class='ocrx_word' id='word_1_298' title='bbox 0 0 1577 4852; x_wconf 95' lang='lat' dir='ltr'><strong> </strong></span> 
     </span>
    </p>
   </div>
  </div>
 </body>
</html>
