3024 4864
296 243 363 310 230
545 258 573 306 s.
589 257 766 307 ιοιιιιιιιι
788 259 832 306 ιι
855 257 958 306 coum
978 256 1166 307 semrom
1189 257 1220 306 ιι

298 399 362 472 83.
386 403 576 469 Benedictus
599 405 774 488 episcopua
799 403 882 468 seda's
906 403 1096 490 apostolicos
1117 402 1339 482 medemena,
1360 399 1444 466 Boui-

377 518 502 604 facian
525 517 679 604 afflictura
701 518 908 584 corceolotur'.
1082 515 1118 597 (S
1137 518 1212 600 145,
1233 513 1273 584 W
1289 516 1342 598 85,
1363 513 1446 595 dit)

226 658 277 713 ιιι
386 651 524 718 Domino
553 649 754 717 sanctissimo
789 654 883 735 abque
913 651 1129 717 amantissimo
1158 650 1249 716 nobis
1278 647 1314 715 in
1341 646 1447 713 Christo

222 731 279 778 Nor,

296 767 382 853 patri
404 765 563 832 Bonifatio
586 766 823 853 archiepiscopo
838 765 1027 833 Benedictus
1051 761 1235 854 episcopus¹
1257 769 1289 832 ιι
1309 763 1448 830 vicedom-

296 882 375 949 nusb
399 881 484 950 sedis
507 886 635 948 sanctae
658 881 859 969 apostolicae.

386 995 541 1064 Praesens
555 995 616 1065 Lul
638 997 827 1066 venerabilis
850 996 1017 1084 presbiter,
1040 1002 1193 1084 paternae
1215 995 1388 1063 sanctitatis
1407 1014 1451 1060 ιι-

297 1120 382 1182 strae
411 1114 544 1198 missus,
573 1114 772 1180 honorandos
799 1112 890 1180 nobis
921 1119 992 1180 tuos
1023 1112 1130 1180 attulit
1159 1111 1281 1180 affatus.
1328 1111 1451 1190 Quorum

296 1237 404 1298 textus
432 1228 627 1297 confluebat:
661 1228 771 1296 multis
805 1234 837 1296 te
864 1228 1105 1297 necessitatibus
1134 1234 1166 1295 ot
1192 1227 1369 1295 turbinibus
1395 1243 1452 1293 csso

174 1435 179 1444 Ι
297 1347 459 1413 tristatum
487 1367 546 1432 per
574 1346 717 1412 homines
746 1364 808 1410 non
831 1345 979 1411 timentes
1002 1343 1106 1412 Deum
1129 1350 1162 1411 et
1184 1343 1281 1411 inisos
1304 1341 1452 1430 episcopos

297 1468 392 1548 atque
418 1461 730 1550 pseudopresbiteros
759 1465 791 1527 et
819 1461 1024 1528 fornicatores
1052 1459 1182 1528 clericos
1210 1478 1379 1544 eorumque
1403 1455 1454 1522 ini·

297 1599 376 1665 quas
404 1579 542 1646 actiones
569 1595 748 1666 pravasque
769 1576 971 1642 inmissiones
980 1587 1001 1660 ⁰,
1030 1577 1158 1662 iamque
1182 1581 1215 1642 ιι
1235 1574 1454 1642 inimicantium

298 1699 331 1762 et
362 1695 619 1782 persequentium
652 1693 803 1778 gentium.
850 1691 991 1771 Quorum
1023 1692 1202 1778 persecutio
1236 1691 1348 1776 iniqua
1372 1689 1454 1755 finem

297 1809 427 1877 habebit
445 1812 594 1878 interitus
617 1809 811 1896 sempiterni.
846 1807 986 1893 Etenim,
1010 1809 1211 1876 sanctissimo
1232 1815 1336 1896 pater,
1360 1824 1456 1874 omncs

298 1925 400 1993 sancti
423 1931 541 2011 quanta
562 1925 649 2012 passi
672 1929 747 1990 sunt
767 1929 940 2009 tormenta,
968 1929 1006 1991 ut
1034 1925 1136 1992 securi
1165 1924 1365 2012 possiderent
1384 1923 1457 1990 vitoe

298 2047 447 2109 aeternae
469 2037 636 2130 palmam⁸.
673 2040 834 2107 Habemus
857 2039 1083 2106 consolatorem
1108 2041 1268 2126 egregium
1292 2039 1456 2127 apostolum

297 2157 442 2244 Paulum,
465 2160 519 2243 qui
542 2157 648 2224 docet:
675 2159 806 2244 Oportet
827 2181 885 2223 nos
904 2179 967 2244 per
987 2157 1102 2222 mabar
1118 2159 1336 2224 tabulationes
1351 2160 1458 2230 intrare

298 2279 333 2340 ia
355 2298 486 2362 repetam
508 2269 599 2341 Ded.
645 2271 762 2356 Magna
785 2271 843 2339 tibi
866 2278 915 2338 est
937 2291 1074 2355 merces,
1105 2291 1123 2338 o
1147 2273 1347 2339 sanctissime
1369 2277 1458 2358 pater,

299 2394 332 2457 et
354 2409 470 2456 corona
492 2389 611 2473 gloriae
634 2409 740 2454 coram
764 2389 980 2476 omnipotente
1003 2387 1081 2472 Deo,
1106 2387 1182 2454 dum
1205 2388 1312 2454 omnia
1334 2387 1459 2455 toleran-

299 2510 348 2572 ter
372 2506 507 2574 sustines
529 2510 660 2592 propter
682 2504 824 2571 divinum
844 2505 1031 2571 mandatnm
1045 2509 1078 2570 et
1091 2503 1361 2590 praedicationem
1376 2521 1460 2570 eonn-

300 2620 374 2705 gelii
397 2621 467 2688 Iesu
490 2619 608 2688 Christi
635 2621 755 2688 domini
777 2622 828 2688 dci
851 2627 883 2687 et
905 2619 1072 2686 salvatoris
1095 2621 1204 2686 nostri.
1251 2619 1370 2705 Cuius,
1396 2618 1462 2685 licet

299 2740 455 2824 peccator,
478 2737 653 2824 potentiam
676 2738 843 2823 deprecor:
866 2743 903 2803 ιιι
919 2737 1046 2803 domino
1062 2755 1133 2802 meo
1149 2736 1241 2804 beato
1257 2737 1461 2825 apostolorum

299 2853 437 2939 principi
451 2851 545 2920 Petro
568 2853 792 2936 intercedente,
815 2853 904 2920 ouius
928 2857 960 2920 ct
981 2851 1083 2918 ricem
1107 2851 1174 2936 agis
1197 2853 1280 2920 inter
1302 2853 1421 2921 feroces
1435 2856 1463 2918 ct

300 2967 470 3035 indomitas
493 2974 614 3053 gentes,
639 2973 675 3034 ut
697 2970 766 3055 ipso
788 2973 821 3034 te
843 2989 902 3034 sna
915 2969 1034 3054 pictate
1049 2967 1215 3052 custodiat,
1239 2975 1271 3035 et
1286 2965 1463 3038 decursnm‘

300 3083 470 3151 ministerii
497 3085 545 3150 tui
573 3085 607 3150 in
636 3084 687 3151 die
716 3085 868 3150 adrerum
896 3085 964 3151 eius
991 3083 1154 3171 copiosum
1181 3085 1320 3152 fructum
1351 3087 1464 3152 adferre

301 3199 408 3267 valeas
431 3206 463 3268 et
486 3221 505 3266 a
527 3200 689 3267 conditore
709 3200 851 3268 omnium
866 3198 933 3267 Deo
949 3199 1213 3267 remunerationis
1228 3203 1386 3287 premium
1401 3219 1464 3267 oon·

301 3316 426 3404 tuplum
454 3316 590 3402 accipias
619 3321 652 3384 et
679 3317 778 3383 vitam
801 3321 961 3384 aeternam
983 3315 1157 3404 possideas.
1248 3315 1394 3402 Etenim,
1419 3333 1465 3382 me

301 3433 407 3519 ipsum
435 3433 552 3499 sanetis
581 3433 644 3499 tuis
668 3432 862 3500 orationibus
885 3433 1125 3518 commendans,
1153 3436 1189 3499 ut
1210 3431 1296 3499 valui
1319 3434 1356 3500 in
1377 3432 1465 3500 verbo

302 3553 335 3615 ιι
356 3568 460 3636 opere,
483 3549 645 3634 praedicto
668 3553 723 3615 tuo
738 3548 835 3614 misso
852 3549 976 3616 adiutor
992 3550 1135 3636 apparui.
1215 3547 1467 3616 Benedictionem

301 3663 436 3749 denique
459 3669 599 3730 avestra
612 3663 807 3731 beatitudine
821 3664 962 3750 musam,
986 3666 1069 3732 sicut
1084 3686 1103 3731 a
1118 3669 1208 3752 patre
1223 3685 1306 3750 meo,
1329 3663 1466 3750 snscepi3

301 3784 335 3845 et
356 3779 565 3867 omnipotenti
587 3777 654 3846 Deo
678 3780 796 3864 gratias
820 3780 870 3863 egi
893 3785 926 3847 et
952 3786 1058 3848 vestre
1085 3781 1305 3848 sanctssimas
1333 3779 1468 3869 paterni-

301 3895 370 3962 tati.
460 3894 598 3980 Etenim,
623 3894 806 3978 beatissime
830 3901 930 3982 pater,
952 3917 1089 3982 parvum
1111 3896 1334 3965 munusculum
1357 3894 1469 3964 suncti·

374 4104 395 4137 ι.
417 4109 446 4136 0ae
462 4095 492 4138 M
505 4091 633 4146 ιιι-ιιι,
656 4089 836 4139 creo-tto.
863 4093 917 4142 Sine
936 4093 1038 4140 humata
1055 4097 1095 4150 dl,-
1116 4093 1220 4154 Epistola
1235 4093 1356 4142 benedicti
1371 4090 1470 4155 episcopi

301 4169 438 4218 vicedomini
454 4169 515 4218 sedis
531 4169 670 4230 apostoticae
687 4169 715 4218 od
729 4169 868 4219 Bonifatium
884 4175 911 4220 C.
984 4173 1008 4219 b.
1028 4173 1123 4220 vicedie
1140 4177 1174 4222 Μ.
1250 4188 1270 4221 o.
1291 4173 1426 4221 inmisiones
1436 4173 1469 4219 H.

301 4249 326 4297 d.
345 4268 401 4298 corr.
418 4253 441 4297 ia
456 4249 486 4296 da
502 4263 569 4296 cursu
586 4251 612 4298 C.

373 4355 398 4410 1.
417 4353 613 4425 Nomentanus,
627 4357 659 4409 ut
670 4352 787 4412 videtur.
854 4355 880 4412 2.
899 4351 941 4414 Gt‘.
954 4353 1019 4426 sap.
1028 4358 1056 4427 3,
1063 4357 1091 4412 4.
1159 4357 1187 4414 3.
1203 4355 1365 4429 Antapost
1376 4356 1469 4426 14,ss
