3090 4848
336 295 363 342 s.
379 295 555 343 normann
576 297 621 342 nr
643 295 745 343 nunni
766 295 954 343 urmromn
977 295 1008 342 4⁷
1191 279 1254 344 129

171 434 348 502 statuimus
363 436 523 503 similiter:
547 440 583 503 ut
598 436 765 522 posthanc
780 437 945 523 synodum,
963 455 1043 521 quaa
1057 436 1118 503 fuit
1136 439 1173 504 ll
1191 436 1254 504 Ka·
1293 449 1345 504 ‘142

85 549 190 616 lendes
213 550 331 636 Maias,
360 557 396 618 ut
421 553 564 637 quisquis
587 573 748 619 servorum
773 551 833 620 Dei
857 553 907 620 vcl
929 553 1114 620 ancillarum
1137 551 1255 619 Christi
1272 523 1367 583 mm

84 667 257 733 incrimcn
278 667 495 734 fornicationis
518 668 626 755 lapsus
648 670 754 755 luent,
781 670 865 755 quod
887 671 920 737 in
944 689 1069 736 carcerc
1092 669 1255 756 poeniteu-

83 781 156 847 tiam
186 782 284 849 faciat
306 785 445 869 inpane
473 791 506 852 et
527 805 617 868 aqua
653 786 696 852 Et
719 787 746 853 si
769 787 932 853 ordinatus
956 785 1112 872 presbiter
1134 785 1255 869 basset,

83 898 156 965 duos
185 919 287 965 annos
313 899 348 966 iu
370 919 494 968 carcere
516 908 716 988 permancat3
747 907 780 968 ct
802 907 895 968 antea
917 899 1093 985 flagellatus
1117 906 1150 967 et
1171 919 1257 968 scor-

83 1011 234 1080 ticatus·¹
260 1015 418 1101 videatur,
447 1022 574 1104 etpost
596 1017 782 1106 episcopusb
807 1017 970 1101 adaugeat.
1007 1015 1042 1082 Si
1066 1020 1171 1083 autem
1194 1015 1256 1084 cle-

82 1131 161 1197 ricus
197 1131 249 1197 rel
281 1131 453 1198 monachus
486 1133 521 1198 in
549 1133 607 1200 hoc
635 1138 800 1219 peccatum
828 1133 992 1216 ceciderit,
1027 1136 1101 1218 post
1129 1133 1256 1199 tertiam

81 1245 332 1314 verberationem
355 1248 390 1313 in
413 1268 570 1316 carcerem
593 1251 736 1334 missus,
760 1254 934 1316 vertentem
958 1268 1076 1315 annum
1099 1249 1144 1315 ibi
1167 1249 1257 1335 peni·

80 1365 213 1430 tentiam
244 1368 327 1447 agat.
364 1363 517 1432 Similiter
545 1371 577 1432 et
605 1385 729 1434 nonnae
758 1364 898 1433 velatae⁴
922 1365 1031 1432 eadem
1061 1365 1257 1451 poenitentia

81 1484 326 1547 conteneantur·
350 1485 382 1546 et
404 1481 558 1548 radantur
581 1502 689 1550 omnes
712 1483 819 1569 capilli
842 1483 955 1569 capitis
978 1483 1055 1548 eius.

165 1595 376 1663 Decrevimus
406 1616 544 1682 quoquc:
576 1604 612 1665 ut
637 1599 805 1686 presbiteri
835 1596 885 1664 ucl
913 1598 1037 1664 diaconi
1066 1616 1130 1663 non
1159 1596 1254 1680 sagis,

79 1711 232 1778 laicorum
256 1731 355 1795 more,
379 1713 434 1779 sed
449 1713 565 1779 casulis
579 1719 719 1798 utentur,
744 1715 809 1781 ritu
824 1733 987 1781 servorum
1002 1713 1077 1795 Dei3
1102 1717 1135 1779 ct
1149 1712 1255 1778 nullus

79 1827 110 1893 in
138 1848 202 1894 sua
229 1827 339 1893 domu‘
362 1827 527 1896 mulierem
549 1828 692 1896 babitare
715 1831 888 1916 permittat.
927 1829 971 1896 Et
994 1835 1029 1896 ut
1052 1828 1198 1895 monachi
1223 1832 1255 1895 et

80 1943 231 2010 aneillae⁸
255 1943 315 2010 Dei
344 1945 582 2012 monasteriales
609 1947 700 2014 iuxta
728 1947 870 2030 regulam
894 1945 996 2012 sancti
1017 1942 1181 2011 Benedicti
1204 1963 1255 2010 or·

80 2059 188 2126 clinare
213 2064 247 2126 ct
269 2060 384 2144 vivere,
408 2061 524 2127 vitame
546 2063 709 2148 propriam
732 2063 907 2147 gubernare
930 2061 1085 2128 studeant.

164 2175 276 2242 Modo¹
306 2182 410 2242 autem
440 2177 474 2244 in
502 2178 561 2244 hoc
591 2178 735 2264 synodali
763 2182 934 2261 conventu,
964 2178 1018 2262 qui
1047 2180 1254 2260 congregatus
1274 2186 1416 2242 743-744

80 2299 124 2358 est
152 2293 198 2359 ad
226 2291 386 2359 Kalendas
409 2293 540 2359 Martias
567 2295 602 2360 in
629 2294 697 2360 loco
726 2296 781 2379 qui
810 2294 924 2360 dicitur
951 2287 1115 2376 Liftinas⁸,
1145 2311 1254 2359 omnes
1299 2259 1388 2307 ΜΝ

79 2408 277 2475 uenerabiles
301 2409 478 2476 sacerdotes
502 2409 561 2476 Dei
585 2415 617 2476 ct
640 2412 769 2478 comites
793 2415 826 2476 ct
847 2407 999 2496 praefecti
1021 2407 1137 2495 prioris
1161 2428 1254 2495 syno-

79 2525 133 2592 dus
156 2525 290 2592 decreta
311 2526 541 2592 consentientes
565 2525 784 2610 firmaverunt,
815 2546 849 2592 se
876 2525 1009 2612 implere
1037 2523 1117 2592 velle
1146 2529 1178 2591 et
1201 2525 1255 2592 ob·

78 2661 207 2708 serrare
230 2641 454 2729 promiserunt

163 2757 212 2824 Et
234 2758 338 2824 omnis
361 2757 562 2824 ecclesiastici
586 2758 705 2824 ordinis
728 2756 846 2842 clerus,
871 2757 1011 2844 episcopi
1034 2761 1066 2824 et
1087 2756 1255 2843 presbiteri

79 2879 108 2939 ct
129 2874 260 2940 diaconi
281 2893 353 2940 cum
369 2873 502 2958 clericis,
526 2874 732 2960 suscipientes
749 2873 949 2958 antiquorum
964 2876 1091 2958 patrum
1107 2892 1254 2956 canones,

77 2992 310 3075 promiserunt:
339 3009 374 3056 sc
397 2990 477 3056 velle
503 2989 716 3056 ecclesiastica
737 2990 808 3056 iura
830 2989 970 3055 moribus
994 2993 1026 3055 et
1048 2987 1199 3055 doctrinis
1223 2995 1256 3056 et

77 3107 256 3173 ministerio
271 3125 460 3194 recuperare
466 3104 487 3172 ¹¹.
515 3105 655 3172 Abbates
672 3111 704 3172 ct
717 3103 864 3172 monachi
878 3109 1067 3191 receperunt
1082 3105 1183 3171 sancti
1197 3125 1255 3192 pa·

76 3223 133 3290 tris
148 3223 317 3290 Benedicti
337 3221 492 3306 regulam¹
508 3222 548 3288 ad
568 3220 808 3288 restaurandam
830 3239 974 3288 normam
988 3220 1142 3305 regularis
1158 3220 1251 3288 vitae.

163 3338 388 3406 Fomicatorcs
412 3343 444 3406 et
466 3337 624 3406 adulteros
647 3338 787 3423 clericos,
812 3338 867 3423 qui
889 3342 999 3404 sancta
1021 3337 1092 3404 loca
1113 3337 1163 3404 uel
1186 3357 1253 3404 mo-

146 3530 167 3563 ι
192 3535 251 3563 corr.
267 3520 289 3563 ia
310 3516 459 3563 excorticatae
482 3519 507 3564 C.
596 3514 618 3561 b.
640 3516 680 3574 ops
701 3519 740 3571 M„
761 3515 828 3580 episc
845 3517 875 3570 C,
898 3514 961 3575 ep‘ric
979 3515 1006 3561 V.
1092 3527 1112 3562 c.
1134 3515 1205 3561 misus
1225 3516 1253 3562 V.

76 3597 98 3643 d
116 3597 223 3644 vulsus
242 3599 270 3644 V.
333 3611 353 3642 a.
374 3614 429 3643 corr.
447 3599 470 3642 ia
486 3596 644 3642 contineantur
661 3597 686 3642 C.
748 3594 765 3641 f.
787 3612 842 3640 corr.
859 3597 881 3641 in
898 3595 965 3642 domo
983 3599 1009 3643 C.
1071 3608 1093 3654 g.
1109 3593 1210 3641 mcollue
1225 3595 1253 3640 V.

76 3675 98 3722 h.
118 3695 177 3724 corr.
196 3681 219 3722 in
236 3677 351 3736 vitamque
363 3679 388 3724 C.
467 3675 482 3722 i.
506 3677 577 3722 Verte
594 3673 662 3720 blodo
675 3677 839 3734 praescriptum
856 3683 889 3721 m
904 3675 985 3720 lemma
1001 3676 1056 3721 dor:
1072 3674 1107 3722 Da
1123 3673 1168 3720 allo
1185 3687 1252 3734 syno-

76 3757 120 3804 dali
135 3759 255 3804 conventu
271 3759 349 3804 MCV.
418 3755 440 3802 ln
463 3768 571 3815 recupare
588 3758 622 3801 M.
692 3754 708 3800 l.
729 3753 828 3812 regulum
845 3755 902 3800 odd.
919 3771 999 3802 manue
1016 3757 1129 3817 corrigens
1146 3756 1168 3800 ia
1187 3757 1212 3802 C.

146 3864 173 3918 1.
200 3865 368 3916 cruentatus.
470 3861 496 3914 2.
523 3857 708 3930 „Liphtiuas“
732 3857 848 3913 vicinam
872 3873 933 3913 esse
957 3858 1121 3914 monasterio
1146 3856 1252 3913 Lauba-

77 3953 150 4005 censi
169 3949 299 4016 (Lobbes
322 3949 358 4004 ad
377 3947 520 4004 Sambrcm
538 3947 574 4016 fl.‚
594 3948 712 4016 inpage
731 3946 910 4016 Haiuoeusi)‚
935 3946 1043 4016 scripsit
1060 3947 1207 4002 Foleuinns
1225 3948 1252 4002 in

77 4041 162 4107 gostis
182 4038 314 4094 abbatum
334 4037 529 4093 Laubiensium
549 4037 632 4103 (Mon.
651 4035 743 4090 Germ.
762 4034 929 4102 SS.1V56).
956 4036 1082 4091 Exeuntc
1101 4035 1253 4090 saec.le

77 4128 147 4182 idem
167 4129 248 4183 vicus
268 4126 436 4197 „lestiucff
456 4123 616 4194 vocabatur,
634 4129 706 4179 teste
725 4124 836 4181 Valesio
854 4125 882 4179 in
900 4125 1005 4180 Notitia
1022 4125 1171 4180 Galliarum
1190 4123 1251 4188 (Pa-

79 4217 147 4271 risiis
160 4217 242 4282 1675)
255 4233 282 4286 p.
296 4217 358 4271 281.
386 4213 442 4270 Sed
454 4215 534 4270 hodie
547 4215 634 4270 solnm
647 4213 699 4268 boc
711 4229 823 4269 nomen:
844 4212 1050 4283 „Batinnes“
1063 4213 1172 4268 duobus
1184 4211 1252 4266 locis

79 4303 200 4360 finitimis
217 4309 273 4360 cst:
294 4304 446 4374 „Estiones
464 4320 500 4360 an
518 4303 614 4360 mont“
634 4307 663 4358 et
682 4303 832 4374 „Estiones
851 4317 886 4357 au
904 4300 981 4372 ral“‚
1000 4315 1018 4356 a
1035 4301 1164 4357 Laubaco
1181 4301 1252 4356 inter

80 4395 248 4450 occidentem
267 4399 296 4450 et
313 4393 531 4463 septemtriones,
551 4408 568 4448 a
585 4391 689 4448 Binche
707 4391 742 4447 ad
760 4390 939 4448 occidentem.

120 4490 202 4542 «luri.
217 4493 362 4540 Bibliotheca
377 4494 417 4538 lll.
1019 4489 1036 4542 9
