3164 4842
383 303 545 356 nonnoni
564 305 752 356 munnere
774 309 854 354 vrrs
877 303 1049 356 emolere
1232 289 1295 356 551

130 447 228 532 igitur
256 447 492 535 expalluerunt,
521 447 569 516 im
596 449 712 516 misero
739 450 870 531 inieusi3
901 451 976 535 quis
1003 453 1111 516 tantas
1132 449 1299 536 potestatis

130 564 232 630 virum
262 565 401 648 graviter
428 585 463 632 se
490 565 629 632 ulturum
657 565 866 634 crediderunt
905 565 1087 650 Intelligens
1116 571 1222 634 autem
1248 565 1299 634 vir

129 680 279 766 prudens,
303 682 452 766 quoniam
474 681 570 748 dandi
593 681 729 768 exempli
752 687 877 768 tempus
901 687 1011 767 esset,
1033 687 1079 766 ut,
1103 701 1184 766 qnae
1203 681 1298 768 paulo

130 800 204 864 ante
226 797 265 864 ds
287 797 445 883 pacientia
465 797 615 864 decuerat
627 797 744 880 serbis,
767 798 960 864 nuncetiam
976 795 1178 865 confirmaret
1191 817 1298 864 erem·

129 911 208 998 plie,
237 917 364 998 sumpta
386 933 482 980 aurea
503 912 648 997 scumlla,
680 931 761 997 qnae
783 933 890 978 coram
912 913 1018 980 stabat
1038 913 1133 1000 plena
1154 914 1298 980 carnium

128 1027 248 1112 tmds,
271 1028 405 1096 derisuri
427 1049 485 1096 suo
506 1027 610 1095 chum
632 1047 751 1113 vasque
773 1028 843 1095 dari
864 1031 1007 1116 precepit
1023 1048 1118 1096 causa
1132 1027 1295 1098 mercedis.

128 1142 196 1222 Quo
218 1144 302 1210 fecto
324 1163 387 1211 non
410 1143 511 1210 solum
535 1150 717 1231 peccantem
741 1145 780 1210 ad
803 1144 1026 1231 penitentiam,
1056 1146 1112 1214 sed
1135 1151 1167 1213 et
1188 1163 1297 1214 omnes

127 1257 267 1326 lucratus
291 1266 339 1327 est
360 1261 401 1327 ad
423 1260 674 1347 amplectendam
695 1260 895 1346 pacientiam.

216 1373 380 1443 Potuimus
409 1376 528 1464 aliquid
550 1377 655 1444 dicere
677 1376 716 1443 de
739 1395 776 1442 eo
798 1375 960 1461 mirabile,
990 1377 1017 1442 si
1039 1373 1186 1462 quidem*
1208 1380 1297 1444 tante

127 1492 341 1558 ammirationi
363 1498 452 1577 sant,
481 1513 562 1578 quae
583 1493 754 1558 creduntur
776 1491 911 1576 auditui,
935 1511 1030 1576 quam
1054 1511 1134 1576 quse
1156 1491 1297 1560 subiecta

127 1612 201 1674 sunt
227 1608 324 1689 risui3
353 1609 415 1674 nisi
437 1609 518 1674 torte
541 1627 657 1693 magna
677 1610 728 1674 sui
751 1606 904 1674 miracula
924 1607 1049 1673 minora
1071 1606 1224 1674 aciamus
1246 1609 1296 1674 in-

126 1723 223 1807 digno
251 1724 353 1791 relatu
380 1729 498 1790 nostro.
536 1724 686 1791 Dicemus
713 1730 835 1808 umen,
862 1729 900 1790 ut
926 1741 1105 1809 possumus.
1140 1722 1295 1802 Quoniam

125 1839 238 1906 melius
265 1841 455 1924 indicamus,
490 1846 648 1925 utcunque
677 1839 874 1906 ammiranda
905 1838 1047 1923 agnosci,
1076 1857 1172 1923 quam
1200 1839 1296 1923 digna

124 1960 316 2040 memoratu,
346 1957 499 2023 memoria
520 1956 717 2040 tabescente,
748 1955 901 2023 obliuisci.
991 1953 1144 2032 Quociens
1167 1961 1294 2022 sanctus

124 2075 218 2158 pater
239 2071 405 2138 Adeldvile
414 2068 432 2157 ¹,
456 2073 605 2157 quoniam
629 2071 668 2140 ad
691 2091 780 2138 suam
805 2071 953 2137 diocesim
969 2070 1133 2156 pertinuit,
1156 2069 1293 2155 devenit,

123 2185 285 2255 mirabiles
300 2207 426 2275 semper
440 2187 579 2275 hospites
594 2187 714 2270 habuit,
731 2185 874 2254 volucres
890 2184 1011 2252 scilicet
1025 2185 1178 2270 quaedem
1191 2185 1295 2252 forma

123 2303 365 2390 nominibusque
391 2304 515 2388 ignotas
544 2303 704 2386 omuibus3
734 2323 753 2369 a
781 2302 894 2388 quibus
923 2321 978 2368 seu
1007 2300 1216 2368 comitabatur
1238 2321 1295 2369 seu

123 2418 311 2488 visitabatur
332 2421 507 2507 episcopus.
543 2418 629 2498 Quae
644 2439 815 2504 numquam
832 2424 991 2486 antaeum
1007 2418 1179 2502 venientes,
1202 2437 1294 2485 num-

123 2553 219 2621 quam
240 2541 315 2622 post
334 2536 552 2604 abscedentem
569 2540 778 2620 remanentes,
800 2536 902 2604 selum
918 2535 1115 2603 obveniente
1130 2536 1294 2604 turmatim

121 2653 156 2718 in
185 2651 310 2718 obviam
339 2657 542 2737 congregate,
570 2654 606 2720 in
634 2651 797 2719 arboribus
827 2651 1050 2734 consederunt,
1080 2655 1114 2718 et
1135 2652 1293 2736 quandam

122 2787 199 2835 suae
233 2767 457 2836 modulationis
484 2769 658 2836 armoniam
688 2769 928 2848 concinuerrmt3
965 2771 1144 2850 satagentes
1172 2767 1293 2835 cunctis

122 2903 192 2952 esse
220 2904 279 2972 pro
307 2885 475 2968 miraculo,
504 2885 587 2970 quod
616 2883 849 2951 irrationabiles
871 2882 1003 2950 rationis
1025 2882 1196 2950 utebantur
1218 2901 1292 2950 con·

122 2999 204 3067 silio.
245 2999 308 3067 Sed
335 3001 407 3087 pius
436 3005 542 3086 pater,
572 2998 752 3067 cantoribus
781 3000 847 3067 suis
875 3017 937 3065 nen
967 2997 1134 3066 minimum
1163 2998 1290 3084 letatus,

121 3117 288 3184 oadtatem
315 3115 535 3184 exhibentibus
557 3135 620 3183 non
644 3115 809 3203 apparuit⁶
831 3115 989 3198 ingratum
1021 3120 1054 3182 et
1076 3135 1155 3201 qnae
1176 3115 1212 3182 in
1234 3134 1292 3181 sua

121 3233 231 3300 conari
256 3232 339 3298 vidit
367 3232 531 3317 obsequia,
561 3232 732 3300 cottidiano
760 3249 856 3318 porco
886 3232 963 3298 satis
984 3231 1061 3300 tecit
1081 3251 1140 3318 pre
1162 3230 1290 3298 illorum

122 3349 288 3429 alimonia3
312 3355 344 3414 et
365 3367 460 3415 carne
481 3350 619 3436 inposita
640 3349 748 3432 scutis,
771 3347 977 3415 cottidianum
1001 3353 1162 3435 sumptum
1184 3347 1291 3434 provi-

121 3463 170 3531 dit
191 3463 367 3551 hospitibus
390 3464 466 3531 snis.
557 3464 606 3532 De
627 3464 805 3532 volucribus
828 3463 898 3530 istis
921 3463 997 3548 quid
1020 3463 1175 3548 dicemus,
1200 3462 1291 3530 dubi·

120 3586 241 3662 tamns3
264 3585 382 3664 uuum,
404 3580 540 3648 formam
562 3579 775 3668 inspicientes,
799 3577 958 3667 simplices
981 3599 1035 3646 eas
1056 3579 1198 3646 volucres
1222 3599 1290 3646 cre·

91 3719 95 3727 ⁴
120 3696 242 3780 damus,
267 3713 317 3780 an,
341 3696 494 3763 rationem
510 3695 718 3780 intendentes,
735 3695 854 3781 sliquos
870 3695 1001 3782 spiritus
1015 3695 1112 3763 fuisse
1127 3693 1289 3764 dicamus?

119 3811 202 3879 Nam
227 3813 374 3897 quoniam
398 3811 473 3878 solis
497 3812 660 3899 spiritibus
684 3811 766 3878 ratio
786 3811 879 3895 inest,
902 3812 1025 3880 ratione
1039 3813 1162 3880 utentia
1175 3811 1288 3879 melius

119 3933 227 3996 estut
249 3929 380 4016 spiritus
402 3928 577 4013 credamus,
601 3947 696 4014 quam
717 3933 763 4012 ut,
785 3927 967 3996 irrationale
988 3929 1111 3996 ratione
1132 3928 1190 4013 uti,
1213 3945 1288 3994 con·

118 4043 278 4113 mamus.
313 4043 394 4123 Quid
422 4050 526 4112 autem
549 4044 606 4110 bas
629 4044 771 4111 uolucres
793 4044 856 4110 nisi
877 4044 1000 4112 ratione
1021 4063 1095 4110 usas
1118 4063 1188 4111 esse
1209 4042 1287 4110 dici·

118 4161 210 4228 mus?
237 4161 282 4228 Et
309 4160 435 4245 quidem
462 4179 534 4226 cum
556 4160 701 4226 veniente
723 4165 877 4228 venerunt
898 4165 931 4228 et
950 4180 1023 4227 cum
1047 4159 1180 4227 abeunte
1201 4159 1286 4228 abie-

191 4325 213 4358 a.
234 4313 270 4359 est
285 4329 305 4358 c.
382 4312 406 4358 b.
428 4309 541 4371 aiquldem
556 4313 692 4370 aoeipatpre
708 4311 800 4371 quidem
817 4311 838 4358 si
854 4331 873 4360 c.
950 4325 970 4358 c.
991 4310 1109 4372 apparavit
1124 4328 1145 4358 c.

191 4408 216 4462 1.
241 4405 361 4478 maome,
379 4423 397 4461 a
413 4407 555 4477 Mogontia
572 4405 607 4460 ad
625 4405 804 4478 occidentem,
822 4405 851 4461 in
868 4403 982 4462 dextera
997 4404 1085 4462 Rheni
1102 4406 1170 4476 ripa.
