3090 4848
346 243 408 310 156
572 261 597 307 S.
616 259 790 307 somnum
812 259 857 305 ET
879 259 981 306 LULLI
1002 259 1189 305 uelsuounu
1208 259 1286 304 bbbd

272 410 324 465 745
342 403 413 468 tari.
449 401 492 466 Et
513 401 589 468 licet
609 401 784 467 retribuere
807 421 870 467 non
884 400 1055 484 valeamus,
1079 405 1184 466 tamen
1201 400 1240 466 ad
1256 400 1355 466 vicem
1370 401 1490 467 caritatis

272 483 321 530 θεῖ’
342 537 413 583 oum
435 537 551 600 magna
573 518 751 583 reverentia
773 517 946 583 direximus
963 517 1195 582 cinnamomum
1210 517 1319 582 uncias
1335 521 1365 599 4,
1388 521 1490 582 costum

341 634 450 700 uncias
474 635 511 716 4,
535 633 627 720 piper
648 632 745 699 libras
769 635 805 717 2,
829 633 1028 699 cozumbrem
1049 631 1164 698 libram
1191 636 1217 697 1.
1256 631 1358 710 Quae·
1380 637 1445 718 peto
1464 638 1492 696 ut

342 750 459 835 absque
485 750 602 816 iniuria
625 750 785 834 suscipere
806 748 956 829 iubeatis3
986 753 1018 813 et
1038 753 1075 814 ut
1096 769 1153 836 pro
1177 746 1267 814 nobis
1291 767 1380 814 orare
1401 747 1492 830 digne

341 867 430 949 mini,
455 864 633 931 omnimodo
656 865 799 950 deposco.
835 863 1026 931 Incolumem
1042 863 1273 930 sanctissimam
1287 864 1492 950 patemitntem

341 987 479 1048 vestram
503 981 611 1046 divina
633 982 981 1064 conservandam,
1006 983 1148 1046 orantem
1170 999 1229 1066 pro
1251 978 1356 1063 nobis,
1386 979 1492 1045 domiue

342 1101 374 1163 et
396 1097 517 1164 maritis
542 1097 754 1183 apostolorum
778 1097 922 1163 decorate
944 1101 1044 1183 pater.

820 1292 1033 1301 .—--——

345 1425 404 1496 54.
433 1424 615 1494 (dammulae
641 1429 793 1493 diaconus
819 1427 983 1492 Rornanus
1006 1426 1172 1510 Boap‘otr'o
1196 1427 1235 1490 de
1257 1425 1368 1490 litterae
1389 1427 1494 1511 prutina

431 1546 506 1628 apat.
544 1542 661 1629 Sperat
667 1544 755 1628 fore,
771 1557 807 1608 nt
816 1543 995 1629 postulatus
1012 1541 1047 1608 S.
1064 1539 1213 1627 Gregorii
1226 1541 1374 1627 aptatas
1385 1553 1494 1628 postero

431 1670 567 1745 tempore
590 1663 620 1724 ei
640 1663 751 1725 mitat.
793 1659 1014 1743 Suffimentum
1036 1655 1210 1744 adiungit!

1126 1771 1161 1852 (S
1181 1773 1254 1856 149,
1277 1769 1387 1856 W69‚
1410 1769 1495 1850 (359)

269 1919 322 1974 745
429 1907 565 1974 Domino
588 1907 787 1974 sanctissimo
811 1913 843 1974 et
864 1908 998 1973 nimium
1021 1905 1307 1973 desiderantissimo
1331 1911 1424 1991 atque
1438 1923 1496 1969 cum

271 1993 321 2040 ω’
340 2024 427 2089 omni
456 2022 569 2089 affectu
598 2023 739 2089 caritatis
768 2023 933 2089 recolendo
961 2024 1047 2110 patri
1073 2021 1245 2106 Bonifatio,
1275 2021 1496 2110 archiepiscopo

341 2140 522 2227 provinciae
538 2138 717 2223 Germanic,
741 2137 924 2206 Gammulus
946 2139 1094 2223 indignus
1117 2139 1267 2206 diaeonus
1284 2145 1413 2205 sanctae
1427 2134 1497 2204 sedis

342 2254 543 2342 apostolicae.

429 2369 667 2438 Venerabilibus
690 2370 907 2436 sanctissimae
929 2371 1129 2456 paternitatis
1148 2376 1272 2437 vestrae
1294 2369 1425 2456 syllabis
1441 2389 1498 2435 sus

339 2487 455 2573 captia,
484 2507 542 2573 per
564 2489 761 2572 praesentem
785 2485 928 2569 gerulum
950 2486 1152 2553 Deneardum
1175 2485 1389 2553 venerabilem
1408 2485 1498 2552 virum

340 2603 463 2685 missis,
493 2621 565 2668 cum
594 2603 679 2668 omni
707 2607 743 2667 ut
766 2602 870 2668 decuit
892 2603 1093 2669 veneratione
1116 2608 1210 2688 atque
1233 2603 1376 2669 caritatis
1400 2601 1500 2668 affectu

340 2719 516 2805 suscepisse
537 2718 663 2784 insinuo
687 2716 781 2782 simul
804 2723 836 2784 et
858 2716 1122 2801 benedictionem,
1150 2739 1245 2803 quam
1266 2718 1344 2784 mibi
1369 2717 1500 2785 misistis.

340 2834 426 2912 Quae
449 2835 533 2920 apud
556 2835 745 2920 parvitatem
769 2853 873 2900 meam
896 2854 991 2920 super
1014 2855 1125 2900 aurum
1149 2839 1180 2901 et
1203 2839 1368 2918 argentum
1386 2837 1501 2920 accepta

340 2956 399 3034 est,
423 2971 459 3016 oo
483 2950 565 3034 quod
588 2951 652 3016 mei
675 2969 846 3016 memorem
870 2969 938 3015 esse
961 2951 994 3016 in
1018 2951 1135 3018 sanctis
1158 2950 1224 3017 suis
1247 2951 1442 3020 orationibus
1463 2947 1501 3014 cl·

340 3066 461 3131 mitatis
485 3071 608 3131 vestrae
631 3084 778 3131 coronam
802 3066 942 3149 cognovi.
990 3065 1089 3144 Quem
1111 3067 1281 3133 concedere
1302 3066 1383 3133 mihi
1406 3066 1502 3132 divina

340 3182 481 3266 patiatur
509 3187 667 3264 magestas
696 3182 902 3265 incolumem,
932 3203 1026 3266 quam
1055 3182 1109 3247 diu
1138 3203 1188 3248 me
1218 3203 1356 3270 superna
1378 3183 1503 3250 voluerit

341 3297 510 3364 elementia
532 3317 712 3384 superesse3
737 3303 786 3380 ut,
810 3297 925 3363 vestris
949 3299 1047 3364 sacris
1069 3298 1351 3366 interventionibus
1374 3301 1502 3380 iuvatur,

341 3413 509 3480 exercitior
531 3413 675 3478 inveniar
689 3412 757 3479 Deo
780 3413 919 3499 propitio
943 3413 1094 3480 adversus
1117 3414 1236 3500 antiqui
1259 3415 1358 3481 hostis
1379 3413 1503 3482 insidias

340 3549 526 3615 repugnare.

430 3644 515 3710 Inter
539 3664 576 3710 ea
598 3645 782 3710 insinuastis
805 3644 892 3728 mihi,
917 3645 1001 3729 quod
1016 3645 1104 3713 vobis
1120 3646 1158 3712 de
1173 3644 1236 3711 iliis
1253 3645 1394 3731 epistolis
1411 3642 1504 3711 sancti

342 3759 485 3844 Gregorii
509 3761 715 3826 mitteremus.
752 3760 814 3828 Sed
838 3781 920 3827 nunc
943 3761 1072 3828 minime
1095 3763 1255 3849 potuimus
1273 3763 1390 3828 sanetis
1406 3769 1504 3850 pater-

340 3877 449 3942 nitatis
472 3882 595 3942 vestrae
618 3879 795 3962 praeceptis
818 3897 940 3964 parere,
965 3899 1001 3945 eo
1026 3878 1109 3963 quod
1132 3879 1226 3944 nimis
1250 3878 1393 3944 attritum
1419 3883 1505 3962 atque

314 3993 373 4074 in
407 3993 576 4077 podagrico
610 3991 741 4059 humore
776 3997 807 4059 et
840 3993 947 4060 dolore
980 3994 1148 4078 fatigatum
1182 3999 1373 4060 memoratus
1408 3999 1505 4060 vester

340 4107 496 4195 presbiter
518 4129 574 4196 per
597 4113 722 4195 tempus
744 4109 900 4193 cognovit,
924 4111 970 4177 ita
992 4115 1028 4176 ut
1049 4111 1083 4177 in
1107 4132 1142 4177 eo
1164 4131 1215 4177 me
1234 4110 1340 4178 dolore
1359 4109 1504 4176 afflictum

412 4301 434 4332 a,
456 4299 500 4346 qua
517 4291 571 4335 Mc.
649 4287 670 4333 b.
693 4305 721 4332 ιτ
737 4291 766 4333 Μ
780 4288 917 4343 tto-tto,
935 4289 1070 4336 049-50.
1094 4291 1147 4337 Sim
1162 4291 1265 4336 lemmate
1282 4291 1321 4344 tt·
1341 4289 1398 4335 item
1414 4285 1506 4348 epistol!

340 4365 453 4414 dommuli
469 4366 559 4414 meconi
575 4366 604 4413 cd
620 4370 722 4413 sanetum
738 4366 875 4414 Bonifatium
892 4369 918 4415 C.
