3164 4842
471 310 645 359 rumpunt
666 313 746 359 vrrs
769 311 941 360 amnonis
1223 293 1290 361 629

121 451 215 518 rasit.
247 451 381 537 Deinde,
403 450 547 520 Conrado
569 451 830 520 ehristimissimo
852 452 1043 540 imperatore
1064 451 1196 538 eiusque
1217 471 1291 519 eon-

120 565 196 650 iuge
210 564 298 633 Gisia
319 567 521 654 imperatrice
543 575 678 652 augusto
695 589 760 636 una
774 588 846 636 oum
862 587 970 634 eorum
985 567 1188 636 serenissima
1202 565 1291 654 prole

116 681 258 750 flamieo
286 684 380 751 tertio
404 703 480 768 rego
501 689 534 752 et
554 685 654 752 nobili
675 686 807 768 ooniuge
829 703 888 751 sua
909 682 1116 768 Goueguude·
1136 683 1291 768 invitau's,

122 798 230 866 ἀοιιιιι
253 805 286 866 et
307 805 429 887 septem
452 801 608 888 episeopis
631 800 916 884 oonlaborantibns,
940 799 1072 868 samem
1088 799 1215 867 domum
1231 797 1292 866 Dei

121 913 292 982 honorifioe
319 916 491 1000 destinarit,
520 919 636 984 veteris
659 917 790 985 eeclesia
812 917 905 984 rebus
928 915 1048 983 eunetis
1071 933 1143 982 oum
1165 915 1239 982 dote
1261 919 1294 982 et

121 1031 382 1116 oongregotioueb
409 1033 444 1100 in
472 1053 587 1099 novam
615 1033 787 1100 translatis.
878 1031 994 1099 Postea
1020 1033 1192 1100 elaustrum
1220 1049 1292 1098 eum

120 1148 296 1233 portioibus
318 1154 350 1215 et
372 1145 505 1214 offioinis
528 1149 569 1215 ari
590 1149 649 1215 hoo
670 1148 902 1236 pertinentibus
923 1149 1101 1216 oonstruxit
1121 1153 1210 1216 tauto
1224 1147 1292 1214 iere

121 1267 262 1350 sumptu,
286 1264 370 1348 qnod
392 1264 524 1332 ecelesia
545 1266 616 1351 ipsa
638 1265 766 1332 maioris
790 1285 852 1330 non
875 1269 1042 1332 constaret.
1133 1263 1170 1330 In
1193 1263 1293 1330 reteri

121 1378 264 1464 eoalesla,
287 1379 326 1446 de
349 1399 412 1464 qua
434 1368 572 1465 p'riorem
595 1381 867 1465 congregationem
883 1381 1055 1464 transtulit,
1080 1399 1138 1467 pro
1152 1379 1293 1446 remedio

121 1495 227 1562 anima
249 1515 306 1562 sua
327 1496 362 1561 in
383 1496 533 1562 honorem
555 1496 617 1564 Dei
640 1505 672 1564 et
694 1499 795 1564 sanati
818 1496 957 1580 Martini,
981 1516 1040 1563 sua
1060 1495 1219 1562 industria
1241 1515 1294 1562 ao·

121 1610 247 1696 quisitis
269 1611 398 1698 prediis,
423 1612 555 1678 alterm
578 1614 850 1697 mngregationem
873 1613 1022 1680 restitnit
1058 1611 1095 1678 ln
1109 1631 1193 1678 nova
1207 1631 1292 1696 vero,

120 1745 217 1811 quam
247 1727 316 1813 ipse
343 1729 554 1812 oonseoravit,
585 1729 739 1796 ciborium
767 1749 844 1796 auro
872 1735 905 1796 et
926 1733 1056 1812 argento
1080 1727 1240 1796 decoravit
1261 1732 1294 1793 et

121 1861 221 1929 snpra
249 1841 347 1910 altare
376 1843 479 1910 saneti
499 1842 629 1911 Martini
654 1845 804 1912 fabricari
832 1845 983 1932 prooepit
1018 1843 1181 1910 Postremo
1208 1843 1293 1910 oiroa

118 1957 268 2024 ultimum
295 1959 360 2026 site
388 1979 444 2026 sue
471 1959 567 2027 finem
594 1961 727 2027 honesta
754 1961 878 2047 pistura
906 1960 1059 2044 insignire
1086 1959 1162 2026 feeit
1190 1958 1291 2026 eidem

121 2073 216 2140 altari
238 2075 462 2142 oooidentalem
487 2097 593 2142 areum
616 2077 833 2144 inminentem.

210 2190 367 2276 Tandem,
399 2190 499 2258 feliois
528 2194 608 2259 rite·
631 2211 725 2258 oursn
753 2191 893 2279 expleto,
925 2191 1078 2274 longevus
1106 2197 1139 2258 et
1168 2191 1291 2258 diorum
1320 2203 1387 2257 1051

119 2306 234 2394 planus
257 2307 290 2374 in
314 2311 473 2374 senestute
495 2308 578 2374 bona
600 2307 792 2376 obdormivit
812 2308 846 2374 in
869 2308 1015 2374 Domino.
1050 2308 1164 2374 Amen.
1308 2275 1395 2323 [Μ

234 2699 453 2777 nonnoni
483 2699 749 2778 sorosusrs
777 2651 894 2778 vrrs
922 2696 1176 2776 arenosis.

209 2885 325 2952 Beatus
344 2886 466 2953 Bardo*
479 2921 520 2932 —
538 2887 592 2972 qui
615 2892 647 2954 et
668 2883 742 2953 bor¹
766 2889 822 2952 cleo
843 2885 878 2952 id
901 2889 949 2952 est
965 2883 1075 2970 ,lilius
1098 2881 1174 2950 dei“
1192 2883 1288 2950 inter·

118 3002 240 3088 pretari
267 3007 373 3088 potest
395 3041 436 3052 -
461 3021 501 3068 ex
531 3012 600 3068 ...·
631 3003 747 3089 oppido
776 3000 980 3084 Germaniae,
1010 2998 1146 3066 seeundo
1176 2997 1290 3066 Ottons
1308 3005 1450 3060 973-983

118 3115 294 3184 Romanam
318 3118 532 3186 monarohiam
556 3118 818 3202 amministrante,
841 3116 932 3184 boun
954 3137 994 3184 ex
1009 3115 1193 3202 perentibus
1209 3115 1290 3200 opti·

119 3253 191 3299 mus
219 3239 313 3300 natus
341 3240 390 3301 eet
416 3233 510 3300 iilius.
546 3232 642 3300 Cuius
672 3239 763 3320 pater
784 3232 960 3316 Adelbero,
990 3237 1093 3300 meter
1121 3251 1196 3300 vero
1217 3279 1228 3298 „
1241 3279 1249 3296 .
1263 3239 1290 3296 .·

119 3355 257 3434 quantae
280 3351 456 3417 sanctitatis
478 3350 612 3433 tuerint,
640 3348 758 3434 absque
780 3368 849 3416 meo
871 3348 979 3416 labore
1001 3349 1172 3434 loquuntur
1193 3347 1291 3414 mira·

119 3463 206 3549 bilia,
230 3485 310 3551 quae
334 3465 374 3532 ad
395 3485 503 3532 eorum
519 3463 686 3552 sepulohra
699 3463 781 3531 finnt
794 3465 1026 3532 inenarrabilia
1062 3463 1163 3547 Igitur
1176 3463 1290 3530 fratres

119 3581 188 3648 eins
210 3581 319 3649 Heliso
336 3617 378 3628 -
395 3581 652 3649 barbarismalo'oe
676 3599 750 3647 vero
773 3580 813 3647 ab
836 3599 873 3647 eo
896 3581 980 3666 quod
995 3579 1150 3666 Helyseus
1173 3584 1232 3662 est,
1255 3584 1291 3646 ut

118 3697 286 3783 oredimus,
314 3702 469 3764 mutatum
487 3733 528 3744 -
545 3701 577 3764 et
597 3695 787 3779 Harderath,
810 3697 975 3781 omnisque
997 3697 1054 3763 illa
1075 3697 1235 3783 prosapia,
1258 3698 1292 3760 et

117 3817 153 3881 in
181 3813 334 3882 satholioa
360 3811 422 3880 fide
449 3813 672 3899 probatissima
695 3817 727 3878 et
749 3832 861 3898 expers
886 3812 989 3878 omnis
1012 3811 1199 3899 suspitionis
1222 3830 1290 3876 ma·

117 3927 200 4014 aula
222 3933 330 3996 tantas
353 3929 480 3996 virtutis
501 3928 610 3995 habita
632 3934 689 4012 est,
713 3933 758 4011 ut,
781 3927 944 4013 sialiquid
958 3929 1068 4012 generi
1083 3928 1202 4010 demas,
1225 3927 1289 3992 eir·

117 4044 238 4112 tutibus
261 4044 368 4111 addas.
403 4043 513 4111 Fortes
536 4044 570 4111 in
594 4045 700 4128 armis,
723 4045 758 4110 in
779 4043 841 4110 lide
862 4045 1016 4131 precipui,
1041 4043 1124 4130 quod
1145 4043 1213 4126 regi
1235 4042 1289 4108 de·

191 4201 211 4234 a.
232 4185 355 4246 (longando
371 4203 391 4231 c.
462 4183 484 4232 b.
507 4185 669 4243 conpressione
686 4203 705 4230 c.
781 4198 801 4231 e.
822 4185 867 4231 line
883 4203 903 4232 c.
974 4186 996 4232 d.
1018 4188 1040 4232 ι’»
1057 4185 1290 4232 committerentur·

116 4261 176 4313 ΒΕΔ
184 4299 191 4313 .
200 4300 207 4312 .
216 4300 238 4314 ..
264 4267 291 4313 V.
303 4269 422 4329 imaginem
434 4265 498 4312 lotoe
508 4267 557 4311 loci
566 4283 581 4311 o
594 4263 769 4312 Warrenlaclro
779 4269 870 4322 factam
881 4263 956 4321 (Mors.
966 4267 1038 4312 Germ.
1048 4267 1091 4314 SS.
1102 4267 1141 4312 11
1150 4265 1183 4311 ad
1192 4282 1217 4324 p.
1227 4261 1288 4321 162).

117 4359 139 4393 t.
159 4347 244 4393 laam
260 4363 304 4392 non
320 4356 353 4392 ul
368 4348 391 4392 in
407 4345 460 4393 cod.

190 4441 215 4495 1.
239 4439 367 4496 Hebraea
382 4456 437 4497 vox
457 4438 548 4511 ,bar“
568 4444 649 4496 sonat
665 4439 758 4496 tilium.

160 4535 241 4588 oms.
257 4539 401 4585 somnes·
416 4541 455 4586 ιιι.
1039 4536 1075 4591 34
