3176 4846
523 313 604 360 vlus
627 311 821 360 sunnam
841 313 868 360 11

224 452 313 518 euius
334 453 419 519 faeta
439 453 534 520 nimis
556 453 717 522 distabant
738 453 852 521 ultima
873 453 995 540 primis.

223 567 305 636 Nam
328 569 390 636 sihi
412 568 568 658 prelatum
590 590 648 656 per
670 572 720 638 ins
742 570 793 638 vel
815 567 1031 656 pontideatum

140 703 199 749 nse
222 685 304 752 dixit
325 706 388 752 nnn
411 704 490 770 eque
513 685 588 754 dere
609 687 660 754 rel
682 687 849 774 disponere
872 705 1027 772 quaequ03

222 803 320 869 imme
343 801 471 869 detenta
493 804 634 888 queritur
655 803 818 870 monachis
841 802 1000 870 elimenta

222 917 387 1004 Raptaque
408 923 565 1002 causatur,
588 939 646 1005 per
669 939 749 1005 quse
771 938 830 986 nee
851 918 953 986 elerus
977 917 1080 984 alatur

223 1053 281 1102 net
302 1033 475 1116 cenobitae,
497 1033 610 1119 quihus
633 1041 682 1102 est
704 1033 866 1104 conversio
889 1034 984 1120 vitae,
1091 1047 1094 1054 '

222 1150 319 1214 immo
342 1149 536 1216 tirannorum
561 1149 628 1217 nati
652 1148 788 1217 vitibus¹
810 1150 1045 1234 monachorum,

140 1285 200 1332 nse
222 1265 384 1332 ordinibus
407 1265 512 1332 densis
536 1265 652 1333 dociles
676 1267 823 1334 assistere
845 1266 963 1332 mensis

223 1381 358 1468 presulis
381 1382 465 1466 elati,
488 1383 596 1466 fruges
618 1402 801 1450 eonsumere
823 1377 917 1450 nati'.

221 1493 359 1564 Nuntiat
381 1517 471 1582 erge:
495 1497 584 1584 sequi
606 1515 739 1566 sensura
756 1497 872 1565 'inditis
895 1499 967 1583 eqni

223 1633 282 1700 pre
304 1632 386 1702 pene
409 1619 553 1698 mertem,
576 1614 639 1681 nisi
661 1615 799 1698 corrigat
821 1613 902 1681 hene
923 1613 986 1682 etto
1009 1609 1153 1681 sortem'.

266 1729 324 1796 His
346 1729 436 1817 plebs
459 1731 616 1817 perceptis
638 1751 706 1798 rern
729 1729 834 1798 verbis
857 1731 947 1796 auxit
967 1729 1099 1817 in‘e'ptis3

135 1843 200 1911 int
222 1851 254 1912 et
276 1846 359 1938 qued
381 1845 474 1913 horne
497 1847 592 1931 fatur,
615 1846 701 1913 mela
723 1845 798 1912 dum
821 1849 954 1913 ventura
975 1845 1124 1930 minetur,

223 1981 283 2028 vox
307 1963 382 2048 quia
404 1961 546 2030 eoelestis
568 1963 660 2047 feret,
684 1968 733 2030 est
753 1961 843 2048 plehs
866 1959 988 2048 perfida
1007 1963 1113 2045 testis3

223 2077 437 2164 invidiamque
460 2077 541 2145 hene
565 2076 679 2145 eonfiat
699 2075 835 2144 verbosa
855 2083 999 2164 patrono,

222 2194 266 2261 sit
287 2195 377 2278 quasi
400 2193 600 2280 dampnatus,
624 2193 675 2259 eui
690 2194 739 2260 'sit
760 2192 847 2261 Deus
869 2194 932 2260 ista
954 2191 1102 2260 minatus.

222 2309 309 2388 Quod
333 2311 491 2394 quianon
515 2309 634 2392 sitite,
657 2315 747 2395 patet
769 2309 868 2397 ipsius
890 2310 993 2376 indice
1015 2310 1082 2376 vita

137 2445 197 2492 nse
220 2425 398 2510 indieieqne
420 2422 480 2491 Dei
503 2429 601 2511 patet,
625 2430 674 2492 est
696 2425 749 2512 qni
771 2426 841 2492 fens
863 2425 984 2511 requiei

222 2541 325 2623 dives3
348 2541 467 2607 hahens
488 2545 613 2608 vetum:
637 2541 723 2608 coele
747 2561 844 2626 genus
869 2541 1118 2627 autoretatem,

221 2659 255 2726 iu
278 2678 312 2725 se
335 2657 419 2743 quod
440 2657 551 2742 eredit,
574 2664 732 2745 operatur,
756 2665 873 2745 sperat
897 2657 1012 2726 obedit.

265 2773 393 2858 lamque
415 2773 620 2861 sepulchralis
642 2773 742 2842 honor
765 2779 797 2840 et
817 2775 908 2842 farer
930 2773 1102 2859 exequialis

221 2889 315 2957 desiit
337 2887 491 2974 athetus,
514 2891 677 2974 tenuitque
700 2889 827 2956 silentia
849 2893 945 2956 estus.

136 3025 197 3072 1140
220 3006 361 3093 Cumque
383 3007 461 3073 satis
485 3003 618 3094 planxit,
641 3005 702 3072 sihi
726 3025 818 3090 quern
842 3026 899 3093 pre
921 3005 1047 3094 presule
1070 3003 1186 3090 sanxit,

221 3123 310 3206 ehgit
330 3122 486 3206 heredem,
512 3122 564 3188 eui
587 3121 642 3188 dat
663 3121 830 3206 Megareia
851 3121 958 3190 sedern

221 3238 372 3305 aeclesiae
396 3243 539 3319 sanete03
562 3237 646 3304 clero
668 3257 740 3304 curn
762 3238 854 3326 plebe
875 3235 1047 3325 probante:

220 3353 405 3422 Marcellum
427 3355 495 3422 inre
516 3353 575 3422 tali
597 3355 762 3422 sueeedere
784 3375 888 3440 eures,

220 3491 277 3557 per
300 3491 398 3554 genus
421 3476 453 3538 et
474 3490 577 3538 mores
600 3470 657 3536 hos
680 3469 734 3556 qni
756 3471 924 3538 meruisset
945 3471 1079 3538 honores

134 3605 195 3653 nse
218 3587 349 3653 coelitus
373 3587 523 3673 scalpere,
547 3585 715 3654 cathedrae
737 3586 787 3652 vel
808 3587 879 3653 lura
901 3592 1018 3654 tenere.

219 3702 287 3770 llee
310 3703 405 3788 igitur
427 3707 520 3790 pecte
544 3703 779 3790 conspirantem
802 3723 895 3788 grege
917 3703 1011 3788 laem,

219 3819 326 3907 presul
348 3825 384 3886 nt
406 3819 543 3904 eligitur,
565 3823 718 3904 sacratur,
741 3818 859 3887 honere
880 3820 1011 3906 potitur.

179 3971 204 4023 1.
227 3967 296 4023 viee.
385 3969 410 4024 2.
435 3967 499 4024 Her.
515 3967 603 4038 Epist.
616 3965 638 4023 1.
651 3967 676 4038 2,
689 3967 732 4023 27.
822 3969 847 4023 3.
872 3965 986 4039 Propter
1004 3967 1074 4023 hane
1091 3961 1273 4023 narrationem

102 4073 148 4128 ea,
168 4073 238 4127 quas
257 4073 340 4127 supra
357 4075 384 4128 p.
397 4057 450 4112 405
468 4057 574 4127 legitur,
593 4055 726 4112 Ruthardl
742 4054 850 4112 abbatis
862 4055 1061 4113 Eherbaeensis
1073 4055 1189 4126 epistola
1201 4071 1219 4110 a
1230 4067 1274 4111 nne

102 4163 161 4202 non
180 4145 215 4201 ad
228 4145 401 4210 Atrnoldum)
421 4146 470 4200 sed
488 4145 523 4200 ad
535 4145 736 4212 A(dnlhertum)
748 4145 775 4200 ll
793 4147 879 4201 relata
896 4149 978 4215 esset,
997 4145 1049 4201 nisi
1062 4143 1133 4200 infra
1145 4143 1273 4200 Christia-

101 4251 158 4292 nus
183 4235 210 4290 in
234 4233 360 4290 chronico
385 4233 494 4288 definite
517 4235 672 4304 scripsisset
693 4233 745 4290 sie:
772 4235 859 4306 „Erat
876 4233 985 4304 qnidam
1005 4233 1091 4288 ahhss
1108 4233 1137 4288 in
1154 4235 1273 4290 elaustro

100 4323 286 4380 Eberbaeh
307 4355 339 4364 —
358 4325 404 4395 qui
422 4324 512 4394 ipsum
536 4321 722 4379 Arnoldum
746 4338 796 4393 pre
819 4324 876 4378 suis
900 4317 1057 4379 exeaeslhus
1075 4337 1158 4394 saepe
1175 4323 1272 4379 litteris

99 4414 197 4484 arguit
214 4419 243 4468 et
259 4412 429 4468 imminentis
444 4411 565 4484 perieulis
581 4411 747 4468 intimavit“.

563 4547 808 4576 *-
