3176 4846
324 297 390 362 622
526 315 605 362 vrrs
629 314 782 363 snsounr
805 313 1066 362 neonmarsooru
1086 313 1282 363 nouusrnu

156 461 314 518 naa-1160
323 456 384 522 biis
412 457 525 523 mediis
549 455 734 541 quibusdam
757 457 868 540 signa·
891 475 960 522 essa
983 455 1022 521 ad
1045 460 1212 541 ulnamque
1227 456 1387 542 probatur.
1420 453 1485 520 lla·

323 591 402 655 gnus
425 571 582 656 ingeniol,
605 573 767 639 inmensus
789 573 823 639 in
846 571 987 653 consilio,
1010 571 1113 637 audax
1136 578 1205 638 erat
1226 573 1344 652 anim03
1373 575 1484 654 castus,

321 685 471 771 liberalis,
495 689 708 774 virtutumque
731 689 871 754 omnium
894 686 1048 754 emulator
1070 687 1269 772 magnificum
1293 687 1486 772 multumque

322 803 509 889 eloquentie,
533 803 728 889 multumque
751 805 905 890 sapientie
927 804 975 870 ei·
997 805 1109 870 inerat

410 918 535 998 Quanta
557 939 630 985 vero
653 920 738 986 lucta
756 919 795 987 de
810 919 992 1004 Magantine
1009 920 1136 986 ecclesie
1151 919 1316 986 nobilitate
1330 919 1485 1002 censue,

321 1055 361 1103 ne
383 1037 559 1122 cuiuspiam
583 1035 678 1102 vieini
701 1037 868 1122 peregrina
891 1035 1036 1103 diffinitio
1054 1035 1121 1102 eius
1137 1036 1325 1120 libertatem,
1348 1035 1488 1121 quelibet

322 1156 477 1238 potestate
510 1157 630 1235 nacta·,
665 1152 868 1237 deprimeret,
901 1152 989 1219 nulla
1016 1152 1109 1220 debet
1136 1153 1288 1239 temporis
1316 1151 1487 1218 oblivione‘

234 1274 303 1328 1156
321 1267 428 1334 deleri.
517 1266 676 1352 Namque,
706 1287 776 1333 oum
800 1267 1001 1335 Treverensis
1030 1264 1300 1355 archiepiscopus¹
1321 1268 1487 1351 legationis

322 1401 384 1468 qua
404 1383 593 1467 fungebatur
614 1387 803 1469 potestatem
824 1384 863 1449 ad
879 1384 1047 1450 Germanis
1065 1403 1173 1450 omnes
1189 1384 1335 1450 ecclesias
1350 1384 1486 1468 quadam

320 1499 536 1566 iurisdictione
564 1499 758 1582 intenderet,
789 1500 961 1583 cogitabat:
992 1501 1126 1586 qualiter
1153 1500 1255 1587 ipsam
1285 1519 1304 1566 a
1331 1521 1365 1566 se
1392 1506 1426 1566 et
1448 1499 1486 1566 ab

321 1615 465 1683 omnibus
494 1615 542 1681 sui
567 1615 863 1701 metropolitanatus
885 1615 1058 1703 depelleret
1077 1615 1201 1683 finibus.
1234 1615 1278 1682 Et
1300 1617 1375 1700 quia
1396 1635 1486 1682 mous

320 1731 527 1818 Appenninus
557 1751 596 1798 ex
625 1751 663 1797 ea
689 1732 784 1815 laoie,
817 1752 879 1815 qua
906 1732 1028 1798 ltaliam
1058 1739 1218 1817 totamque
1246 1729 1410 1815 Liguriam
1437 1751 1486 1798 re-

321 1848 430 1934 spicit,
459 1849 580 1913 nomini
603 1846 794 1914 Theutonioo
819 1847 985 1914 admodum
1010 1854 1078 1915 eret
1099 1848 1248 1928 infestus3
1278 1854 1310 1914 et
1331 1848 1485 1914 montium

320 1963 428 2031 abdita
449 1963 633 2048 viarumque
656 1961 792 2047 Liguras
814 1963 1002 2031 observabat
1024 1970 1170 2049 augusta3
1200 1970 1232 2030 et
1254 1964 1294 2030 ad
1316 1964 1376 2031 boo
1398 1983 1484 2030 aeae

320 2079 423 2163 debat,
450 2079 534 2164 quod
556 2080 686 2147 bruma‘
705 2080 812 2163 rigens
835 2081 941 2146 omnia
962 2081 1093 2167 Alpium
1115 2081 1225 2166 peruia
1247 2079 1410 2166 squalente
1434 2099 1483 2146 ve-

320 2197 450 2262 stiverat
472 2194 604 2278 glacie⁵3
628 2196 771 2262 nivosum
787 2197 869 2263 lovis
887 2179 1140 2281 montanamque¹
1151 2197 1320 2262 transitum
1340 2197 1483 2283 providei

321 2311 460 2397 arripere
482 2313 617 2377 rennuit.
654 2311 772 2377 Statuit
793 2313 899 2395 igitur,
924 2315 998 2398 quia
1020 2312 1071 2379 idn
1090 2313 1146 2378 tali
1169 2313 1293 2396 negotio
1316 2332 1379 2378 non
1403 2318 1485 2379 esset

321 2427 536 2510 differendum,
560 2425 623 2492 alia
645 2447 702 2513 per
723 2427 807 2494 orbis
831 2428 959 2495 climata
981 2430 1085 2495 sedem
1109 2428 1282 2494 Romanam
1304 2435 1423 2514 petere.

176 2557 303 2616 srmspr.
409 2541 656 2609 Prudentissimo
679 2543 787 2628 itaquo
808 2544 1026 2630 frequentique
1048 2544 1130 2612 clero
1154 2545 1334 2628 comitatus,
1362 2545 1484 2627 magnis

321 2658 544 2726 commeatibus
572 2658 743 2745 multisque
773 2661 964 2747 sumptibus,
992 2662 1166 2746 peragratis
1189 2660 1373 2727 Theutonioi
1395 2661 1485 2744 regni

319 2775 451 2858 linibus,
479 2775 520 2840 ad
542 2775 806 2842 mediterraneum
829 2797 916 2843 mare
940 2777 1134 2862 perveniunt.
1224 2775 1300 2860 Ubi,
1330 2778 1405 2861 quia
1427 2777 1484 2844 sub

319 2911 382 2959 uno
410 2892 529 2975 remige
556 2897 686 2978 propter
714 2893 946 2959 multitudinem
975 2913 1027 2959 eos
1052 2891 1157 2977 aliqua
1179 2895 1267 2959 naris
1289 2913 1352 2959 uon
1376 2894 1486 2978 quibat

249 3028 303 3087 apr.
319 3007 475 3095 resipere,
505 3008 613 3075 multis
638 3007 777 3075 collectis
799 3008 946 3092 nauibus,
975 3008 1131 3095 parabant
1153 3007 1306 3074 Venatum
1330 3009 1485 3094 attingere

319 3124 474 3211 portum'3
503 3125 700 3207 estimantes,
730 3131 873 3190 conserto
896 3125 1037 3210 navigio,
1061 3124 1144 3190 datis
1166 3124 1244 3191 velis
1268 3125 1377 3209 borae,
1402 3125 1484 3210 quod

317 3249 448 3328 possent
470 3241 564 3306 simul
585 3241 743 3323 navigare.
778 3239 853 3306 Mox
876 3245 996 3324 antem,
1019 3245 1206 3326 tempestate
1230 3245 1354 3323 exorta,
1378 3242 1485 3328 elapso

319 3357 531 3442 dissolutaque
560 3362 633 3421 runt
660 3357 707 3422 ita
729 3356 768 3424 ab
791 3357 925 3423 invicem
948 3356 1058 3442 presul
1080 3375 1193 3442 nares,
1223 3357 1305 3442 quod
1327 3355 1417 3423 nulla
1439 3356 1484 3422 al·

318 3473 416 3540 terion
438 3477 561 3538 teneret
582 3472 748 3555 vestigium
771 3493 829 3540 nec
849 3493 930 3540 uuus
953 3473 1049 3539 alium
1073 3491 1200 3540 eernere
1221 3479 1337 3559 posset
1421 3473 1485 3540 De-

319 3589 367 3655 dit
388 3609 422 3655 se
443 3590 549 3673 itaque
571 3588 759 3655 venerabilis
782 3589 1033 3677 archiepiscopus
1049 3587 1251 3673 Magantinus
1266 3608 1323 3675 pro
1337 3588 1484 3656 libertate

319 3705 448 3773 ecclesie
471 3724 526 3771 sue
547 3707 666 3791 ventis,
690 3705 822 3772 credidit
844 3727 878 3772 se
900 3705 1055 3792 procellis.
1090 3705 1161 3771 Non
1183 3706 1269 3772 mine
1291 3706 1398 3791 ponti,
1420 3725 1484 3771 non

318 3822 421 3889 rabies
442 3819 566 3907 fluctus,
589 3843 652 3889 non
675 3821 829 3906 Caribdis,
851 3841 915 3887 non
938 3821 1071 3906 denique
1092 3820 1186 3888 Sirbis
1208 3821 1273 3887 nlla
1295 3821 1334 3888 ab
1357 3822 1484 3907 incepto

319 3939 484 4020 deterruit3
508 3959 572 4006 non
593 3939 760 4026 peregrina
781 3938 908 4026 puppis,
931 3958 994 4004 non
1008 3937 1112 4004 invisa
1124 3936 1242 4028 littqra,
1265 3957 1329 4003 nou
1343 3937 1484 4004 locorum

390 4096 410 4129 a.
426 4083 492 4140 signa
506 4084 589 4140 scripsi
600 4099 643 4141 pro
659 4082 730 4140 signis
747 4084 769 4137 1,
781 4083 803 4127 b.
865 4081 888 4127 b.
904 4081 927 4127 ln
942 4081 1033 4139 ingenio
1049 4083 1072 4137 1,
1083 4081 1105 4126 l.
1167 4093 1187 4128 a.
1203 4081 1225 4126 ai
1241 4081 1332 4126 addidi.
1395 4079 1419 4126 d.
1435 4093 1483 4127 uar-

317 4165 376 4211 tarit
390 4165 412 4210 l.
482 4177 502 4210 e.
521 4161 619 4209 nauticis
634 4163 660 4220 1,
680 4161 776 4208 mumma
791 4163 813 4208 l.
883 4162 899 4208 l.
921 4161 1029 4208 oblivioni
1045 4163 1067 4208 1.
1139 4173 1160 4219 g.
1179 4160 1261 4207 bruiua
1276 4162 1298 4207 1.
1370 4159 1395 4206 ln
1416 4173 1483 4220 aqua·

318 4244 402 4290 lentona
416 4265 440 4276 ·-
453 4241 524 4302 glaeie
541 4245 563 4289 1.
634 4243 650 4289 ’a
670 4243 765 4302 prouida
780 4243 865 4301 scripsi
876 4257 919 4300 pro
934 4240 1028 4302 perinde
1046 4245 1067 4299 1,
1083 4243 1105 4288 l.
1175 4239 1197 4288 k.
1218 4241 1242 4288 in
1258 4242 1281 4296 1,
1297 4241 1320 4288 2.
1390 4240 1406 4286 l.
1427 4253 1482 4300 pou·

318 4325 367 4369 tum
383 4325 405 4369 2.

391 4418 416 4471 1.
439 4417 562 4472 Hsslinus.
590 4414 630 4471 Cf.
649 4415 736 4484 Epist.
754 4415 876 4486 blogunt.
895 4417 930 4473 54
947 4433 1030 4488 supra
1046 4433 1073 4488 p.
1085 4416 1147 4472 402.

15 4659 140 4834 *Α
