3090 4848
279 245 323 310 90
533 261 560 309 e.
577 261 753 310 uonmnrn
774 263 818 308 nr
841 261 942 308 uuum
965 260 1152 308 nrrsronnu
1170 261 1199 306 m

187 409 239 463 726
280 400 396 469 suffieit
413 403 618 490 respondere,
642 403 726 488 qnod
747 403 857 470 beatos
881 401 1042 488 spostolus
1065 400 1182 468 Paulus
1206 400 1298 468 dieii:
1323 401 1451 488 Siquis

185 483 263 528 m
280 522 410 601 dume,
442 524 521 606 quio
547 521 605 586 loo
627 519 866 586 immolaticium
888 533 948 599 ost,
977 519 1073 584 nolite
1102 520 1190 584 edere
1210 531 1345 606 propter
1368 541 1450 598 oum,

280 639 338 722 qui
358 638 525 716 iudicavit,
551 648 580 702 ot
600 649 731 722 propter
754 637 974 701 conscientiam
983 629 1000 699 ¹.

163 481 184 528 tl

367 746 547 818 Addidisti²
570 749 686 835 adhue,
715 750 827 836 quodsi
856 755 947 836 pater
970 749 1021 816 vel
1043 754 1145 816 meter
1167 748 1268 815 filium
1291 747 1452 835 liliumque

277 869 363 933 intre
385 871 477 953 septe
497 867 682 933 monasterii
705 867 739 933 in
761 865 914 932 infantiae
929 866 1020 932 aunis
1035 865 1094 933 sub
1110 865 1246 949 regulari
1261 865 1453 932 tradiderint

277 983 491 1069 disciplinas,
520 987 627 1050 utrum
654 983 749 1048 boeet
776 982 838 1066 eis,
866 986 1035 1068 postquem
1064 981 1240 1068 pubertatis
1263 980 1452 1048 inoleverint

279 1096 407 1182 annosi,
436 1099 544 1182 egredi
567 1105 599 1164 et
627 1097 828 1165 matrimonio
857 1095 1030 1184 copulares
1077 1097 1146 1164 Hoe
1174 1097 1300 1164 omnino
1329 1095 1450 1164 devita·

277 1233 358 1279 mus.
405 1213 485 1291 Quis
507 1213 596 1280 nefas
619 1219 681 1298 est,
708 1218 745 1280 ut
766 1213 879 1280 oblatis
902 1212 1127 1299 aparentibus
1150 1211 1218 1279 Deo
1239 1211 1313 1279 filiis
1336 1213 1450 1301 volup-

278 1330 354 1395 tetis
377 1329 467 1396 irena
489 1330 646 1397 laxentur.

367 1445 536 1513 Enimvero
549 1445 701 1532 quosdam
717 1445 894 1532 baptizatos
910 1443 1027 1528 absque
1041 1443 1288 1527 interrogatione
1303 1442 1450 1510 simbuli‘

279 1563 318 1630 ab
355 1561 505 1629 adulteris
542 1567 574 1629 et
606 1561 762 1646 indignis·
791 1560 977 1647 presbiteris
1005 1559 1110 1626 fessus
1142 1559 1198 1625 es‘.
1252 1559 1288 1626 In
1316 1560 1366 1626 his
1394 1566 1452 1626 tna

278 1677 405 1745 dileetio
434 1683 542 1746 teneat
570 1679 734 1763 antiquum
763 1695 883 1744 morem
913 1676 1097 1744 aeoolesiee:
1127 1676 1216 1763 quis,
1247 1676 1388 1762 quisquis
1416 1677 1451 1742 in

277 1795 405 1860 nomine
422 1793 526 1861 Petris
550 1800 583 1861 et
596 1793 670 1861 Filii
693 1799 725 1860 et
740 1793 878 1881 Spiritus
901 1794 1001 1860 senoti
1024 1792 1203 1879 baptizatus
1228 1797 1286 1877 est,
1309 1791 1450 1878 rebapti-

278 1911 344 1976 zari
373 1910 469 1977 lieeot
494 1911 634 1978 minime.
680 1909 753 1976 Non
775 1909 860 1976 onim
882 1910 916 1975 in
938 1909 1066 1976 nomine
1089 1908 1302 1995 baptizentis,
1331 1908 1387 1975 sed
1415 1908 1451 1974 in

275 2027 404 2094 nomine
428 2027 593 2093 Trinitatis
622 2027 715 2093 buius
738 2028 859 2110 gratim
882 2027 1000 2092 donum
1021 2025 1173 2112 percepit.
1219 2025 1262 2092 Et
1290 2028 1449 2109 tenestem,

276 2142 360 2228 quod
383 2141 544 2228 spostolus
567 2141 658 2210 dicit:
695 2143 781 2210 Usum
803 2144 909 2225 Deus,
939 2167 1005 2208 uuo
1019 2143 1118 2226 fides,
1143 2164 1242 2208 unum
1264 2136 1448 2229 doptbma'.

277 2257 465 2325 Dootrinsm
480 2279 555 2325 vero
571 2259 749 2346 spiritalem
763 2259 880 2326 talibus
896 2258 1067 2326 studiosius
1082 2263 1119 2324 ut
1133 2258 1296 2344 impertias,
1320 2257 1451 2325 demun·

277 2374 399 2441 demus.

366 2489 428 2557 Pro
450 2487 612 2576 pervulis‘
633 2511 720 2574 vero,
745 2492 800 2577 qni
823 2488 1047 2577 aparentibus
1070 2488 1223 2555 snbtrmti
1246 2493 1385 2573 suntet,
1408 2509 1451 2555 un

278 2606 432 2692 baptizati
454 2605 519 2672 sint
540 2606 591 2672 vel
612 2627 686 2692 non,
710 2607 867 2691 ignorent,
890 2606 947 2672 bos
970 2610 1007 2672 ut
1028 2606 1191 2692 baptizare
1207 2603 1322 2672 debess
1337 2625 1450 2672 seeun-

277 2721 353 2788 dum
376 2726 503 2808 petrum
520 2723 734 2807 traditionem,
758 2722 786 2788 si
800 2741 864 2789 non
878 2721 975 2788 fuerit
990 2721 1044 2806 qni
1059 2720 1216 2806 testilieet,
1238 2721 1320 2788 rstio
1335 2722 1449 2807 posuit

366 2836 515 2925 Leprosis
539 2843 661 2922 entem,
684 2839 712 2904 si
734 2836 841 2905 fideles
865 2837 1029 2904 christiani
1050 2837 1183 2922 fuerint,
1208 2837 1357 2904 dominioi
1379 2855 1449 2903 eor-

277 2954 363 3041 poris
387 2959 419 3022 et
441 2955 603 3038 sanguinis
625 2955 829 3041 participatio
852 2953 1023 3035 tribuetur3
1048 2973 1120 3020 enm
1143 2952 1228 3020 senis
1251 2956 1358 3020 eutem
1374 2971 1450 3020 eon·

276 3071 362 3138 vivia
383 3070 541 3138 celebrere
564 3073 727 3154 negentur.

366 3186 520 3253 Adieoisti
548 3187 661 3270 etiam,
692 3185 804 3270 quodsi
831 3185 962 3272 pestifer
984 3183 1112 3251 morbus
1137 3190 1192 3252 aut
1215 3183 1391 3252 mortalius
1414 3187 1450 3252 in

277 3302 429 3370 aeeclesia
452 3302 501 3368 vel
523 3303 723 3368 monasteriis
746 3301 926 3388 inrepserit,
950 3321 1028 3387 qnos
1050 3299 1184 3368 noedum
1207 3301 1321 3385 tetigit,
1345 3300 1450 3368 eloeo

275 3419 408 3503 fugient,
436 3418 590 3484 evitantes
613 3418 797 3505 perieulum.
833 3417 932 3484 Valde
955 3419 1076 3483 fatuum
1096 3416 1156 3484 hoe
1176 3417 1341 3484 iudieatur.
1376 3416 1450 3484 Non

277 3536 361 3601 enim
385 3533 487 3600 valet⁸
510 3534 676 3620 qnisquam
699 3534 760 3601 Dei
783 3533 919 3617 effugere
942 3529 1081 3599 manus⁶.

365 3649 402 3716 ln
424 3649 537 3716 tinem¹1
561 3650 694 3737 epistole
716 3649 905 3734 continebat,
929 3648 1012 3734 quod
1035 3652 1110 3714 sunt
1132 3647 1260 3733 quidem
1280 3648 1452 3734 presbiteri

277 3785 334 3833 seu
356 3765 496 3853 episcopi
518 3765 552 3832 in
580 3766 688 3833 multis
719 3767 804 3833 vitiis
834 3765 973 3849 inretiti,
1004 3785 1137 3850 qnorum
1165 3763 1286 3830 vitain
1311 3764 1451 3851 seipsis

349 3929 370 3962 ι.
394 3933 451 3963 corr.
472 3920 495 3963 s'n
516 3917 638 3978 disciplina
658 3920 683 3965 C.
776 3917 799 3962 b.
824 3933 880 3962 corr.
897 3919 920 3963 iro
941 3915 994 3962 mni
1017 3917 1043 3962 C.
1137 3927 1157 3961 u.
1181 3933 1238 3962 corr.
1254 3917 1277 3961 iu
1299 3914 1401 3975 copulari
1423 3919 1451 3964 C.

277 3997 299 4045 d.
321 3997 411 4044 simboli
428 4001 453 4045 c.
518 4011 537 4044 e.
558 3997 807 4055 etindignisom.ll1.
870 3995 886 4042 t.
907 3999 927 4040 ÷
944 3999 979 4042 M.
1041 4008 1063 4054 g.
1084 3995 1145 4042 velot
1160 4011 1202 4042 om.
1220 3999 1254 4042 M.
1316 3993 1340 4042 b.
1358 3995 1405 4043 lino
1423 3999 1452 4046 c.

347 4102 372 4156 1.
391 4101 426 4157 V.
447 4101 461 4154 1
476 4099 596 4156 Corinth.
610 4102 652 4172 10,
665 4102 708 4156 28.
781 4103 806 4155 2.
828 4099 1040 4170 ,Addidistis-
1053 4098 1194 4154 laxentur“
1208 4099 1312 4155 suntin
1324 4097 1453 4156 Gratiani

276 4189 356 4246 Deer.
375 4189 629 4260 P.110.2oqu.1
648 4191 747 4245 oeni.
828 4189 853 4244 3.
878 4187 979 4257 Ephes.
991 4188 1017 4258 4,
1031 4188 1057 4242 5.
1133 4190 1159 4242 4.
1180 4189 1335 4258 ,Parvulos
1354 4189 1401 4258 qui
1415 4219 1452 4229 -

276 4277 386 4348 posoit“
406 4277 539 4348 Gregorio
556 4279 596 4334 ΙΙΙ
618 4277 750 4333 attribute
772 4281 837 4332 sunt
858 4278 886 4332 in
910 4276 1034 4333 Gratiani
1057 4277 1138 4332 Deor.
1156 4277 1187 4332 P.
1199 4277 1240 4332 111
1261 4277 1304 4332 De
1325 4291 1451 4333 oonseor.

277 4367 342 4423 D.4
360 4383 420 4422 een.
435 4368 494 4422 110.
584 4368 610 4422 5.
634 4365 676 4424 ef.
695 4366 759 4437 Sap.
775 4367 816 4436 16,
831 4366 872 4422 15.
