3110 4844
269 233 271 236 ⁵
295 269 322 318 s.
338 271 514 320 commu
535 272 580 320 nn
602 272 705 320 nuum
727 273 914 321 nrrsnonnn
937 274 983 320 mo
1158 257 1224 324 269

80 409 205 494 tonino,
237 410 331 478 nobis
365 431 489 498 qnoque
522 432 587 480 non
620 413 767 480 inmerito
803 413 843 480 ob
871 413 1066 498 cognationis
1097 419 1393 482 resumeres-uso

79 545 179 610 semper
205 528 408 594 memorande
436 528 702 597 necessitudinem
734 529 902 596 karissimo
934 527 1045 596 Lullae
1076 531 1223 618 episcopo

78 637 264 708 Oncheardns
274 638 292 726 ¹,
315 643 463 727 indignus
486 649 523 711 nt
544 665 670 728 vereor,
700 645 867 732 episcopus
889 643 1063 712 Wentanae
1086 647 1224 713 civitatis

77 775 105 820 er
117 755 219 823 numa
235 759 435 827 visceralium
450 760 661 827 medullarum
676 758 859 844 affectione·
872 761 1073 828 aeternaliter
1087 762 1121 828 in
1133 761 1224 828 Chri·

75 877 112 937 sto
129 873 267 940 amntem.

78 1048 80 1052 ,
144 989 291 1058 Perlectis
313 990 491 1058 litterarum
515 1012 534 1058 a
556 996 612 1057 tua
634 990 802 1058 sanctitate
824 991 1015 1060 directarum
1031 991 1222 1060 dulcissimis

74 1123 101 1168 ac
118 1104 244 1172 ninnium
266 1105 474 1192 placabilibus
489 1107 627 1194 periodis
633 1105 656 1190 ⁵,
679 1107 713 1172 in
729 1107 842 1192 quibua
858 1107 1066 1175 amicabiliter
1081 1113 1222 1174 nonnam

73 1221 239 1304 parvitatem
269 1224 468 1309 conperimus
496 1223 666 1290 salutatam
699 1224 983 1309 ammonitamque,
1019 1229 1056 1290 ut
1090 1223 1223 1290 eandem

71 1335 180 1402 unitatis
197 1337 438 1412 ¹observantiam
460 1339 642 1424 custodiret
667 1359 761 1424 quam
785 1343 999 1407 antecessores
1022 1339 1124 1406 nostri
1146 1337 1222 1406 lide-

72 1449 128 1518 liter
150 1451 211 1520 fine
239 1459 331 1520 tenus
354 1453 626 1521 observarunt-
651 1454 786 1522 domnus
808 1453 989 1522 Bonifatius
1013 1455 1222 1541 archiepisco-

72 1586 117 1650 pus
136 1567 329 1655 Christique⁶
352 1570 512 1638 confessor
533 1569 760 1638 beatificandus
790 1575 822 1637 et
844 1567 998 1638 Danihol¹
1022 1571 1222 1638 doctissimus

70 1681 117 1748 Dei
135 1684 236 1771 plebis
258 1685 406 1771 famulus,
429 1685 524 1753 simul
546 1691 578 1752 ct
600 1705 762 1753 successor
778 1686 844 1752 eius
859 1682 1075 1770 Hunirithus⁸,
1100 1688 1222 1774 episco-

69 1817 161 1882 porum
183 1801 382 1886 mitissimas,
406 1839 450 1849 -
473 1807 505 1869 et
527 1807 647 1887 cetera,
671 1821 751 1888 qnae
774 1806 805 1868 te
828 1801 941 1868 metus
962 1802 1132 1870 recoluisse
1154 1823 1222 1870 ere-

69 1913 152 1982 linua
173 1918 207 1983 in
233 1918 408 1985 earauotis‘¹
433 1918 662 2003 commendata,
685 1918 801 1984 mentis
818 1916 1060 2002 diligentissima
1074 1918 1221 2002 indagine

68 2027 184 2098 didicere
206 2033 398 2100 curavimus.
436 2033 481 2100 Et
501 2035 675 2118 gratiarum
698 2034 837 2100 actiones
860 2034 1043 2118 condignas,
1065 2035 1099 2100 in
1122 2055 1218 2120 quan-

69 2150 121 2212 tun
145 2147 335 2233 sufficimus,
364 2149 571 2236 persolvendo
600 2150 756 2234 gerimus,
785 2149 869 2234 quod
896 2150 997 2216 nostri
1024 2150 1220 2233 memoriam,

67 2261 244 2350 interpositis
280 2269 439 2332 tantorum
469 2266 581 2353 spatiis
610 2271 768 2333 terrarum
795 2265 955 2350 marisque
983 2265 1092 2350 magni
1121 2265 1220 2332 intor-

67 2373 154 2446 lnente
174 2380 359 2466 latitudine,
387 2382 491 2450 facere
518 2381 701 2467 dignemini.
748 2381 792 2448 Et
819 2381 879 2448 hoe
907 2379 1107 2467 profitemur,
1138 2381 1221 2466 quod

68 2495 155 2562 onnia
181 2515 282 2582 quae,
310 2502 367 2564 tua
388 2498 556 2566 sanctitate
579 2503 780 2583 suggerente,
810 2495 962 2564 mandata
984 2503 1073 2582 sunt,
1102 2497 1221 2564 studio-

66 2607 171 2680 sissime
186 2611 326 2680 Domino
348 2614 474 2682 favente
496 2615 643 2701 conplere
666 2614 850 2698 satagimus,
874 2633 937 2680 non
959 2619 1084 2680 tantum
1107 2613 1141 2680 in
1155 2614 1222 2700 spi-

67 2724 136 2792 rituli
155 2729 337 2797 orationum
360 2728 473 2796 solatio
497 2729 672 2798 exhibendo
696 2737 728 2797 et
749 2730 918 2796 missarum
941 2729 1152 2796 sollemnitate
1170 2749 1220 2796 co·

65 2837 198 2911 lebranda
226 2865 287 2932 pro
316 2846 405 2914 vobis
435 2851 467 2912 et
494 2866 552 2932 pro
581 2846 659 2930 illis,
689 2846 744 2932 qni
772 2845 806 2912 in
833 2846 947 2914 vestris
976 2846 1157 2929 regionibns
1186 2846 1220 2912 in

66 2953 165 3026 Christi
193 2961 393 3029 confessione
422 2961 554 3042 obeunt3
585 2961 782 3045 sedetiam,
812 2961 838 3028 si
868 2981 931 3046 qua
953 2961 1122 3029 saecularis
1146 2961 1219 3028 sub

65 3075 181 3144 ousae
213 3077 329 3145 solatia
357 3077 470 3144 vostris
498 3077 608 3144 usibus
630 3077 797 3163 probatura
818 3078 852 3144 in
875 3077 925 3144 his
946 3076 1127 3162 regionibus
1151 3077 1218 3144 adi·

65 3187 128 3272 pisci
147 3193 336 3279 poterimus,
359 3197 484 3260 vestrae
506 3193 744 3280 participationi
766 3199 880 3280 parata
903 3199 1004 3260 erunt

134 3306 178 3375 Et
198 3310 260 3376 hoc
281 3309 430 3396 petimus,
454 3310 482 3376 si
506 3329 569 3394 qua
590 3309 675 3396 apud
697 3329 753 3375 vos
776 3309 941 3395 solamina,
964 3309 1055 3376 nobis
1075 3329 1219 3378 necessa·

64 3419 101 3486 ria
120 3423 167 3490 rol
188 3427 309 3509 ignota,
333 3425 486 3512 spiritalia
510 3424 638 3510 quidem
661 3424 810 3492 scientiae
831 3426 898 3494 sive
913 3425 947 3492 in
962 3425 1052 3492 libris
1069 3427 1217 3513 aannis,

64 3537 105 3618 qui
131 3541 269 3608 anobis
298 3561 361 3610 non
389 3541 561 3624 habentur,
592 3541 659 3608 sive
688 3541 722 3606 in
746 3540 816 3608 aliis
839 3541 1060 3610 ecelesiasticis
1084 3541 1218 3608 admini-

64 3655 269 3741 strationibus,
302 3662 339 3723 nt
367 3657 458 3725 nobis
485 3656 620 3724 libenter
649 3657 842 3744 participare
871 3678 935 3724 non
957 3657 1105 3741 negotist
1152 3656 1218 3724 Nec

64 3785 113 3834 non
131 3777 172 3856 et,
195 3774 224 3840 si
250 3792 328 3857 quos
351 3773 521 3840 saecularis
544 3773 695 3840 scientiae
713 3771 811 3839 libros
826 3772 917 3840 nobis
932 3773 1056 3856 ignotos
1073 3772 1217 3859 adepturi

64 3881 118 3950 siu
131 3893 225 3955 -ut
248 3892 324 3956 sunt
345 3889 385 3956 de
408 3888 658 3972 medicinalibus,
682 3907 815 3973 quorum
838 3888 930 3975 copia
950 3895 999 3956 est
1013 3888 1119 3973 aliqum
1133 3888 1219 3976 apnd

65 4015 117 4082 uos
137 4004 190 4070 sed
212 4011 323 4072 tamen
346 4003 517 4090 sigmenta‘
537 4004 756 4089 ultramarina,
780 4024 861 4090 quae
882 4005 916 4070 in
940 4005 984 4071 eis
1008 4005 1128 4091 scripta
1145 4024 1219 4072 con-

121 4191 140 4226 a
160 4182 279 4247 mactionp
297 4183 325 4230 V·
419 4183 443 4232 b.
466 4181 585 4243 perhiodis
604 4183 631 4229 V.
725 4197 745 4230 c.
765 4181 868 4242 :pilique
887 4183 914 4230 V.
1009 4181 1031 4228 d.
1051 4181 1172 4228 morantis
1192 4181 1219 4228 7.

66 4265 134 4305 tion
149 4263 219 4319 egetis
240 4264 269 4310 V.
345 4263 362 4310 i,
383 4281 413 4308 aa
429 4263 561 4322 pigmenta?

120 4365 142 4419 r.
158 4365 413 4438 savonensem,
432 4365 587 4423 ras-rao.
659 4367 684 4422 a.
704 4365 859 4422 roc-ure.
931 4366 956 4420 a
976 4363 1099 4420 roe-e.
1113 4364 1173 4420 754.
