3164 4842
158 243 162 272 ”
281 265 348 334 486
584 283 631 330 nx
655 282 809 330 oumnorn
832 283 912 330 vrrs
934 281 960 330 s,
977 281 1152 330 somnum

281 447 374 514 peres
406 432 438 492 et
459 426 617 512 peregrini
640 424 775 492 alantur.
811 424 874 492 Sed
896 429 962 492 tam
985 430 1129 492 sanctum
1151 429 1217 491 tam
1240 422 1450 490 neceesarium

281 546 485 630 praeceptum
513 543 547 608 in
576 542 722 628 plurimis
751 541 829 608 locis
854 561 919 609 non
941 540 1044 608 solum
1065 540 1196 608 minime
1222 543 1367 623 curatur,
1396 537 1451 604 eod

282 660 377 726 etiam
400 677 481 745 pene
503 657 676 742 ignoratur.
710 657 791 724 Nam
815 656 1011 725 solummodo
1033 657 1112 724 illud
1132 655 1262 740 legitur:
1287 654 1371 740 qnod
1386 654 1450 740 epi·

283 775 387 861 scopis
410 774 552 841 decimae
575 775 640 840 sint
661 773 855 842 tribuendae.
891 773 972 852 Quid
994 793 1069 840 vero
1091 772 1206 840 exinde
1229 771 1385 855 agendum
1399 770 1450 853 sit

283 891 333 957 vel
356 892 384 956 ai
407 891 574 976 quicquam
597 888 682 956 aliud
705 891 877 957 curandum
901 891 943 957 sit
964 891 1049 957 circa
1069 887 1325 956 monasteria-
1344 891 1411 952 tam
1433 905 1453 952 a

281 1007 420 1090 clericis,
444 1006 624 1073 miserabile
647 1007 749 1092 dictu,
773 1026 866 1092 quam
891 1025 909 1072 a
931 1006 1021 1073 laicis
1043 1005 1203 1072 destructa
1224 1004 1382 1088 citraque·
1403 1002 1453 1068 iu·

282 1125 365 1192 dicia
386 1121 576 1191 christianae
598 1120 760 1206 religionis
782 1121 934 1189 subversa
948 1158 992 1168 —
1008 1121 1159 1189 oblivioni
1181 1139 1237 1187 seu
1254 1118 1453 1204 ignorantiae

282 1239 530 1308 commendatur.
569 1237 659 1304 Unde
681 1257 800 1322 vereor,
823 1257 863 1305 nc
888 1239 926 1304 de
949 1239 1125 1325 praesentis
1148 1237 1301 1324 temporis
1322 1235 1453 1302 rectori-

282 1358 351 1441 bus,
375 1353 514 1423 avaricia
535 1353 718 1440 inexplebili
733 1355 908 1440 corruptis,
930 1354 1096 1441 psalmista
1117 1352 1342 1440 prophetizans
1364 1351 1453 1418 dixe·

283 1473 339 1540 rit:
370 1471 520 1559 Compei
545 1484 618 1536 mat
647 1485 676 1537 et
702 1471 947 1538 abhominabiles
961 1472 1051 1558 sueti
1070 1473 1200 1538 suntin
1222 1471 1336 1536 rudia
1359 1463 1451 1534 scot

283 1587 363 1656 (lum
392 1587 475 1655 enim
505 1586 585 1652 nihil
608 1585 774 1652 dicendum
797 1587 839 1652 sit
861 1591 1059 1672 corruptum,
1087 1585 1150 1652 nisi
1177 1585 1260 1670 quod
1282 1585 1371 1672 prius
1393 1583 1455 1650 fuit

282 1707 452 1789 integrum,
475 1708 613 1770 rectores
636 1702 687 1768 vel
710 1707 851 1788 pastores
875 1701 991 1788 quique
1013 1703 1046 1769 in
1071 1703 1129 1768 hoc
1151 1701 1276 1787 quidem
1300 1700 1364 1768 dici
1380 1721 1454 1787 pos·

282 1827 357 1888 sunt
380 1820 479 1886 fuisse
501 1819 627 1901 integit,
651 1818 726 1902 quia
748 1818 849 1886 aDoo
872 1820 1029 1905 sapientia
1051 1817 1232 1884 omnimoda
1247 1816 1288 1884 ad
1301 1816 1453 1884 indicium

281 1955 392 2004 rerum
415 1935 594 2002 faciendum
617 1941 708 2000 erant
729 1936 891 2017 instructi3
914 1935 985 2001 ideo
1006 1941 1112 2001 numm
1127 1934 1278 2020 corrupti,
1301 1934 1455 2019 quianon

284 2051 456 2120 secundnm
479 2049 585 2117 mtam
609 2049 688 2117 sibil
704 2051 893 2138 sapientiam
909 2051 964 2118 sed
980 2051 1070 2117 iuxta
1084 2049 1163 2118 lucri
1178 2049 1341 2117 obtinendi
1356 2069 1455 2135 qnan-

282 2170 408 2236 titatcm
430 2167 581 2234 iudicant
616 2168 721 2253 Atque
744 2167 864 2234 utinam
888 2168 952 2255 ipsi
973 2172 1116 2254 pastores
1134 2165 1351 2233 tantummodo
1367 2165 1455 2233 dedi·

283 2288 474 2370 gnarentur,
504 2281 695 2369 pauperibus
719 2283 856 2350 decimas
880 2282 1036 2368 dividere,
1060 2290 1093 2350 et
1114 2303 1177 2350 non
1201 2281 1279 2349 alios
1302 2282 1456 2368 quosdam

283 2435 325 2447 -
342 2398 513 2466 monachos
537 2397 618 2480 dico,
641 2398 724 2485 apud
749 2419 827 2485 qnos
842 2398 949 2484 aliqua
964 2401 1065 2467 adhuc
1079 2398 1259 2466 huiusmodi
1273 2417 1351 2466 cura
1364 2417 1455 2467 aner-

283 2523 372 2584 catur
401 2551 443 2562 -
472 2513 689 2600 prohiberent3
725 2515 829 2582 moliti
866 2516 1013 2600 antiquae
1041 2515 1221 2582 traditionis
1248 2515 1386 2582 dedmas
1415 2514 1455 2582 ab

284 2651 392 2700 eorum
421 2629 490 2696 iure
519 2631 650 2698 auferre.
747 2631 811 2698 Gur
840 2631 939 2715 igitur
967 2635 1093 2697 sanctus
1122 2629 1303 2697 bonifacius
1332 2665 1375 2678 -
1403 2631 1456 2696 cni

283 2749 371 2816 Deus
392 2751 516 2813 tantam
538 2747 572 2813 in
595 2747 681 2814 omni
703 2745 874 2814 Germania
895 2752 1085 2834 potestatem
1107 2747 1251 2832 contulit,
1273 2751 1320 2832 nt,
1344 2748 1456 2832 quonia

282 2865 395 2949 vellet,
418 2862 584 2929 aecclesias
607 2863 799 2949 cenobiaque
820 2864 983 2947 fundaret,
1007 2863 1097 2931 sedes
1120 2863 1314 2951 episcopales
1337 2868 1456 2930 autuo-

284 2988 333 3048 ret
360 2979 604 3067 parrochiasque
633 2999 743 3046 earum
769 2979 923 3046 divideret
947 3015 987 3026 -
1011 2999 1076 3046 non
1098 2979 1226 3046 cuilibet
1247 2979 1331 3064 loco,
1361 2999 1455 3066 quem

285 3097 346 3164 sibi
374 3095 553 3182 specialiter
580 3095 690 3179 elegit,
723 3096 937 3182 possessiones
965 3103 998 3163 et
1027 3096 1165 3163 decimas
1194 3095 1315 3182 aliquas
1338 3096 1456 3163 donare

284 3211 408 3301 potuit?
430 3210 542 3278 Nonne
564 3231 621 3299 per
644 3212 774 3280 eandem
798 3213 1028 3297 anctoritatem,
1051 3233 1115 3298 qua
1133 3212 1277 3279 moderni
1291 3211 1456 3298 pontifices

285 3327 438 3396 militibus
473 3325 605 3413 aliisquo
638 3327 831 3395 secularibus
865 3328 1044 3395 hominibus
1072 3329 1210 3396 decimas
1238 3328 1314 3394 dare
1342 3327 1455 3410 solent,

285 3449 412 3512 sanctus
435 3442 616 3510 Boniiacius
638 3445 799 3512 monachis
822 3443 873 3511 vel
894 3445 1085 3532 pauperibus
1109 3465 1238 3530 erogare
1258 3445 1384 3512 easdem
1398 3463 1455 3531 po-

285 3561 367 3629 tuit?
392 3559 427 3626 si
449 3559 572 3647 reliqua
594 3562 661 3627 eius
684 3567 803 3628 statuta
825 3561 972 3628 videntur
994 3567 1114 3646 sancta,
1138 3563 1166 3628 si
1188 3562 1295 3628 omnia
1308 3581 1390 3646 quae
1404 3581 1456 3628 ca·

284 3677 407 3746 nonicis
430 3676 590 3744 distribuit
612 3683 686 3743 sunt
706 3677 874 3762 laudanda,
897 3696 954 3744 cur
968 3697 1064 3763 queso
1080 3678 1140 3743 hoc
1154 3677 1266 3762 solum,
1289 3679 1374 3762 quod
1388 3697 1456 3744 mo-

286 3793 396 3862 nachis
412 3798 444 3860 ot
458 3794 651 3880 pauperibus
665 3793 762 3877 dedit,
786 3792 964 3860 decernitur
978 3793 1151 3862 iniustum?
1173 3793 1254 3878 Heu,
1277 3795 1348 3879 heu,
1372 3795 1456 3881 quod

286 3913 327 3996 ia,
350 3911 400 3978 cui
417 3909 555 3996 plurima
569 3909 719 3976 divitibus
735 3908 810 3975 dare
824 3909 924 3994 licuit,
946 3909 1108 3977 licentiam
1124 3910 1237 3978 dicitnr
1251 3931 1315 3978 non
1329 3910 1456 3995 habere,

287 4026 479 4118 pauperibus
506 4025 557 4091 vel
586 4043 687 4112 pauca
716 4045 854 4108 erogare.
898 4025 1000 4113 Super
1029 4026 1088 4093 hoo
1115 4025 1325 4113 obstupescite
1347 4023 1455 4110 caeli¹‚

289 4145 373 4214 orbis
396 4162 519 4234 quoque
540 4147 698 4208 terrarum
722 4147 753 4208 et
774 4141 915 4210 universi
938 4143 992 4227 qui
1013 4142 1212 4210 habitantia
1236 4137 1291 4209 eo⁸
1313 4143 1455 4226 doleant;

360 4301 381 4334 a.
401 4287 506 4346 circaque
522 4303 542 4330 c.
619 4285 641 4331 b.
663 4283 709 4332 tibi
724 4301 767 4331 on.
783 4302 803 4330 o.

361 4392 386 4445 1.
410 4389 454 4444 Ps.
468 4389 511 4458 13,
525 4390 549 4444 1.
640 4390 665 4443 2.
689 4387 786 4443 lenem.
799 4389 825 4458 2,
839 4390 881 4443 12.
970 4390 997 4444 3.
1020 4389 1065 4444 Pu.
1078 4390 1122 4460 23,
1136 4391 1161 4444 1.
