3024 4864
286 278 313 326 s.
331 277 507 327 soumsuu
529 279 573 327 su
595 280 698 327 noum
720 279 906 328 uersuonas
930 279 960 326 oe
1146 263 1217 334 197,

60 419 195 504 amedme,
218 439 282 486 non
306 420 396 488 bonis
420 419 477 488 sed
498 421 592 488 malis
614 421 701 487 uitiis
722 419 860 508 plenum.
897 419 1058 510 Scriptum
1073 441 1211 510 namque

59 542 108 602 est:
131 537 192 618 Qui
213 539 348 624 diligitis
371 539 561 620 Dominam,
588 541 671 604 odite
692 539 811 604 molum
820 533 837 602 ¹.

131 651 209 718 Nam
237 657 271 718 et
297 653 358 718 boc
388 652 552 719 hortamur
582 653 846 720 christianitatem
873 657 1027 720 vestram:
1056 657 1092 718 ut
1120 652 1211 720 iuxta

56 775 218 834 sanctorum
240 788 398 835 canonum
420 770 567 836 instituta
588 770 621 835 in
646 768 787 836 aeclesiis
817 788 836 834 a
864 769 953 836 vobis
981 768 1120 835 fundatis
1147 789 1211 836 non

55 883 165 950 alicunde
198 885 329 950 ueniens
358 885 516 971 presbiter
544 885 751 971 suscipiatur,
789 884 852 950 nisi
881 905 899 951 a
928 889 1052 952 rosnae
1080 883 1211 951 eclesiae

55 999 135 1065 inerit
156 1001 304 1087 episcopo
328 1005 539 1084 consecratus,
563 1007 617 1068 aut
640 1001 679 1067 ab
703 1020 740 1066 eo
762 1021 820 1086 por
835 999 1112 1068 commendatitias
1126 999 1211 1067 litte·

53 1135 96 1180 ras
115 1117 314 1202 suscipiatur.
352 1115 443 1184 blulti
468 1117 552 1183 enim
576 1116 704 1184 sibimet
725 1116 805 1203 ipsis
828 1117 1005 1200 mendaces,
1029 1115 1211 1183 multotiens

53 1233 123 1296 sarsi
144 1231 346 1317 cuiusquam,
374 1233 481 1316 iugem
507 1233 710 1320 arripientes,
739 1231 892 1298 dominis·
915 1233 981 1298 suis
1003 1237 1104 1299 semet
1125 1232 1212 1319 ipsos

53 1349 130 1432 quasi
151 1351 352 1414 consecratos
374 1349 567 1434 presbiteros
590 1347 797 1428 adnuntiant3
826 1353 858 1414 et
887 1353 962 1414 sunt
983 1347 1122 1414 ministri
1145 1347 1213 1415 dia-

53 1462 105 1529 boli
125 1469 156 1531 et
176 1483 244 1530 non
266 1462 337 1548 Dei,
362 1469 393 1531 et
416 1465 471 1550 qui
494 1485 547 1530 cos
570 1465 747 1552 suscipiunt
769 1462 923 1531 similiter.
963 1463 1044 1543 Quia
1059 1465 1210 1551 scriptum

53 1583 105 1644 est:
127 1580 262 1646 Videdea
275 1582 387 1666 sorem
411 1595 439 1647 et
461 1603 532 1646 com
554 1603 589 1647 eo
613 1574 777 1647 cuweboa'
799 1585 831 1646 et
854 1583 967 1646 cetera.
1001 1579 1114 1648 Nullus
1137 1601 1212 1666 ergo

53 1713 84 1760 er
103 1695 206 1779 robis,
236 1696 408 1780 carissimi,
433 1695 502 1762 siue
524 1696 668 1764 consultu
691 1697 741 1762 sui
764 1697 905 1782 episcopi
926 1695 960 1762 in
984 1715 1213 1782 quamcumque

51 1810 204 1878 octauam
229 1811 421 1879 intromittat
443 1812 671 1899 presbiterum,
697 1811 759 1878 nisi
783 1812 870 1897 prius
893 1831 913 1878 a
934 1817 1039 1879 vestro
1063 1812 1211 1900 episcopo

52 1927 125 2011 origo
147 1933 179 1994 et
202 1928 401 1995 conversatio
424 1927 491 1994 eius
514 1928 610 1996 fuerit
633 1927 834 2015 conprobata.
1055 2007 1060 2018 ι

126 2042 323 2110 blonasteria
354 2047 477 2130 autem,
507 2063 586 2130 quae
615 2049 796 2110 constructa
818 2049 892 2110 sunt
914 2063 933 2110 a
955 2042 1044 2110 vobis
1067 2043 1117 2110 vel
1140 2063 1214 2111 eon-

51 2163 203 2226 siuuuutnr
228 2179 267 2226 ex
296 2159 462 2226 deuotione
489 2158 645 2244 fidelium,
677 2165 802 2246 oportet
828 2164 878 2244 ut,
910 2161 937 2226 si
965 2160 1136 2228 monachus
1164 2160 1215 2228 vel

51 2275 290 2342 sanctimonialis
322 2275 441 2343 femina
475 2275 513 2344 de
547 2275 679 2364 propria
711 2276 897 2360 cognatione
935 2275 981 2346 ibi
1014 2276 1215 2344 constituitur

50 2411 201 2478 praeesse,
234 2397 270 2459 ut
299 2391 338 2458 ab
368 2392 515 2478 episcopo
544 2392 681 2458 civitatis
711 2396 910 2459 consecretur
938 2393 1004 2459 sive
1027 2393 1124 2460 abbas
1147 2394 1214 2461 sive

52 2508 208 2576 abbatissa.
258 2507 301 2574 Et
331 2507 358 2573 si
381 2508 581 2592 congregatio
605 2506 722 2575 ibidem
746 2509 858 2592 fuerit,
888 2514 960 2595 post
982 2507 1067 2575 illine
1092 2509 1214 2577 abbatie

51 2630 95 2690 ant
119 2624 302 2691 abbatissae
332 2622 493 2690 decessum
523 2629 554 2690 et
584 2644 603 2690 a
631 2623 873 2709 congregatione
904 2622 1036 2710 quilibet
1065 2625 1213 2710 eligutur3

51 2739 252 2828 abepiscopo
275 2745 382 2806 tamen
405 2746 620 2825 consecretur,
650 2745 681 2806 et
704 2760 766 2807 non
790 2759 809 2806 a
831 2739 997 2807 fundatore
1019 2743 1212 2809 monasterii.

52 2854 126 2941 Quin,
150 2855 238 2942 quod
261 2854 329 2921 Deo
354 2855 450 2921 semel
472 2855 568 2920 fuerit
591 2855 740 2941 oblatum,
764 2857 918 2922 intactum
937 2854 1032 2923 debet
1045 2858 1215 2945 persistere

51 2973 97 3038 sub
117 2972 232 3058 regula
254 2971 396 3058 episcopi
419 2971 635 3038 constitutum.
728 2971 860 3059 Oportet
883 2977 1005 3057 autem,
1036 2979 1071 3041 ut
1093 2973 1135 3058 is,
1160 2975 1214 3060 qui

52 3087 202 3156 ordinatur
228 3085 325 3154 abbas
349 3087 415 3152 sive
438 3087 608 3172 abbatissa,
632 3087 720 3174 prius
744 3087 910 3155 edoceatur
933 3109 1057 3156 omnem
1074 3089 1213 3155 dunum

50 3201 137 3287 legem
160 3210 195 3271 et
217 3223 341 3270 sacram
360 3203 566 3290 scripturem3
591 3209 635 3287 ut,
660 3203 734 3270 dum
752 3205 879 3271 subesse
896 3205 1049 3292 didicerit,
1073 3212 1214 3292 postmo-

52 3317 112 3386 dum
134 3321 301 3387 moderate
324 3339 470 3406 praeesse
494 3319 581 3386 sciat.

126 3435 262 3503 Decime
285 3455 359 3502 sero
381 3433 532 3520 fidelium,
556 3455 635 3522 quae
658 3437 691 3501 in
714 3435 836 3503 eclesiis
859 3433 1041 3521 offeruntur,
1064 3455 1127 3502 non
1151 3437 1215 3504 sint

51 3549 256 3638 inpotestate
286 3550 445 3618 offerentis
475 3550 515 3617 ad
545 3549 805 3618 distribuendum.
852 3549 1006 3630 Quoniam
1034 3557 1214 3620 sanctornm

52 3672 165 3752 patrum
193 3669 368 3736 constituta
390 3667 568 3734 continent:
598 3672 745 3753 quattuor
774 3667 888 3734 exinde
916 3666 955 3734 ab
984 3668 1130 3755 episcopo
1160 3668 1213 3736 de-

52 3781 114 3851 bere
141 3785 212 3852 lieri
242 3779 430 3872 portiones³.
485 3781 560 3862 Quis
590 3783 690 3869 enim,
722 3784 812 3850 iuxta
840 3788 1043 3872 praeceptum
1074 3783 1213 3869 Domini,

52 3917 159 3984 ponens
182 3921 317 3967 manum
345 3921 441 3988 super
470 3905 609 3967 aratrum
639 3904 671 3966 et
697 3905 871 3967 retrorsum
900 3899 1089 3988 respiciens,
1120 3905 1213 3987 aptus

54 4022 93 4080 est
117 4037 216 4102 regno
240 4012 340 4082 Deii‘
429 4016 477 4083 De
506 4017 640 4104 pecunia
668 4036 742 4084 voro
771 4015 966 4083 eclesiastica
989 4015 1035 4082 ita
1057 4016 1212 4083 sancitum

113 4199 132 4232 ι
151 4181 222 4233 dfinis
239 4188 265 4234 C.

112 4290 136 4343 1.
158 4289 321 4359 Ps.ee,1c.
397 4289 423 4343 2.
446 4288 548 4359 Puta,
562 4289 604 4344 18.
676 4290 701 4344 3.
726 4287 767 4344 Gi.
787 4287 910 4345 Gratiani
929 4287 1009 4344 Dect.
1028 4287 1097 4343 Ρ.Π
1116 4286 1146 4345 O.
1160 4287 1213 4344 ΧΠ

57 4379 255 4443 masmar.
345 4377 371 4433 a.
394 4377 555 4448 cuseos.

1238 430 1313 495 (⁷48)

1229 502 1324 561 (to-o
