3164 4842
323 295 389 360 534
577 309 738 358 morsum
759 307 945 357 sunnnusrs
968 309 1049 355 vrrs
1070 305 1242 356 sannoms

323 453 428 519 minus
451 451 684 538 suspicantibus
705 487 746 498 -
770 471 841 518 cum
866 449 997 517 ridendo
1020 449 1216 533 declamavit,
1240 447 1325 534 qnod
1344 447 1414 534 ipse
1433 467 1485 513 ns·

323 587 409 636 cesse
431 573 564 634 noverat
583 567 740 651 futurum,
765 567 829 634 acsi
852 565 1002 653 possibile
1024 565 1212 633 enunciavit

413 683 473 750 His
496 684 592 751 etiam
614 683 735 768 pollens
758 683 938 767 virtutibus,
961 682 1187 769 comperiente
1201 685 1307 748 mente
1321 679 1486 767 perfectam

324 799 419 868 simul
448 803 563 866 etatem
592 799 742 886 arripuit,
771 799 897 883 iamque
926 803 1071 884 quartam
1095 817 1249 865 annerum
1272 796 1486 884 septimanam,

323 917 518 982 iuventutem
546 914 666 982 scilicet
692 935 851 999 egressus,
879 915 1021 1000 quintum
1044 914 1265 1000 septimanam,
1294 912 1487 998 quaestion

322 1033 356 1098 in
383 1031 493 1098 virile·
514 1031 611 1098 robur
638 1031 780 1114 adducit,
809 1031 970 1114 ingressus
995 1035 1052 1098 est.
1087 1029 1208 1096 Memor
1229 1029 1327 1113 igitur
1347 1027 1487 1094 caelestia

323 1165 459 1233 sponsus
488 1147 582 1212 amici
611 1147 675 1231 sui,
704 1165 845 1212 summus
872 1165 930 1212 rex
952 1145 1064 1212 militis
1087 1146 1152 1230 sui,
1182 1151 1214 1211 et
1236 1163 1353 1211 corona
1374 1142 1489 1228 gloriae

323 1261 485 1330 coronavit
498 1261 655 1344 indutum,
676 1267 708 1327 et
722 1263 942 1349 circumsepsit
956 1281 1029 1328 eum
1044 1263 1141 1328 armis
1155 1262 1319 1328 virtutum
1347 1257 1488 1326 Muniens

323 1399 395 1448 enm
418 1377 528 1464 clypeo
550 1377 753 1461 humilitatis,
782 1378 942 1462 galeatum
963 1377 1123 1464 pacientia
1143 1375 1356 1464 simplicitatis
1379 1381 1412 1442 et
1432 1375 1488 1441 cir·
1573 1383 1574 1394 ¹

322 1495 533 1562 cumcinctum
559 1494 664 1579 gladio
693 1495 891 1562 discretionis
922 1493 1087 1560 adornavit
1108 1493 1232 1577 sagittis
1254 1491 1488 1579 predicationis

321 1616 355 1678 et
376 1615 553 1697 protectum
576 1615 682 1676 torace
705 1609 849 1676 iusticiae
872 1610 1030 1693 salutaris,
1053 1609 1253 1695 superinduit
1270 1629 1341 1676 eam
1359 1607 1489 1675 clamide

322 1725 473 1794 cantatis.
509 1725 667 1792 Humilem
691 1725 817 1810 quidem
840 1731 971 1813 propter
993 1746 1027 1792 se
1050 1725 1158 1792 diviua
1177 1725 1327 1792 maiestas
1341 1722 1490 1791 exaltavit

323 1841 408 1928 apud
430 1861 475 1908 se

413 1955 565 2023 Videntss
595 1957 680 2022 enim
702 1957 846 2024 cenobite
867 1956 1002 2022 militem
1024 1955 1142 2024 Christi
1165 1957 1234 2023 sine
1255 1955 1490 2040 fatigationem

320 2073 486 2160 procinctu
512 2071 665 2159 positum,
696 2072 886 2138 concedente
908 2073 1021 2139 abbate
1042 2072 1198 2140 Richards
1207 2069 1226 2157 ¹,
1253 2073 1419 2140 unanimes
1440 2072 1491 2139 de-

155 2203 436 2258 1018-10300anum
458 2188 635 2272 elegeruut3
666 2193 698 2254 et
719 2189 917 2256 conviatores
940 2194 1091 2272 angustae
1121 2189 1207 2272 viae,
1238 2207 1318 2274 quae
1344 2187 1434 2256 ducit
1454 2189 1491 2254 ad

322 2299 449 2389 vitam',
472 2304 582 2370 ducem
605 2305 756 2388 feceruut,
781 2305 835 2389 qni
857 2323 916 2372 nec
937 2305 979 2371 ad
1000 2304 1165 2371 dexterum
1187 2305 1359 2372 declinaret
1378 2304 1490 2372 neced

322 2415 513 2503 sinistram³,
542 2419 607 2485 acsi
629 2419 748 2486 diceret
770 2421 810 2486 ad
833 2440 904 2487 eum
928 2420 1098 2487 Dominus:
1122 2419 1261 2502 Amicsl,
1285 2423 1419 2488 oscoade
1439 2443 1490 2487 so·

321 2531 458 2624 portast
548 2533 656 2613 Qualis
684 2541 760 2601 tuno
789 2542 889 2620 esset,
918 2535 1020 2602 adhuc
1041 2537 1183 2603 viventes
1205 2535 1298 2602 multi
1319 2541 1491 2618 testantem

323 2652 376 2737 qui
399 2650 511 2735 etiam,
541 2651 575 2716 in
604 2671 695 2718 seruo
718 2653 821 2718 carnis
844 2657 966 2719 mutam
987 2651 1166 2719 libertatem
1189 2651 1321 2738 spiritua
1342 2671 1492 2737 umquam

322 2767 496 2852 devenisse,
519 2767 684 2834 mirantur.
719 2767 892 2836 Memorem
907 2768 992 2834 enim
1007 2787 1079 2834 eum
1094 2767 1195 2834 illins:
1219 2769 1362 2834 Ιυάἰσεπι
1375 2781 1404 2834 te
1419 2791 1492 2835 con-

321 2885 508 2952 stituerunt?
530 2883 611 2950 Noli
632 2885 749 2966 emolli,
774 2889 829 2951 sed
852 2899 914 2952 erto
937 2909 1008 2951 cora
1030 2885 1095 2950 a'llab
1119 2889 1214 2970 ponet
1234 2908 1316 2950 onus
1339 2907 1377 2952 ec
1397 2879 1491 2964 ttto‘,

322 3021 394 3068 cum
423 3000 577 3084 dignitate
604 3001 722 3083 gradus
752 3005 785 3067 et
812 3021 935 3068 morum
958 3002 1142 3067 maturitate
1163 3005 1292 3067 cunctos
1314 2999 1495 3067 humilitate

322 3116 488 3202 subsequi,
518 3115 567 3182 vel
588 3115 707 3182 invitus
729 3115 823 3182 fateri
845 3115 985 3185 deberes.
1019 3115 1105 3184 Inter
1126 3135 1258 3201 magnos
1280 3116 1440 3184 maximus
1464 3120 1495 3182 et

321 3233 405 3300 inter
433 3251 549 3318 parvos
578 3233 743 3316 minimus,
779 3233 951 3299 maioribus
979 3233 1226 3318 formidabilem,
1255 3232 1431 3304 mineribus
1461 3252 1495 3300 se

323 3348 411 3415 dedit
442 3347 620 3414 amabilem.
667 3347 805 3416 Minores
840 3349 881 3415 ad
909 3369 980 3416 eum
1008 3355 1044 3416 ut
1073 3349 1114 3415 ad
1140 3355 1263 3436 patrem
1294 3349 1495 3434 accedebant

323 3483 415 3548 quem
439 3463 575 3530 maiores
597 3469 633 3530 ut
654 3465 791 3531 iudicem
814 3463 1032 3547 attendebant3
1057 3466 1139 3550 qnia,
1163 3465 1248 3551 quod
1269 3466 1386 3532 caritas
1407 3465 1495 3532 iube-

324 3581 387 3664 bat,
409 3577 570 3663 negligere
591 3581 760 3648 nesciebat
794 3580 926 3647 Nullum
947 3581 1206 3668 condempnavit,
1229 3581 1351 3648 nullum
1374 3583 1495 3649 iudica·

322 3697 384 3778 vit3
414 3701 448 3761 et
475 3713 548 3762 eum
575 3696 750 3780 interroget
768 3697 899 3781 Petrus,
927 3706 1034 3764 utrum
1057 3697 1198 3765 dimittat
1220 3717 1319 3783 usque
1346 3693 1493 3785 septies⁸,

322 3813 374 3880 hic
398 3811 652 3899 septemplicavit
674 3814 852 3900 septuagies
875 3807 1020 3899 septies⁷.
1053 3811 1172 3891 Quodsi
1190 3815 1286 3880 etiam
1301 3833 1494 3900 equaquam

323 3927 492 4014 aliquando
516 3929 716 4015 putredinem
737 3929 877 3996 vulneris
899 3929 983 3996 ferro
1007 3929 1213 4014 correptionis
1235 3929 1385 4014 abscidit,
1408 3930 1493 4011 ilice,

395 4149 416 4182 ι.
436 4133 535 4181 iuvenile
552 4151 571 4180 c.
585 4150 628 4193 pre
648 4133 673 4180 ln
688 4133 761 4180 virile.
788 4131 861 4190 (Cori.
878 4134 1069 4188 modenensis,
1092 4151 1155 4195 quam
1174 4135 1361 4182 Wountncitus
1381 4133 1493 4187 adim,

321 4215 428 4278 psorici.-
444 4213 474 4262 ad
488 4210 571 4271 virile).
648 4213 671 4260 b.
692 4230 734 4260 om.
746 4231 765 4259 c.

396 4319 421 4373 1.
440 4318 631 4373 1018-1039.
693 4319 719 4373 e.
737 4315 870 4386 uana,
885 4317 926 4372 14.
990 4317 1015 4372 e.
1034 4316 1208 4387 ransom.
1270 4317 1297 4372 4.
1314 4318 1383 4374 cue
1396 4315 1492 4386 14,1(t

326 4407 351 4460 5.
376 4405 416 4460 of.
436 4405 520 4460 nou.
533 4407 577 4476 es,
590 4408 615 4460 1.
692 4408 718 4461 c,
741 4404 837 4461 naeu.
852 4405 894 4474 re,
907 4407 950 4459 21.
1023 4407 1048 4462 r.
1072 4405 1167 4462 naen.
1181 4406 1280 4476 rasa
