3176 4846
521 280 598 326 vrrs
623 281 817 328 nonensem
840 283 864 328 n
1209 267 1269 334 591

219 416 258 484 ob
280 418 382 504 legem
404 421 568 488 metricam
590 441 704 488 nemen
727 422 811 506 quod
833 423 973 492 semiue
995 423 1108 508 dieem,

220 554 294 600 nem
317 535 346 600 si
368 535 488 602 dioetur
498 532 514 620 ¹,
538 535 590 602 lex
612 539 744 604 metriee
766 537 833 605 lese
853 540 987 621 feretur3

150 667 196 714 vro
218 651 277 717 hoe
299 671 356 735 ego
380 652 526 739 prudenti
551 651 670 719 diffinio
693 655 774 721 seire
797 654 929 722 volenti:

219 766 278 833 hoe
300 787 398 850 genus
422 773 484 850 eet,
508 787 649 854 quaeque
672 789 742 836 eum
767 772 837 855 quis
860 771 1012 838 deliberat
1036 790 1130 856 eque;

218 883 313 968 idque
335 888 495 950 senatores
518 891 641 970 spectet
661 905 760 969 genus
782 892 815 952 et
836 887 992 969 senioree;

218 1019 354 1085 nemque
377 1005 557 1066 senatorum
580 1000 634 1068 lex
656 1006 704 1068 est
727 1007 758 1067 et
780 1003 985 1088 petrioiorum
1040 1059 1050 1076 ,

219 1115 312 1196 ordo,
338 1115 419 1199 quod
442 1115 567 1182 illorum
590 1117 669 1184 bene
692 1117 834 1184 oonseiue
857 1116 1042 1200 officiorum,

150 1249 196 1295 ree
219 1230 348 1296 consilio
371 1251 513 1317 quaeque
535 1238 624 1316 gerat
647 1236 680 1299 et
701 1232 852 1300 deliberet
874 1254 964 1318 eque,

217 1345 300 1412 unde
322 1347 497 1414 minoretur
520 1369 570 1415 res
592 1347 718 1434 publioe
739 1348 790 1414 vel
812 1355 986 1435 reperetur.

261 1461 392 1528 Artibus
415 1462 464 1528 his
486 1463 635 1548 geminis,
658 1464 689 1530 in
715 1464 857 1550 pertibus
880 1485 935 1531 ens
958 1466 1143 1552 peregrinis,

217 1576 308 1644 floret
329 1578 543 1659 Aldelbertue)
567 1581 656 1664 queei
679 1578 736 1648 llos
759 1581 792 1646 in
815 1601 888 1648 vere
910 1588 1063 1667 repertus.

219 1693 328 1760 Preter
351 1715 429 1780 quse
453 1701 537 1762 artes
560 1696 666 1762 studet
687 1703 756 1764 outo
778 1696 939 1764 revolvere
961 1703 1078 1784 portes,

151 1827 197 1874 roo
219 1807 473 1894 grammatieem¹
497 1831 630 1896 querens
654 1818 685 1878 et
707 1812 737 1878 ei
758 1813 925 1896 vigilanter
948 1811 1103 1880 inherens.

262 1925 320 1992 His
343 1928 375 1992 in
400 1926 556 1994 diruendis
578 1928 680 1996 tribus
702 1928 822 1996 ortibus
845 1933 877 1994 et
899 1927 1071 1994 retinendis

218 2063 342 2108 sumere
365 2041 522 2110 lautorum
545 2063 610 2110 non
633 2044 699 2110 vult
722 2043 872 2112 elimenta
894 2044 1044 2127 ciborum,

218 2158 344 2245 potibus
368 2165 400 2226 et
422 2178 568 2244 parcens,
593 2179 799 2245 somnumque
820 2161 1013 2244 frequentius
1037 2177 1162 2240 eroens3

219 2280 319 2340 strete
341 2276 458 2361 premit
480 2295 551 2342 rero
576 2311 616 2320 -
642 2277 744 2362 posito
768 2275 922 2342 velamine
945 2275 1029 2342 elevo

150 2410 195 2456 mo
217 2411 314 2458 eeuse
335 2396 502 2478 proventus
526 2427 567 2437 -
591 2391 714 2478 plebeio
736 2391 875 2474 tegmine
898 2396 1009 2460 teetue.

217 2507 320 2592 thue
343 2507 446 2575 solent
467 2507 610 2574 homines
634 2507 674 2574 ud
696 2513 798 2574 metae
820 2508 949 2574 tendere
972 2506 1060 2592 lines,

219 2628 254 2688 ut
276 2643 369 2690 eursu
391 2623 484 2691 eeleri
508 2625 630 2710 possint
652 2625 684 2690 in
708 2643 808 2708 egone
831 2623 945 2691 mereri

217 2758 288 2806 cum
310 2739 420 2806 brevio
443 2741 542 2822 done,
565 2743 661 2825 oeput
683 2739 892 2826 empleetento
915 2759 1045 2820 eorone3

216 2859 327 2940 utque,
351 2876 460 2923 oorens
483 2861 585 2939 veste,
609 2860 768 2922 eertemen
792 2855 872 2920 inire
895 2853 1052 2940 pelestree

151 2989 196 3036 reo
218 2969 321 3036 leudis
345 2971 384 3038 ob
408 2977 537 3038 eventus
560 2971 628 3038 oleo
652 2971 731 3037 solet
753 2975 848 3036 nnete
870 2968 1026 3054 iuventus,

218 3087 374 3174 eoeipiens
397 3087 520 3154 luorum
545 3087 714 3172 dignumve
736 3085 895 3152 laboribus
919 3105 1044 3151 eurum:

217 3203 263 3270 sie
285 3203 494 3290 perfectorum
518 3203 634 3272 sudeus
657 3204 691 3269 in
714 3221 812 3286 egone
836 3201 989 3286 laborum,

218 3319 311 3386 etetie
333 3325 460 3388 tenerae
483 3319 568 3406 oepit
588 3319 711 3386 fervore
732 3318 838 3386 velere

217 3441 324 3502 noster
346 3434 576 3519 A(delbertus),
598 3436 753 3503 rationem
775 3433 906 3500 reddere
928 3437 1032 3500 eertus

150 3567 196 3616 rso
218 3550 257 3618 de
279 3571 331 3634 ro,
355 3571 449 3636 qnam
472 3552 590 3618 didicit
625 3549 689 3618 Sue
711 3571 786 3618 nam
809 3549 941 3633 eollegie
961 3549 1039 3616 vioit

217 3673 283 3734 tem
305 3669 427 3734 meritis
450 3687 571 3736 morum
595 3687 688 3752 quem
713 3671 884 3753 proventu·
906 3665 1092 3733 studiorum.

262 3784 343 3863 Quid
365 3785 500 3852 referem
524 3803 613 3867 vero,
637 3789 771 3869 quantes
794 3784 827 3850 in
850 3801 989 3868 paupere
1011 3779 1094 3848 elero

216 3900 327 3969 feeerit
348 3919 519 3988 expensae,
542 3899 667 3987 replens
689 3920 747 3986 per
768 3897 887 3966 fereula
910 3916 1035 3966 memus

178 4047 199 4080 ι.
219 4037 253 4082 ric
269 4045 302 4082 est
317 4037 426 4096 preventu
442 4044 562 4084 correctum
579 4037 600 4080 lu
618 4034 670 4082 uod.

179 4113 202 4166 l.
227 4109 436 4167 deliberetivum.
526 4113 551 4166 2.
577 4109 618 4166 Ol.
636 4110 761 4165 llertleni
774 4109 900 4180 Capellae
913 4107 1062 4164 Setirerum
1080 4107 1111 4160 L.
1124 4105 1164 4160 Ill
1182 4106 1271 4174 5326,

103 4201 148 4256 ed.
167 4201 250 4272 Kopp
267 4217 295 4271 p.
308 4203 373 4256 323:
395 4201 492 4271 „Heee
510 4215 572 4255 enm
589 4199 767 4268 grammatice
787 4229 820 4239 -
839 4198 961 4268 dixisset,
980 4227 1013 4237 -
1032 4195 1154 4250 llinerve
1171 4192 1272 4248 telihus

103 4290 265 4346 intervenit:
286 4291 359 4360 n„lli
376 4289 463 4360 lellor,
481 4295 543 4344 osto
562 4293 655 4359 partes
667 4287 797 4344 orationis
809 4288 885 4342 velut
896 4283 1060 4342 ineunebule
1071 4282 1220 4352 repedem
1232 4283 1271 4338 in-

103 4379 202 4435 timure
219 4378 389 4449 diepoule““.
