3024 4864
306 254 370 319 174
576 271 603 318 s.
620 269 797 318 normann
817 269 863 318 nn
883 269 986 318 nunnr
1007 269 1194 318 erroreum
1217 267 1247 314 ss

143 419 285 477 744-747
302 413 483 497 genuerint,
513 417 545 479 et
573 431 648 498 sepe
676 411 818 477 maxima
845 431 885 477 ex
913 415 1005 496 parte
1033 409 1195 492 occidunt3
1224 429 1287 475 non
1313 405 1449 495 inplentes

302 527 421 594 Christi
448 527 596 594 ecclesias
623 526 697 594 filiis
720 526 895 612 adoptivis,
924 525 980 592 sed
1002 524 1139 592 tumulos
1163 524 1345 612 corporibus
1366 529 1395 589 et
1412 523 1450 587 in-

300 643 383 711 feros
407 643 532 710 miseris
555 642 720 710 animabus
743 643 905 709 subantes.

389 758 557 826 Praeterea
586 760 766 825 nuntiatum
794 763 843 824 est
869 757 976 824 nobis:
1005 757 1089 842 quod
1111 756 1211 823 multa
1232 754 1394 843 privilegia
1413 771 1453 820 eo

300 874 467 941 clesiarum
490 880 522 941 et
543 875 805 941 monasteriorum
828 873 992 958 fregisses,
1021 878 1053 938 et
1077 871 1259 938 abstulisses
1280 870 1355 938 inde
1375 887 1454 954 quas·

300 989 374 1056 dam
402 989 578 1057 facultates.
624 988 667 1056 Et
692 990 767 1074 hoc,
796 991 824 1055 si
847 1009 958 1056 rerum
981 994 1044 1073 est,
1073 992 1238 1074 peecatum
1259 986 1378 1070 mande
1397 1003 1455 1052 essc

300 1106 488 1190 dinoscitur,
517 1111 653 1173 metante
683 1125 774 1172 sacra
802 1106 977 1191 scriptura,
1007 1114 1105 1189 quae·
1130 1103 1188 1170 ait:
1219 1103 1285 1184 Quo·
1309 1102 1456 1168 uosmet

300 1223 426 1308 aliquid
445 1227 535 1309 petri
556 1224 605 1288 ool
626 1226 732 1303 umba,
761 1235 789 1288 et
811 1225 904 1287 dicit:
928 1221 1021 1301 „Hoc
1042 1243 1107 1286 ooo
1130 1233 1174 1286 est
1192 1221 1387 1308 peccatum“,
1409 1218 1455 1282 bo·

299 1340 414 1404 miride
430 1342 594 1426 particeps
618 1351 662 1404 est
670 1333 687 1402 ¹.
723 1335 818 1403 Pater
841 1341 949 1402 nomer
971 1336 1040 1403 sine
1063 1335 1157 1402 dubio
1173 1334 1260 1401 Deus
1281 1339 1330 1400 est
1345 1333 1456 1419 quinos

300 1454 428 1537 creavit,
452 1459 553 1520 mater
575 1451 703 1519 nostrul
726 1451 878 1518 aecclesia
895 1471 975 1537 quae
989 1472 1047 1518 nos
1061 1452 1097 1516 in
1111 1450 1269 1537 baptismo
1285 1449 1458 1535 spiritaliter

299 1569 524 1652 regeneraritt
560 1569 655 1653 Ergo,
680 1569 734 1653 qui
756 1567 875 1633 Christi
897 1569 1047 1654 pecunias
1070 1571 1102 1633 et
1125 1565 1272 1632 ecclesiae
1294 1561 1457 1632 mandarit*

299 1683 350 1751 vel
371 1685 490 1771 rapiet,
513 1684 671 1751 homicida
693 1689 765 1750 ante
788 1688 992 1769 conspectum
1014 1682 1091 1748 iusti
1111 1681 1224 1748 indicis
1247 1701 1316 1748 esse
1339 1681 1458 1767 deputo-

300 1800 394 1868 bitur.
430 1800 480 1867 De
501 1820 563 1885 quo
587 1800 714 1886 quidam
738 1799 918 1885 sapientum
940 1797 1098 1865 dicebat·:
1124 1799 1190 1880 Qui
1203 1801 1291 1884 repit
1301 1801 1460 1884 pometum

295 1921 441 2004 proniori
467 1920 532 1997 sui,
564 1920 763 2003 iniquitaten
780 1916 886 2001 socia·
917 1919 974 2002 qui
1001 1927 1104 1981 αιιιιιιι
1126 1917 1297 2002 pecaniam
1324 1914 1459 1979 scembs

299 2033 471 2112 mecm,
495 2033 697 2118 uaniloquum
709 2027 824 2117 socit'.

387 2145 431 2214 Et
457 2147 588 2212 dicitur:
618 2147 701 2233 quod
728 2145 874 2234 prefecti¹
896 2151 928 2212 ot
953 2145 1084 2212 comites
1107 2145 1155 2210 tui
1177 2145 1329 2212 maiorem
1352 2143 1461 2210 violen-

298 2264 376 2329 tiam
400 2268 432 2328 et
454 2263 638 2328 servitutem
660 2261 821 2328 monacbis
845 2265 878 2327 et
899 2260 1114 2328 sacerdotibus
1131 2260 1286 2345 irrogent,
1309 2280 1405 2346 quam
1418 2277 1462 2325 oo·

298 2378 359 2446 teri
382 2383 455 2444 ante
478 2376 642 2444 christiani
663 2397 753 2460 reges
770 2377 928 2444 fecissent.
963 2375 1072 2461 Igitur,
1095 2381 1263 2463 postquam
1279 2375 1463 2461 apostolicus

298 2494 442 2580 pontifex
469 2499 595 2559 sanetus
619 2491 805 2577 Gregorius,
836 2491 876 2559 ab
905 2491 1079 2579 apostolica
1101 2491 1175 2558 sede
1197 2491 1302 2558 missis
1327 2491 1463 2578 predicu-

297 2608 419 2676 toribus
442 2608 613 2676 catholicae
636 2607 738 2692 fideiss,
761 2614 886 2692 gentem
902 2607 1078 2690 Anglorum
1098 2606 1138 2674 ad
1153 2607 1256 2674 Deum
1271 2627 1383 2673 verum
1398 2625 1464 2673 ccu-

297 2725 409 2810 vertit,
438 2725 605 2812 privilegia
628 2723 830 2790 ecclesiarum
851 2724 885 2789 in
908 2743 1004 2806 regno
1028 2722 1204 2808 Anglorom
1226 2724 1416 2790 intemerata
1437 2725 1465 2787 ct

298 2840 451 2908 inviolata
476 2845 718 2927 permanserunt
745 2859 845 2925 usque
873 2838 913 2905 ad
941 2845 1087 2926 tempora
1108 2838 1252 2906 Ceolredi
1279 2840 1366 2924 regis
1389 2836 1465 2905 bler-

298 2951 441 3024 cionum⁸
463 2962 496 3023 et
518 2955 630 3023 Osredi
652 2955 754 3038 regisl
776 2954 936 3037 Derorum
958 2959 990 3021 et
1011 2951 1255 3021 Bemiciomm⁴.

390 3071 433 3138 Hi
456 3070 517 3138 duo
541 3090 632 3154 reges
655 3071 732 3137 haec
755 3069 816 3136 duo
838 3076 969 3157 peccata
991 3071 1132 3137 maxima
1153 3071 1186 3136 in
1209 3070 1383 3157 provinciis
1404 3068 1465 3135 An-

298 3187 420 3272 glorum
445 3186 599 3254 diabolico
622 3187 774 3252 instinctu
798 3187 863 3252 suis
886 3187 1039 3273 exemplis
1063 3186 1223 3253 sceleratis
1245 3189 1357 3252 contra
1378 3203 1467 3272 prae-

298 3308 391 3391 cepta
413 3303 594 3388 euangelica
616 3307 648 3368 et
671 3300 843 3388 apostolica
865 3300 1031 3368 salvatoris
1053 3303 1155 3368 nostri
1178 3301 1302 3388 publice
1324 3300 1468 3369 iacienda

298 3423 563 3486 monstraverunt.
609 3417 652 3484 Et
684 3418 718 3482 in
752 3418 821 3484 istis
850 3419 988 3504 peccatis
1016 3422 1262 3502 commorantes,
1296 3417 1331 3483 id
1360 3424 1412 3484 est
1437 3417 1468 3482 in

299 3535 507 3621 stupratione¹
534 3539 566 3600 et
594 3533 748 3600 adulterio
776 3553 953 3599 nonnarum
980 3540 1013 3600 et
1032 3533 1173 3600 nactura
1193 3533 1468 3616 monasteriorum,

298 3651 381 3717 iusto
403 3649 519 3716 iudicio
534 3648 595 3716 Dei
618 3647 768 3732 damnati,
791 3649 831 3716 de
854 3648 990 3716 culmine
1010 3649 1111 3733 regali
1133 3649 1225 3715 huius
1247 3649 1332 3716 vitae
1356 3647 1470 3717 abiecti

230 3773 281 3827 716
299 3771 332 3833 et
352 3766 513 3832 inmatura
539 3769 572 3832 et
592 3764 745 3832 terribilik
768 3769 870 3831 morte
892 3765 1080 3851 praevertit
1104 3785 1124 3830 a
1145 3764 1215 3832 lnce
1236 3771 1394 3852 perpetua
1417 3785 1469 3832 ox-

371 3940 391 3972 a.
413 3925 452 3984 qui
470 3925 498 3972 7.
575 3924 598 3971 b.
618 3937 672 3970 naun
688 3925 745 3978 MV,
761 3925 802 3971 nr'i
818 3927 845 3973 C.
922 3939 942 3970 c.
962 3923 1079 3982 generarit
1093 3927 1129 3980 M,
1148 3925 1251 3983 regnaut
1268 3926 1295 3981 V,
1310 3926 1429 3984 ragenarii
1445 3927 1470 3974 C.

298 4003 321 4052 d.
342 4004 455 4052 frenduit
471 4005 529 4059 an,
550 4003 689 4050 banmrerit
705 4007 731 4052 C.
814 4018 834 4050 o.
855 4003 939 4051 (licebit
957 4003 985 4050 V.
1062 4003 1079 4050 f.
1100 4003 1196 4062 perfecti
1213 4005 1270 4051 MV.
1346 4019 1371 4063 g.
1392 4005 1470 4052 cutbe-

296 4083 342 4130 llcs
355 4083 401 4130 nus
418 4087 444 4132 C.
514 4083 538 4130 b.
558 4100 601 4130 our.
619 4085 645 4131 C.
716 4083 731 4130 i.
752 4083 914 4144 suprastitions
930 4085 964 4130 M.
1031 4082 1054 4129 ln
1070 4082 1172 4129 terribile
1191 4084 1218 4131 V.
1280 4083 1296 4130 l.
1312 4084 1421 4145 perventi
1438 4086 1471 4130 Ι.

369 4189 394 4242 1.
412 4189 447 4244 V.
466 4187 546 4243 Prov.
560 4188 603 4256 28,
617 4187 660 4242 24.
732 4189 757 4242 2.
782 4185 823 4242 cf.
847 4187 1007 4259 Hieronymi
1025 4201 1069 4256 op.
1087 4185 1123 4241 ud
1139 4187 1321 4258 Nepotianum
1334 4189 1413 4257 (opp.
1427 4185 1470 4241 ed.

296 4275 447 4333 vallarsius
459 4277 472 4330 Ι
484 4276 561 4342 ibij:
588 4274 707 4346 ,Amico
725 4276 865 4346 quippiam
882 4291 978 4347 rapere
996 4273 1099 4331 iururnr
1112 4280 1163 4348 ost,
1181 4276 1326 4332 eeclesiam
1338 4273 1472 4332 bundare

297 4364 470 4435 sacrssegium
488 4361 561 4420 est“.
651 4365 678 4418 3.
702 4362 856 4420 iob-716.
945 4365 972 4420 4.
997 4365 1152 4422 705—716.
