3090 4848
320 317 348 364 s.
366 317 542 364 contusum
564 318 609 364 sn
631 317 733 363 uuum
755 315 942 364 nrmuonsn
966 315 996 362 so
1181 297 1244 363 139

76 459 174 524 tiones
199 463 231 525 et
252 457 436 525 inimicitias
460 462 492 524 et
512 457 750 525 meledictiones
777 456 949 524 multorum
977 455 1165 544 populorum
1188 477 1245 543 pa·
1290 463 1342 520 745

74 575 133 639 tior
161 582 196 641 et
223 574 377 642 aecclesia
398 574 516 640 Christi
545 573 805 662 impedimentum
827 573 901 640 fidei
924 579 957 642 et
978 574 1138 640 doctrinae
1160 579 1246 640 recte
1262 537 1373 586 ”m

73 690 215 757 sustinet.

160 805 281 872 Dicunt
304 806 406 872 enim·
429 807 468 873 de
491 805 709 889 Aldeberotol,
740 805 823 890 quod
847 807 892 873 eis
915 805 1148 872 sanctissimum
1171 823 1246 890 epo

72 921 188 988 stolum
219 922 437 1006 abstulissem,
466 929 635 1009 patronum
664 928 696 988 et
718 927 891 1004 oratorem,
920 926 952 987 et
973 922 1125 986 virtutum
1147 919 1247 986 iacto·

72 1059 137 1104 rem
162 1043 196 1104 et
224 1037 387 1123 signorum
414 1044 606 1106 ostensorem
637 1037 870 1104 abstraxissem.
919 1035 980 1103 Sed
1003 1036 1106 1122 pietas
1129 1041 1246 1119 vestra,

73 1154 205 1220 audiens
229 1156 328 1220 vitam
352 1156 429 1239 eins,
453 1156 571 1221 iudicet
593 1176 632 1222 ex
655 1155 774 1220 fructu:
799 1160 905 1219 utrum
927 1153 1124 1219 vestimentis
1141 1153 1245 1218 ovium

73 1269 214 1355 indutus,
237 1271 323 1337 intus
347 1277 469 1337 autem*
492 1271 586 1358 lupus
608 1291 709 1357 rapax
731 1265 860 1335 fnissct¹
883 1287 924 1334 an
946 1269 1029 1334 non?
1121 1267 1157 1334 ln
1180 1269 1245 1355 pri-

73 1405 163 1452 meva
203 1388 290 1452 enim
324 1391 427 1452 aetate
460 1387 627 1473 ypochrita
653 1387 728 1468 fuit,
762 1385 885 1451 dicens:
915 1384 998 1469 quod
1027 1385 1088 1452 sibi
1117 1383 1246 1468 angelus

73 1501 203 1568 Domini
229 1503 265 1567 in
294 1503 400 1588 specie
429 1503 565 1568 hominis
594 1502 634 1569 de
663 1502 813 1568 extremis
843 1499 957 1568 linibus
981 1499 1091 1566 mundi
1113 1501 1193 1566 mire
1216 1506 1248 1568 et

73 1623 179 1684 tamen
203 1617 325 1685 incerte
348 1619 524 1685 sanctitatis
546 1615 696 1702 reliquias
720 1616 892 1698 attulisset3
917 1622 949 1682 et
964 1616 1077 1682 exinde
1092 1617 1249 1702 potuisset

74 1734 191 1816 omnic,
216 1753 432 1820 quaecumque
454 1732 667 1822 poposceretl,
692 1754 711 1798 a
733 1731 801 1799 Deo
825 1734 1004 1818 impetrare.
1039 1731 1083 1799 Et
1104 1737 1179 1799 tunc
1193 1733 1247 1800 dc·

74 1869 160 1915 mum
183 1871 244 1936 per
266 1850 355 1916 illam
377 1851 625 1934 simulationem,
650 1850 732 1916 sient
754 1848 915 1934 apostolus
938 1847 1054 1915 Paulus
1078 1848 1247 1935 praedixit,

75 1968 255 2052 penetravit
277 1966 449 2033 multorum
473 1968 581 2033 domos
611 1972 643 2032 et
670 1965 811 2052 captivas
840 1965 931 2031 duxit
959 1970 1031 2051 post
1058 1984 1093 2032 se
1119 1964 1247 2032 mulier·

74 2083 160 2148 cules
183 2087 333 2148 oneratos
355 2082 508 2168 peccatis,
539 2103 619 2168 quae
648 2081 841 2147 ducebantur
869 2081 966 2147 variis
995 2078 1187 2164 desideriis²,
1216 2087 1248 2148 et

73 2198 309 2266 multitudinem
332 2199 520 2265 rusticorum
544 2199 725 2281 dicentium,
750 2197 833 2283 quod
856 2198 925 2283 ipre
948 2203 1031 2265 esset
1050 2198 1100 2264 vir
1122 2201 1248 2284 aposto-

74 2314 151 2380 licae
174 2315 355 2381 sanctitatis
378 2321 410 2381 et
432 2317 522 2399 signe
545 2319 576 2380 et
598 2314 743 2400 prodigia
765 2313 868 2379 multa
893 2314 1029 2380 iecisset
1119 2313 1243 2380 Deinde

75 2431 227 2497 conduxit
250 2432 415 2519 episcopos
437 2430 596 2513 indoctos,
626 2430 679 2513 qni
708 2449 742 2496 se
771 2435 881 2495 contra
902 2435 1071 2516 praecepta
1093 2449 1248 2496 canonum

76 2546 219 2614 absolute
241 2543 454 2640 ordinarunt³.
501 2545 582 2612 Tum
612 2546 740 2612 demum
768 2546 801 2610 in
828 2551 951 2612 tentem
981 2546 1161 2633 superbiam
1185 2546 1248 2613 ela·

75 2669 124 2729 tus
148 2671 209 2747 est,
232 2671 270 2729 nt
292 2683 327 2731 se
350 2663 570 2750 aequiperaret
598 2660 748 2748 apostolis
772 2659 898 2728 Christi.
945 2660 988 2727 Et
1009 2661 1248 2746 dedignabatur,

74 2781 106 2844 in
129 2779 265 2845 alicuius
287 2780 406 2845 honore
435 2778 648 2864 apostolorum
677 2777 727 2843 vel
756 2781 931 2864 martyrum
961 2778 1145 2844 aecclesiam
1173 2797 1248 2845 eon·

74 2915 208 2962 secrare.
254 2895 298 2961 Et
318 2895 536 2979 interrogavit,
560 2893 636 2979 quid
659 2893 832 2960 volnissent
853 2894 1007 2979 homines,
1030 2893 1187 2960 visitando
1209 2893 1248 2960 li-

75 3013 163 3077 mine
186 3015 370 3078 sanctornm
395 3012 617 3098 apostolorum.
708 3009 823 3076 Postea
844 3009 878 3074 in
900 3006 1028 3096 proprio
1051 3010 1247 3077 honoresue

75 3128 236 3194 dedicavit
258 3128 398 3194 oratoria
419 3127 484 3212 vel,
507 3132 544 3192 nt
566 3127 670 3192 verius
694 3125 812 3211 dicam,
838 3125 1020 3193 sordidavit.
1067 3125 1156 3193 Fecit
1178 3145 1248 3193 cru·

75 3243 192 3310 siculas
218 3248 250 3310 et
272 3243 443 3310 oratoriola
465 3243 498 3310 in
521 3243 658 3328 campis⁸
682 3247 714 3308 et
736 3242 775 3308 ad
796 3243 898 3309 fontes
918 3241 969 3308 vel
983 3242 1173 3328 ubicumque
1188 3242 1248 3309 sibi

74 3361 177 3426 visum
201 3359 274 3442 fuit,
298 3364 330 3425 ct
351 3360 444 3426 iussit
465 3358 509 3425 ibi
525 3358 667 3445 publicas
684 3359 841 3424 orationes
858 3358 1030 3441 celebrere3
1054 3359 1153 3425 donec
1168 3358 1248 3424 mul-

73 3476 228 3542 titudines
252 3474 458 3562 populorum,
487 3475 602 3560 spretis
630 3473 743 3541 ceteris
771 3475 927 3562 episeopis
950 3479 982 3541 et
1005 3475 1144 3541 dimissis
1167 3475 1248 3541 anti·

73 3594 144 3677 quis
168 3590 345 3676 aecclesiis,
376 3592 409 3656 in
437 3590 553 3657 talibus
575 3590 654 3656 locis
676 3597 848 3658 conventus
872 3590 1073 3658 celebrabant
1094 3590 1246 3658 dicentes:

73 3711 194 3775 Merita
226 3711 330 3774 saoce·
362 3709 526 3772 [ildeberti
559 3709 754 3774 collocabunt
786 3732 853 3774 noe.
943 3705 1086 3792 Ungulas
1115 3727 1187 3773 suas
1217 3713 1249 3774 et

72 3825 207 3912 capillos
236 3824 324 3890 dedit
359 3823 399 3889 ad
428 3822 696 3890 honorificandum
724 3829 756 3890 et
783 3822 973 3910 portandum
1007 3843 1078 3890 cum
1106 3822 1248 3909 reliqniis

2 3997 3 4000 ,
73 3942 176 4008 sancti
191 3941 279 4008 Petri
300 3939 456 4027 principis
479 3939 702 4026 apostolorum.
783 3939 863 4006 Tum
885 3939 1022 4024 demum,
1047 3940 1132 4025 quod
1147 3942 1247 4007 mexi-

2 4137 3 4140 ,
146 4089 167 4122 a.
188 4075 250 4122 enim
270 4091 313 4121 om.
331 4075 357 4121 C.
441 4073 463 4119 b.
484 4073 607 4120 Aldebertc
625 4075 651 4120 C.
733 4085 753 4120 c.
774 4089 816 4120 om.
834 4075 860 4121 ι’.
940 4073 963 4120 d.
984 4089 1041 4120 corr.
1057 4075 1079 4120 in
1100 4075 1205 4134 posceret
1222 4076 1248 4122 ι’,

2 4169 3 4192 i
76 4169 95 4201 s.
113 4155 234 4214 inrumpis
251 4157 277 4203 C.

146 4253 170 4306 l.
194 4249 292 4304 llatth.
306 4251 331 4319 7,
345 4248 388 4304 15.
460 4249 486 4303 2.
511 4245 660 4303 ilimcth.
673 4247 698 4318 3,
712 4249 742 4302 6:
763 4247 832 4318 ,qul
850 4251 994 4318 penetrant
1011 4247 1107 4302 domos
1123 4251 1152 4302 et
1163 4247 1248 4318 capti-

78 4355 126 4399 vae
142 4339 247 4394 ducunt
262 4337 443 4407 mulierculas,
462 4341 589 4393 onerates
600 4336 729 4407 pcccatis,
749 4351 820 4406 quae
832 4337 967 4392 ducuntur
978 4336 1061 4392 vmiis
1074 4335 1247 4394 desideriis“.

2 4427 5 4486 ἰ
79 4429 102 4482 ἃ
125 4429 292 4500 episcopum.
