3148 4846
415 321 602 370 srmnouan
623 321 853 371 mouerimus
876 321 914 370 ee.
926 321 957 370 εε
1204 306 1271 374 405

101 479 192 544 quam
221 461 261 526 ad
289 462 442 549 speciales
470 468 502 529 et
530 463 659 530 devotos
687 463 769 530 ibon
797 483 870 531 suos
900 483 972 532 oum
1001 469 1128 532 nostrae
1149 466 1270 550 gratian
1298 475 1367 532 1156

99 575 294 662 plenitudine
315 580 523 680 remittentes,
547 599 619 646 enm
642 581 843 648 universitati
865 586 989 650 vestrae
1012 581 1162 648 attentius
1184 601 1270 648 eom·
1286 549 1380 608 ΜΗ

97 693 299 777 insudamus;
328 715 393 781 per
421 694 594 782 apostoliea
621 696 711 764 robis
740 698 858 785 scripta
885 698 1086 782 mundantes,
1115 702 1269 784 quatenus

97 809 202 894 ipsum
224 809 394 878 bonoriioe
417 817 511 897 atque
534 811 668 896 benigne
691 817 723 880 et
744 813 875 881 honeste
898 814 1059 901 recipiatis
1081 820 1114 882 et
1136 814 1165 880 ei
1188 819 1269 880 tarn·

97 945 190 1009 quum
212 927 333 1012 pastori
355 933 459 994 vestro
483 933 515 994 et
536 929 651 994 reatori
675 929 853 995 animarum
875 935 1069 1014 vestrarum,
1099 930 1154 1014 qui
1182 930 1269 998 debi-

95 1046 161 1108 tam
184 1063 242 1128 pro
265 1043 353 1110 vobis
377 1042 619 1110 sollicitudinem
643 1045 865 1132 comprobatur
886 1065 1013 1130 gerere,
1040 1046 1075 1111 in
1098 1045 1165 1130 his,
1188 1067 1269 1131 quae

96 1155 136 1223 ad
158 1157 262 1224 Deum
285 1158 380 1225 etad
402 1159 537 1226 salutem
561 1161 739 1226 animarum
761 1166 938 1228 vestrarum
960 1161 1119 1248 pertinere
1134 1181 1269 1228 noscun-

94 1279 156 1358 tur,
180 1295 238 1361 per
260 1275 368 1342 omnia
388 1276 518 1360 obedire
540 1277 666 1343 eunetis.
701 1275 786 1344 Dete
807 1277 964 1345 Narniae·
987 1280 1007 1343 3
1032 1277 1105 1344 Idus
1120 1277 1266 1362 Augusti.

95 1457 158 1530 56.
182 1463 368 1528 Rutdurdue
402 1465 499 1530 abbae
528 1465 754 1530 Eberdacensre
782 1464 964 1532 Arnoldum
997 1466 1268 1554 arehiepiscopum

182 1580 422 1665 Mogontinum,
451 1579 663 1666 voluptatibus
690 1583 901 1668 indulgenter
926 1603 1144 1668 pauperesque
1164 1583 1264 1668 nepti-

179 1708 316 1782 pentem,
340 1693 566 1784 reprebendit⁵.

181 1825 307 1894 Domno
335 1827 502 1910 A(rnoldo)
525 1827 586 1894 Dei
614 1829 719 1912 gratia
744 1828 999 1913 Mogontinorum
1029 1829 1432 1917 arehiepisooponse-nee

90 1945 191 2010 freter
218 1939 441 2027 R(utbardus)¹
468 1945 615 2028 indiguus
643 1945 832 2030 humilisque
859 1945 1003 2012 minister
1033 1965 1210 2032 pauperum
1232 1952 1265 2015 et

91 2065 311 2147 peecatorum,
345 2061 399 2146 qui
435 2062 676 2147 peregrinentur
708 2061 741 2128 in
768 2060 950 2144 Eberbaoh,
983 2061 1063 2128 bene
1095 2062 1201 2129 vivere
1235 2067 1267 2130 et

89 2197 209 2261 regere.

181 2291 271 2360 Siout
298 2292 441 2378 iniquum
470 2297 519 2360 est
546 2291 627 2377 filio,
657 2291 797 2360 revelare
825 2291 1054 2380 turpitudinem
1077 2293 1192 2378 patris,
1220 2293 1267 2361 ita

89 2410 181 2495 pium
204 2413 267 2493 est,
291 2408 431 2476 revelata
452 2409 663 2496 turpitudine,
692 2408 825 2496 pallium
847 2407 1021 2476 honestatis
1044 2409 1263 2496 superducere.

90 2523 173 2606 Quid
195 2525 292 2608 ergo?
314 2523 385 2592 Etsi
407 2544 471 2592 uon
494 2529 543 2591 est
564 2525 788 2612 deturpandus,
812 2525 968 2610 numquit,
991 2527 1019 2592 si
1040 2545 1074 2592 se
1088 2526 1195 2612 ipsum
1209 2526 1263 2592 de-

89 2645 209 2728 turpat,
233 2661 253 2709 a
275 2640 356 2708 bono
378 2639 443 2708 filio
465 2661 529 2706 non
544 2645 593 2707 est
606 2641 805 2724 arguendus?
833 2639 909 2720 Quis
932 2641 991 2707 hoo
1013 2640 1145 2708 dixerit!
1181 2640 1263 2719 Quin

87 2757 200 2844 potius
222 2777 286 2824 non
309 2777 440 2842 arguere
463 2756 668 2840 ignominiam
690 2757 831 2826 revelare
846 2762 910 2839 est3
935 2762 966 2824 et
979 2757 1065 2844 patri
1079 2775 1143 2822 non
1159 2757 1261 2824 oeeul·

88 2877 158 2942 tare
181 2871 409 2960 turpitudinem
433 2893 533 2956 suam,
556 2873 687 2960 pallium
712 2872 920 2959 superducere
936 2877 992 2940 est
1031 2871 1187 2951 Quoniam
1201 2873 1261 2954 igi·

87 2993 141 3056 tur
170 2966 333 3075 turpitudo
362 2991 463 3076 patris
486 2989 649 3074 turpitudo
672 2986 745 3072 filii,
773 2993 805 3055 et
832 2987 933 3072 gloria
955 2987 1055 3075 patris
1078 2986 1180 3072 gloria
1201 2986 1259 3054 tilii

88 3111 147 3188 est,
171 3104 339 3172 suademus
362 3105 546 3192 paternitati
567 3109 705 3170 vestrae:
728 3109 766 3171 ut
779 3104 896 3170 famam
911 3109 1060 3186 vestram,
1083 3123 1164 3188 quae
1179 3103 1260 3170 dura

88 3222 167 3288 satis
190 3226 248 3305 est,
272 3241 311 3288 ne
335 3221 437 3288 diram
459 3220 567 3304 fetida,
590 3241 654 3286 non
677 3219 858 3304 negligatis,
882 3224 914 3286 et
935 3219 1023 3286 falsis
1045 3218 1260 3286 laudatoribus

87 3338 186 3404 immo
209 3337 441 3421 seductoribus,
465 3337 557 3403 sociis
579 3355 722 3420 mensae,
746 3335 933 3402 diviciarum
956 3335 1076 3419 amieis,
1100 3355 1180 3420 quae
1202 3357 1261 3402 sua

87 3459 164 3520 sunt
186 3453 399 3538 querentibus,
423 3452 462 3519 de
485 3458 590 3520 vestra
612 3451 712 3519 salute
735 3451 785 3519 vel
808 3451 935 3536 honore,
959 3451 998 3518 de
1020 3451 1173 3535 regimine
1192 3453 1259 3518 ani·

87 3589 229 3654 marum,
258 3568 297 3635 de
320 3575 405 3636 statu
428 3569 576 3636 eeclesiae
599 3589 710 3656 parum
735 3567 932 3650 curantibus,
959 3566 1089 3634 minime
1112 3568 1257 3634 credatis.

88 3684 251 3774 Scriptum
281 3686 365 3753 euim
392 3686 567 3754 invenitur:
599 3685 664 3768 Qui
690 3685 820 3772 oeplipit
833 3685 963 3769 famam
985 3707 1091 3766 suom,
1122 3687 1257 3752 eudelt's

87 3798 150 3870 eet¹
175 3808 207 3871 et
229 3803 304 3888 quia
326 3807 449 3889 oportet
471 3803 653 3889 episcopum
668 3800 785 3866 bonum
800 3798 1015 3866 testimonium
1031 3798 1146 3868 habere
1161 3803 1257 3868 etiam

87 3919 127 3986 ab
149 3919 211 4003 his,
234 3919 288 4005 qui
310 3919 387 3986 ioris
410 3913 511 3985 suut⁸.

161 4057 181 4090 ι.
205 4043 267 4090 Narr‘n
283 4061 303 4088 c.
381 4042 404 4089 b.
427 4059 456 4088 e:
477 4042 528 4088 cod.
549 4043 592 4088 lat.
614 4043 750 4088 Monuemi
769 4040 845 4088 13079
866 4038 998 4098 (muron.
1014 4043 1056 4086 cin.
1072 4038 1115 4098 ⁷9)
1137 4040 1255 4087 mbram.
1284 4013 1288 4020 Ι

86 4140 147 4170 ’Μ
159 4123 365 4256 ἶηῐζιῑὲὴιεθεὲεε
383 4211 455 4254 auno
474 4199 541 4254 1131
562 4196 647 4252 abbas
666 4195 865 4254 Eberbaeensie
882 4193 972 4252 iaetus
991 4199 1041 4266 est,
1063 4195 1176 4264 eiusque
1193 4210 1253 4250 sue·

87 4303 180 4344 oessor
198 4287 374 4343 Eberhardus
397 4287 452 4341 iam
475 4287 503 4342 in
527 4287 591 4341 anni
610 4287 679 4341 1158
702 4285 796 4341 tabula
815 4289 963 4355 comparet
990 4285 1024 4341 V.
1043 4284 1098 4338 Bar
1115 4283 1254 4353 Diploms·

85 4375 174 4432 tisobe
192 4375 355 4432 Gesobiehte
373 4391 428 4431 von
445 4373 589 4430 Eberbeob
606 4389 634 4444 p.
648 4375 699 4430 151
718 4380 747 4429 et
763 4375 824 4429 230.
912 4375 938 4428 2.
961 4371 1134 4442 Augmtinus
1152 4372 1180 4428 in
1198 4387 1253 4428 ser-

86 4479 167 4520 mone
185 4466 238 4520 355
257 4467 310 4521 o.1
330 4465 409 4535 (Opp.
428 4463 471 4519 ed.
490 4463 594 4520 Gaillm
612 4464 645 4520 T.
658 4463 725 4518 XXI
743 4478 770 4532 p.
783 4463 854 4531 348).
944 4462 970 4518 3.
995 4460 1140 4518 lTimotb.
1153 4462 1179 4536 3,
1192 4463 1217 4521 7.
