3090 4848
333 297 361 346 s.
379 297 555 346 normann
576 297 621 344 nr
643 297 745 344 nuum
767 295 953 344 nrmronan
975 295 1007 340 aa
1192 276 1255 340 113

173 437 210 504 Si
231 439 382 506 inuenero
399 438 579 523 interillos,
602 439 752 506 diaconos
767 457 845 523 quos
860 437 1034 520 nominant,
1059 435 1122 518 qui,
1146 453 1257 521 apue·
1275 511 1315 558 hu
1325 437 1425 558 τέξῃ

84 553 159 620 ritia
185 575 245 620 sua
267 575 392 641 semper
413 556 447 621 in
470 555 588 642 stupris
611 573 735 640 semper
758 553 792 619 in
814 550 978 620 adulteriis
1002 556 1034 617 et
1054 551 1087 618 in
1107 549 1257 616 ‘omnibus
1317 545 1322 558 '

85 689 210 756 semper
238 671 399 758 spurcitiis
422 671 521 738 vitam
544 671 709 753 ducentes,
740 667 878 736 subtuli
901 666 1082 735 testimonio
1104 671 1258 733 venerunt

85 785 124 852 ad
146 785 365 869 diaconatum
395 791 429 854 et
453 786 546 853 modo
568 786 603 853 in
625 786 808 869 diaconatu,
838 783 1028 852 concubinas
1052 786 1185 867 quatuor
1207 781 1258 848 vel

85 903 224 989 quinque
249 902 302 970 vel
327 902 434 990 plures
456 908 551 970 noctu
572 903 607 968 in
628 901 710 970 lecto
733 901 900 984 habentes,
930 897 1129 983 euangelium
1151 902 1258 964 tamen

83 1017 188 1102 legere
213 1025 246 1085 et
267 1018 415 1086 diaconos
438 1039 472 1086 so
494 1019 658 1085 nominare
680 1037 738 1086 nec
761 1016 950 1084 erubeseunt
968 1033 1026 1082 noc
1041 1018 1202 1096 metuunt;
1227 1019 1259 1081 et

84 1133 144 1216 sio,
175 1135 211 1200 in
239 1133 356 1201 talibus
383 1134 512 1202 incestis
539 1134 579 1202 ad
602 1135 745 1202 ordinem
769 1132 996 1220 presbiteratus
1018 1130 1196 1215 venientes,
1225 1130 1259 1196 in

84 1248 207 1316 hisdem
233 1250 369 1336 peccatis
391 1250 598 1337 perdurantes
619 1255 651 1318 et
666 1254 796 1338 peccata
811 1247 949 1334 paneade
965 1246 1147 1331 adicientes,
1170 1266 1259 1332 pres·

85 1365 240 1432 biteratus
262 1363 366 1432 officio
387 1366 564 1450 fungentes,
590 1366 710 1450 dicunt,
733 1385 767 1432 se
789 1383 848 1451 pro
870 1363 988 1451 populo
1010 1383 1104 1449 posse
1126 1363 1259 1430 interco-

85 1481 159 1548 dere
182 1485 216 1548 ot
238 1500 344 1548 sacras
365 1481 538 1550 oblationes
555 1479 683 1563 offerre;
707 1481 889 1564 novissime,
913 1479 998 1564 quod
1012 1478 1102 1566 peius
1118 1484 1177 1562 est,
1201 1478 1260 1546 sub

84 1597 201 1664 talibus
224 1597 430 1682 testimoniis,
454 1618 513 1684 per
533 1598 649 1682 gradus
673 1597 812 1682 singulos
836 1595 1051 1678 ascendentes,
1075 1594 1261 1661 ordinantur

85 1720 117 1780 et
136 1713 346 1780 nominantur
367 1714 522 1802 episcopi3
550 1718 588 1781 ut
608 1713 741 1781 habeam
765 1717 968 1800 praeceptum
992 1716 1025 1778 at
1046 1711 1260 1796 conscriptum

85 1830 287 1897 auctoritatis
308 1834 447 1914 vestrae,
479 1829 555 1914 quid
577 1828 616 1896 de
638 1829 754 1896 talibus
778 1826 951 1894 diffiniatis.
986 1826 1030 1893 Et
1051 1846 1110 1912 per
1130 1845 1260 1912 respon·

1 1999 2 2014 ι
85 1965 155 2012 sum
178 1945 391 2032 apostolieum
406 1945 631 2014 convincantur
647 1950 679 2012 ot
694 1949 868 2028 arguantur
882 1947 1073 2030 peccatores.
1153 1941 1197 2007 Et
1210 1941 1261 2008 in-

84 2063 259 2129 veniuntur
281 2061 410 2146 quidam
432 2060 517 2128 inter
539 2081 592 2129 eos
616 2061 766 2148 episcopi,
790 2059 855 2146 qni,
878 2058 953 2126 licet
976 2059 1083 2125 dicant
1105 2077 1139 2124 se
1162 2057 1261 2124 iorni·

84 2179 187 2244 uarios
211 2177 265 2244 rel
287 2176 445 2244 adulteros
467 2197 531 2244 non
554 2197 638 2262 essa,
667 2176 723 2246 sed
751 2182 825 2242 sunt
847 2174 963 2242 ebriosi
986 2180 1017 2242 et
1039 2173 1189 2242 incuriosi
1212 2171 1261 2239 vel

84 2299 265 2378 venatores,
290 2297 322 2360 et
343 2293 398 2379 qni
421 2299 564 2380 pugnant
585 2295 619 2360 in
639 2292 780 2360 exercitu
796 2291 909 2359 armati
926 2295 958 2360 et
974 2289 1174 2358 effundebant
1189 2309 1261 2375 pro·

83 2410 155 2495 pria
179 2418 298 2476 manu‘
320 2409 506 2492 sanguinem
528 2409 702 2492 hominum,
726 2408 793 2475 sira
816 2427 1012 2494 paganorum
1036 2407 1102 2474 sive
1118 2405 1262 2473 christia·

83 2544 210 2592 norum.
244 2543 246 2548 ·
304 2523 577 2609 thuiaserros
601 2523 777 2607 utlagatus
802 2522 1099 2611 apostolicaesedis
1124 2521 1263 2588 essedi-
1320 2532 1334 2560 ⁸

84 2661 218 2724 nascor,
240 2659 339 2706 unum
362 2641 404 2707 sit
426 2640 557 2708 uerbum
580 2643 612 2707 at
633 2658 739 2707 meum
762 2639 815 2706 hio
837 2645 869 2708 et
890 2643 1030 2706 vestrum
1053 2637 1115 2722 ibi,
1138 2638 1167 2703 si
1189 2656 1264 2703 oon·

86 2757 207 2840 tingat,
238 2755 278 2823 ad
304 2755 457 2824 iudicium
487 2755 683 2824 auctoritatis
705 2760 830 2823 vestrae
860 2761 896 2823 ut
917 2755 1039 2842 pariter
1060 2751 1192 2820 missos¹³
1216 2753 1263 2820 di·

85 2874 242 2940 reximus.

178 2987 315 3075 Propter
343 3007 381 3054 ea
410 2987 449 3054 de
477 3007 541 3052 una
568 3005 603 3054 ro
631 2991 664 3054 ot
686 2987 851 3054 consilium
875 3007 1026 3074 quaerere
1049 2992 1081 3053 et
1102 2985 1264 3052 licentiam

85 3111 201 3191 petere
222 3123 351 3171 necesse
373 3102 488 3188 babeo,
517 3122 554 3170 eo
584 3103 668 3188 quod
689 3103 866 3171 venerande
889 3102 1059 3170 memoriae
1082 3120 1265 3190 praecessor

84 3227 214 3304 vester,
242 3220 324 3287 sicut
353 3219 503 3303 audistis,
533 3219 567 3286 in
590 3220 771 3306 praesentia
791 3223 899 3286 vestra
920 3219 999 3284 mibi
1021 3217 1199 3306 praecepit,
1230 3221 1266 3282 ut

84 3336 304 3424 presbiterum
327 3339 400 3422 post
422 3335 543 3402 obitum
564 3355 686 3419 meum,
710 3333 778 3402 Deo
801 3334 944 3418 volente,
975 3335 1009 3400 in
1033 3333 1265 3402 aecclesiastico

81 3451 270 3520 ministerio
291 3451 440 3518 heredem
463 3457 495 3518 et
517 3471 729 3520 successorem
749 3429 939 3518 constituero
960 3449 1115 3518 deberem.
1150 3449 1193 3516 Et
1207 3451 1267 3517 hoe

81 3570 186 3652 mihi,
212 3568 240 3634 ei
262 3567 322 3634 Dei
345 3567 491 3634 voluntas
514 3572 572 3652 est,
595 3566 709 3654 placet.
757 3566 819 3634 Sed
842 3567 935 3633 modo
959 3566 1067 3634 dubito
1092 3571 1123 3634 et
1146 3569 1264 3650 nescio,

80 3688 110 3752 si
139 3684 219 3752 fieri
252 3684 361 3771 possit
413 3683 502 3762 Quod
536 3688 663 3770 postea⁰
692 3683 791 3750 irater
824 3683 909 3750 illius
940 3677 1148 3750 ιιιιιιιοιιΙιιιιιι
1177 3682 1266 3750 ducis

157 3867 184 3900 a.
206 3865 286 3899 manus
304 3856 337 3899 dd.
415 3852 437 3898 b.
457 3853 580 3902 nauum.
658 3865 677 3900 c
699 3849 804 3912 ρὶιιΙΙ.

158 3959 191 4012 1.
216 3955 269 4022 Qui
287 3955 497 4026 ,Theodoaidus
520 3953 681 4011 interfectus
701 3954 779 4010 ease“
799 3969 871 4011 anno
890 3956 940 4010 741
960 3953 1046 4010 fertur
1063 3956 1091 4010 iu
1109 3955 1197 4010 annai.
1216 3955 1265 4009 Pe·

78 4049 205 4114 tarian,
222 4045 409 4114 Lauresham,
427 4045 622 4114 Alamannicis,
635 4043 796 4100 Nauarianis
809 4045 891 4112 (Mon.
906 4044 997 4100 Germ.
1011 4042 1059 4098 SS.
1073 4045 1085 4098 l
1101 4045 1143 4112 11,
1156 4045 1199 4112 26,
1212 4043 1265 4112 27),

79 4135 158 4192 bunc
172 4133 223 4189 alti
236 4137 266 4188 et
275 4133 464 4190 Theodaidum
476 4135 551 4189 illum
564 4133 693 4189 maiorem
706 4133 812 4203 domus,
831 4131 981 4188 Grimoaldi
993 4133 1020 4187 ΙΙ
1031 4131 1124 4202 filium,
1144 4135 1173 4186 et
1183 4133 1266 4186 istum

79 4223 287 4281 Knoromnni
306 4222 513 4293 ,avunculum'“
534 4237 595 4278 esse
612 4227 712 4292 putant
730 4225 771 4289 (ut
789 4222 894 4277 Ecoard
907 4222 1023 4277 Francia
1041 4221 1264 4290 or.1388,402),

80 4315 128 4372 aiii
153 4311 279 4370 eundem
303 4311 414 4382 quidem
433 4326 466 4366 ao
484 4310 634 4367 Grimoaldi
652 4309 738 4366 tilium
756 4309 841 4366 tuboe
860 4309 1027 4378 concedunt,
1051 4309 1101 4364 sed
1119 4309 1267 4378 negantia

80 4404 134 4460 bac
159 4401 283 4474 epistola
305 4401 341 4456 de
359 4399 519 4456 Theodaido
542 4399 685 4470 scripsisse
707 4397 874 4458 Bonifatium
893 4401 940 4468 (ut
958 4397 1070 4455 Ocioner
1093 4398 1128 4454 de
1152 4398 1266 4468 Pippiuo

125 4499 212 4554 suri.
230 4499 375 4546 sinuatum
389 4499 429 4544 111.
1036 4497 1053 4550 8
