3148 4846
303 275 373 343 tw
615 293 821 342 wrnnmsrnr
842 293 923 342 vrrs
945 294 973 344 s.
989 293 1166 344 normann

304 435 447 520 suscitet,
470 438 507 501 ut
530 433 571 501 ad
593 455 631 502 ea
653 445 750 521 quae·
772 435 954 520 cogentibus
975 433 1064 503 robis
1086 435 1221 502 inritata
1242 439 1292 503 est
1313 433 1461 502 amem·

303 551 405 618 vivaci
428 571 609 620 sermonum
630 551 812 620 narratione
834 551 993 619 reddatur.

392 665 585 754 (lonpulistis
608 667 693 735 eninr
720 687 787 751 mc,
817 672 853 733 ut
881 667 922 734 ad
945 687 1088 733 normam
1111 686 1235 752 eornm,
1262 686 1395 752 quorum
1415 671 1466 732 aut

302 782 386 850 sitae
409 784 627 850 castimoniam
650 787 721 851 aut·
736 802 861 850 morum
881 783 1122 850 sanctimoniam
1136 783 1239 850 sancti
1252 783 1363 871 procui
1376 781 1465 850 dubio

302 905 410 986 patres
438 899 601 983 elegante*¹
623 899 791 967 verborum
815 900 946 984 ambage
969 902 1064 968 cartis
1086 899 1252 966 inserendo
1274 899 1468 966 tradiderunt

302 1049 345 1064 ·-
361 1014 541 1102 petentibus
563 1015 723 1099 relegiosia
747 1035 784 1082 ae
805 1015 968 1083 catholicis
982 1018 1070 1101 viris,
1094 1014 1206 1102 quibus
1225 1015 1277 1082 rel
1290 1015 1325 1082 in
1340 1015 1468 1082 Tusciae

302 1129 445 1218 pur-tibus
472 1129 525 1196 uel
550 1131 587 1198 iu
608 1129 730 1198 Galliae
751 1131 896 1198 terminis
918 1133 969 1199 vel
990 1133 1024 1198 in
1047 1131 1236 1200 Germaniae
1258 1131 1395 1198 aditibus
1417 1135 1469 1196 aut

303 1248 399 1314 etiam
425 1248 460 1312 in
485 1247 678 1314 Brittaniae·
706 1247 860 1315 limitibus
893 1249 995 1316 sancti
1023 1247 1175 1316 Bonifatii
1210 1247 1360 1333 martyris
1388 1246 1469 1314 tama

302 1361 586 1449 miraculorumque
608 1362 819 1430 choruscatio‘
840 1366 1035 1452 perstrepuit
1055 1365 1198 1430 -sicut
1219 1361 1384 1450 discipulis
1406 1363 1469 1428 eius

303 1497 408 1546 secum
436 1478 491 1545 diu
513 1478 780 1547 commorantibus
802 1479 853 1546 rel
875 1481 964 1550 robis
987 1480 1065 1569 ipsis
1088 1477 1295 1548 referentibus
1317 1479 1470 1566 comperi·

301 1613 380 1680 rem,
403 1593 602 1681 prohemium
621 1595 821 1682 mediumque
839 1602 894 1664 aut
907 1596 1003 1664 finem
1017 1597 1102 1664 vitae
1116 1597 1193 1680 eius,
1217 1599 1335 1680 quanta
1350 1595 1470 1662 valeam

301 1710 513 1796 indagatione,
536 1711 650 1778 litteris
673 1712 822 1779 inseram.
867 1712 911 1780 Et
932 1712 1212 1799 quemadmodum,
1235 1712 1360 1798 primae
1381 1729 1470 1799 prae

302 1827 504 1894 varicationis
523 1826 663 1894 resoluto
685 1828 850 1915 cyrograto
873 1834 905 1896 et
926 1849 1019 1896 verae
1039 1828 1119 1896 lucis
1134 1827 1223 1894 radio
1238 1827 1471 1910 inluciscentc⁸‚

302 1941 515 2031 Aegamppua,
544 1942 600 2028 qui
622 1941 680 2010 sub
702 1941 873 2012 Anacleto¹
894 1945 1027 2012 Romam
1051 1945 1174 2012 venisse
1195 1944 1311 2028 fertur,
1334 1944 1472 2029 quinqua

303 2058 604 2126 aecclesiasticorum
629 2065 755 2127 actuum
777 2061 874 2130 libros
898 2063 937 2129 ob
958 2062 1131 2128 utilitatem
1152 2059 1321 2144 legentium
1338 2059 1473 2126 edidisse

302 2174 499 2262 perhibetur3
522 2174 741 2262 Eusebiusque
756 2176 960 2263 (tesauriensis⁷
983 2175 1251 2244 nominatissimus
1268 2175 1472 2260 historiogra-

302 2289 437 2376 phorum
459 2291 604 2376 scriptor,
628 2311 700 2358 cum
714 2290 879 2381 Pamphilo
900 2300 1042 2381 martyre
1063 2298 1096 2360 et
1115 2292 1258 2359 adiutore
1270 2311 1328 2358 suo
1344 2310 1473 2357 suoram

302 2403 425 2489 sibique
447 2407 697 2474 antecedentium
718 2413 896 2496 temporum
918 2409 1067 2477 historias
1090 2409 1172 2475 mira
1193 2406 1310 2493 eloquii
1331 2407 1474 2474 disserti

302 2520 431 2587 maine·
452 2525 607 2606 texentes,
629 2521 753 2590 infinita
775 2525 901 2612 scriptis
924 2526 1084 2592 volumina
1105 2520 1305 2606 ediderunt¹3
1328 2543 1390 2591 nec
1411 2543 1474 2590 non

303 2642 336 2704 et
357 2633 543 2722 Gregorius,
573 2639 723 2723 quierat
750 2641 799 2707 vir
826 2641 937 2708 beatae
963 2640 1133 2708 memoriae
1160 2641 1337 2707 litterarum
1362 2640 1474 2708 sbrdiis

303 2751 534 2820 eruditissimus
555 2754 693 2839 glorioso
716 2756 906 2842 apostolicae
928 2757 1011 2824 sedis
1032 2757 1169 2825 culmine
1182 2756 1380 2843 praesidens,
1404 2757 1474 2824 bea·

303 2873 407 2937 torum
437 2870 578 2937 scribens
601 2873 814 2939 confessorum
836 2873 951 2958 vitam,
981 2871 1178 2940 dialecticum
1201 2874 1281 2940 miro
1304 2874 1474 2940 ostendens

302 2985 518 3052 moderamine
538 3005 669 3072 morem,
693 2993 903 3074 quattuorque
924 2988 1027 3073 logica
1049 2989 1205 3076 expressit
1224 2989 1475 3057 ratiocinatione⁸

302 3097 428 3187 bbros',
452 3103 506 3186 qui
528 3102 591 3168 huc
612 3123 722 3189 usque,
745 3103 969 3172 aecclesiarum
989 3104 1120 3172 inserti*
1136 3104 1342 3190 bibliothecis,
1367 3107 1476 3192 elngu·

303 3216 440 3284 bratam'
463 3218 599 3304 posteris
622 3219 772 3287 scientiae
795 3219 941 3287 adierunt
961 3222 1163 3305 dignitatem
1185 3222 1232 3290 ita
1246 3220 1331 3289 beati
1351 3223 1415 3290 riri
1429 3223 1476 3289 ri·

302 3337 369 3400 tam
390 3333 630 3421 praecelsasque
652 3335 719 3402 eim
735 3336 866 3404 virtutes
889 3341 922 3404 et
944 3335 1063 3403 cultum
1086 3337 1240 3424 pietatis·
1263 3343 1358 3424 atque
1377 3339 1477 3407 absti-

374 3543 396 3575 ι.
416 3530 450 3576 sic
471 3531 541 3577 codd.
553 3548 597 3590 pro
613 3530 642 3578 nd
658 3543 727 3591 quaa3
747 3536 778 3588 cf.
794 3535 855 3589 infru
872 3534 986 3589 Bonifatii
1000 3533 1067 3579 carta
1085 3534 1236 3581 Wdtttmrdo
1253 3535 1331 3581 diora:
1351 3537 1380 3582 ut
1394 3549 1432 3582 nra
1447 3533 1476 3581 ud

303 3607 346 3656 baa
362 3621 419 3669 quaa
434 3609 518 3657 maana
534 3622 583 3658 sum
598 3612 672 3658 terres
688 3611 785 3669 dirsgm.
878 3611 901 3658 b.
922 3624 1002 3660 seusus
1020 3613 1077 3660 add.
1092 3613 1121 3660 B.
1213 3627 1233 3662 c.
1254 3617 1279 3660 ιι
1294 3617 1320 3671 F,
1341 3617 1383 3662 aut
1397 3618 1432 3672 A,
1447 3617 1475 3661 B.

304 3688 327 3736 d.
349 3688 447 3748 eleganti
461 3692 491 3746 A,
506 3691 534 3738 B.
616 3704 637 3738 e.
657 3690 772 3738 britaniae
787 3696 815 3739 A.
896 3690 913 3738 t.
934 3693 1061 3740 comestio
1076 3695 1105 3740 A.
1182 3705 1205 3751 g.
1224 3692 1380 3742 inlucescente
1395 3697 1429 3752 A.
1447 3696 1476 3742 B.

304 3767 328 3814 b.
348 3767 508 3817 disertitndlua
522 3772 556 3827 A,
573 3772 599 3817 B.
679 3770 695 3816 i.
717 3771 805 3816 ratione
819 3773 848 3818 A.
923 3769 948 3818 k.
967 3772 1053 3820 inserts
1069 3775 1095 3829 F,
1111 3774 1144 3828 B,
1160 3771 1241 3822 inserti
1256 3777 1285 3822 A.
1362 3772 1379 3820 l.
1400 3772 1475 3822 elucu-

304 3846 391 3896 brataru
407 3853 435 3896 A.
514 3863 544 3898 m.
563 3849 648 3914 pietati
662 3852 689 3905 F,
708 3849 801 3909 pietatis
815 3852 845 3908 A,
861 3851 889 3896 B.

377 3954 402 4007 1.
426 3953 609 4025 Hieronymus
632 3952 668 4007 de
685 3953 751 4008 viris
768 3953 918 4009 illustribus
936 3968 960 4009 c.
974 3955 1009 4008 22
1027 3954 1106 4024 (opp.
1126 3955 1170 4010 ed
1183 3955 1333 4012 vallarsius
1351 3955 1380 4012 Π
1391 3957 1477 4024 libbi:

307 4039 501 4112 „Hegssippas
520 4071 554 4082 -
572 4041 714 4110 mulmqua
732 4041 768 4096 ad
785 4042 931 4098 uditatem
947 4043 1096 4112 legentium
1113 4045 1278 4114 pertinentia
1294 4059 1475 4116 congregem,

305 4129 424 4200 quinque
446 4129 531 4186 libros
554 4129 716 4199 composuit.
748 4129 869 4202 Asserit,
893 4145 923 4186 se
945 4130 1055 4187 venisse
1079 4131 1131 4188 sub
1154 4133 1302 4190 Aniceto
1327 4132 1474 4190 Romam'.

306 4219 331 4274 2.
356 4217 540 4290 Hieronymus
556 4217 575 4274 l.
587 4219 605 4272 l.
624 4233 648 4273 c.
661 4219 695 4274 81
714 4220 787 4289 (opp.
799 4219 826 4274 11
837 4221 915 4288 bodi:
934 4221 1094 4290 „Eusebius
1111 4221 1263 4279 Caesareae
1280 4223 1429 4294 episcopus
1440 4249 1474 4263 -

306 4310 337 4360 et
351 4305 533 4363 bibliothecae
550 4305 659 4362 divinae
671 4322 734 4363 cum
745 4307 888 4378 Pamphilo
896 4313 1018 4381 martyre
1029 4309 1254 4380 diligentissima!
1265 4313 1473 4383 pervestigator,

307 4392 394 4450 edidit
410 4393 517 4451 infinita
533 4395 703 4454 volumiw.
792 4398 818 4454 3.
841 4397 1020 4470 Dialogorum
1037 4399 1122 4458 libres
1138 4401 1188 4460 iv.

900 4503 906 4531 l
