3142 4848
321 304 364 370 36
577 315 603 363 s.
621 314 798 363 normann
820 313 864 360 nu
886 313 988 361 cunm
1009 311 1197 360 namucum
1222 312 1236 358 s

172 467 236 520 anta
249 462 301 520 '106
408 457 533 527 Aestivi
554 455 653 540 igitur
672 455 825 541 temporis
840 473 944 538 cmsu,
967 473 1029 540 qno
1044 453 1196 520 mmeneis
1210 449 1355 519 feralium
1370 449 1485 538 passim

320 573 577 660 congressionum
600 569 852 657 expeditionibus
875 569 953 637 haec
980 568 1160 636 miserrima
1186 567 1292 655 patria
1317 565 1486 650 lugubriter

318 691 439 760 invidia
460 688 631 758 emtahice
653 685 875 769 deformatum,
898 691 1002 752 tecum
1024 685 1148 770 legendi
1167 683 1272 750 studio
1288 687 1485 749 conversatus

318 807 514 876 demorabar.
561 803 643 870 Tum
664 801 758 884 mihi,
786 801 861 868 licet
885 800 1031 885 indigno,
1055 806 1128 868 tuae
1154 798 1358 867 beatitudinis
1385 818 1486 865 sacro

318 927 429 992 sancta
451 920 606 1006 sagacitas
631 951 672 963 -
696 916 842 983 omnibus
865 922 902 983 ut
922 937 994 983 reor
1020 915 1248 1003 propemodum
1271 914 1486 1001 pannagericis

317 1045 383 1107 tam
400 1037 620 1120 saecularium,
638 1033 813 1100 litterariae
828 1032 1028 1100 verbositatis
1043 1032 1191 1099 facundia
1205 1031 1371 1115 editorum,
1395 1051 1486 1116 quam

319 1155 415 1223 etiam
443 1152 650 1240 spiritalium,
683 1147 907 1216 aecclesiastici
937 1147 1092 1232 dogmatis
1123 1147 1196 1214 stilo
1225 1146 1486 1231 elucubratorum,

318 1267 519 1358 plenissime*
552 1265 750 1334 uoluminum
784 1263 910 1350 scriptis
942 1264 1055 1331 inbuta
1088 1301 1130 1313 -
1165 1283 1280 1332 arcana
1311 1262 1487 1330 liberalium

315 1386 496 1454 littemrum
519 1381 634 1466 studia,
658 1381 765 1467 opacis
788 1380 954 1448 dumtaxat
975 1381 1189 1448 misteriorum
1209 1379 1355 1447 secretis⁰
1370 1379 1487 1462 ignaris

316 1502 492 1588 quibusque
520 1497 678 1565 mentibus
701 1493 892 1580 obstructa‘,
919 1495 1065 1583 abrepto·
1089 1495 1236 1583 propere‘
1258 1496 1380 1582 spissae
1402 1494 1490 1561 stoli·

316 1617 425 1685 ditatis
452 1613 644 1697 velaminess,
673 1611 866 1698 patefaciens
895 1611 1105 1697 liquidissime
1132 1610 1324 1698 propalarat.
1370 1609 1489 1689 Quibus

316 1733 357 1801 ad
379 1733 538 1816 integrum
561 1727 765 1796 exuberantis
786 1727 905 1811 ingenii
929 1727 1050 1814 aepulis
1078 1727 1281 1794 ambronibus
1311 1726 1490 1794 siticulosae

214 1905 219 1916 ,
315 1845 551 1932 intellegentiae
572 1843 715 1912 faucibus
739 1842 830 1909 aride
853 1843 1044 1930 absumptis,
1068 1864 1172 1912 meam
1195 1841 1297 1910 adhuc
1319 1841 1490 1930 pallentem

313 1963 507 2032 hebitudinis
530 1961 665 2028 maciem
687 1958 865 2043 largissime
885 1959 999 2026 blande
1014 1959 1193 2045 sponsionis
1209 1957 1383 2046 epimenial
1399 1957 1490 2024 afflu-

315 2085 403 2150 enter
418 2075 621 2157 refocilabat;
639 2075 833 2162 pollicitans:
856 2075 943 2140 omni
957 2095 1008 2142 me
1024 2075 1199 2143 desiderate
1213 2075 1356 2142 lectionis
1371 2074 1491 2141 instru-

315 2199 434 2278 mento,
458 2213 520 2278 quo
542 2191 744 2277 potissimum
766 2211 856 2257 meac
879 2190 1105 2259 mediocritatis
1128 2191 1317 2258 industriam
1340 2191 1419 2258 satis
1442 2191 1491 2257 in·

317 2312 458 2378 hiantem
487 2307 666 2391 agnouerit,
700 2305 835 2373 libenter
864 2305 1042 2374 educando*
1072 2306 1233 2375 inhaeret
1280 2306 1491 2393 Quapropter,

315 2427 361 2494 mi
387 2422 604 2491 amantissime
626 2441 726 2508 puras
747 2422 955 2489 institutionis
978 2427 1161 2510 preceptor,
1189 2427 1342 2508 quatenus
1365 2421 1493 2490 effectu¹

315 2543 526 2624 consequente
560 2536 654 2605 iidem
688 2538 856 2605 verborum
891 2538 969 2606 haut
996 2537 1164 2606 difficulter
1192 2539 1357 2623 adhibeas,
1394 2559 1494 2626 opere

315 2656 452 2745 pretium
475 2673 655 2736 censemus3
684 2653 801 2720 talibus
825 2674 933 2722 sacrae
955 2655 1131 2742 scripturae
1154 2654 1289 2721 oraculis
1310 2655 1494 2722 instimula-

315 2778 383 2840 tus:
413 2771 483 2838 Fa'la'
503 2774 560 2851 mi,
584 2773 614 2835 oi
635 2773 843 2858 spoponderas
862 2794 926 2858 pro
949 2775 1050 2838 amico
1074 2785 1142 2852 too,
1167 2773 1304 2855 dqtarbti
1324 2773 1414 2859 apud
1436 2796 1492 2839 aa·

315 2903 459 2956 maneum
485 2907 615 2952 cadamo
644 2899 746 2963 tanum
774 2887 973 2973 inlaqueatus
997 2910 1028 2952 ea
1050 2888 1152 2954 oerbr'e
1176 2891 1240 2954 orte
1263 2891 1311 2954 toi
1318 2883 1335 2952 ¹.
1381 2887 1494 2955 Etiam

315 3004 396 3088 dico,
420 3001 448 3070 si
470 3001 566 3068 nullis
589 3005 621 3068 te
643 3001 810 3087 capacibus
833 3001 955 3087 prolate
977 3002 1195 3088 promissionis
1218 3001 1400 3070 retinaculis
1415 3024 1495 3090 per·

314 3118 445 3207 plexum
472 3115 712 3202 involutumque
739 3117 970 3202 reminisceris,
1006 3123 1113 3185 tamen
1139 3155 1180 3165 —-
1203 3139 1276 3186 cum
1303 3123 1422 3186 memet
1452 3119 1495 3188 ab

314 3233 394 3322 ipsis
418 3232 589 3300 tenerrime
610 3230 775 3300 cunabulis
798 3233 968 3318 infantiae,
990 3233 1125 3301 fovendo
1149 3234 1282 3302 amando
1304 3234 1496 3323 pedetemp-

315 3350 436 3435 timque
454 3347 688 3415 delicatioribus
704 3347 862 3416 sollertiae
878 3349 956 3416 cibis
971 3348 1151 3434 recreando,
1175 3348 1216 3416 ad
1231 3356 1375 3434 vegetam
1388 3371 1497 3438 usque

315 3463 514 3552 pubertatem
534 3465 708 3550 provexisti
724 3501 765 3510 -
782 3465 914 3549 dignum
929 3464 969 3531 ab
985 3465 1130 3532 omnibus
1145 3485 1240 3534 sanae
1254 3465 1497 3551 intellegentiae

316 3599 385 3647 esse
413 3579 584 3646 iudicatur:
615 3585 769 3665 quatenus
798 3581 983 3648 confotum*
1012 3581 1077 3647 iam
1105 3581 1221 3668 pabulo
1251 3581 1417 3650 tenerioris
1441 3584 1498 3650 in·

315 3694 400 3778 genii
423 3692 509 3760 alas¹¹
531 3695 604 3762 vino
629 3695 794 3763 solidiore⁰
809 3716 933 3782 quoquc
950 3695 1162 3784 profundioris
1181 3697 1345 3785 sophiae⁹3
1369 3703 1497 3785 tamen,

181 3799 184 3810 ’
316 3809 345 3876 si
371 3808 549 3876 humillima
571 3811 730 3878 subiectae
752 3811 928 3878 devotionis
951 3813 1103 3879 instantia
1129 3813 1314 3899 inportune*
1338 3813 1500 3882 insistens

316 3925 452 4010 expetit,
481 3923 614 3992 adfatim
644 3927 755 3994 alendo
780 3927 889 4014 epulas
911 3926 1083 4015 inpendere
1106 3948 1170 3995 non
1192 3929 1344 4015 donges,
1375 3949 1500 4016 meque

392 4088 413 4121 a
434 4073 561 4122 defamatur
578 4077 605 4123 V.
691 4077 714 4124 h.
735 4077 881 4138 plenissimae
900 4079 926 4124 V.
1014 4091 1034 4124 c.
1055 4081 1157 4126 sacratus
1175 4080 1202 4128 V.
1289 4081 1312 4127 d.
1337 4079 1446 4128 obatrma
1468 4083 1500 4129 7.

316 4167 337 4201 e.
355 4153 450 4214 abrepta
467 4141 495 4203 7]
556 4153 573 4201 i.
589 4168 685 4215 prepore
704 4158 730 4205 V.
795 4171 816 4215 g.
832 4157 956 4204 salaminae
975 4157 1001 4206 V.
1064 4157 1195 4220 halapre
1212 4160 1338 4220 epimoniis.
1401 4159 1501 4210 ‘aedo-

316 4233 389 4280 cando
407 4235 435 4282 V.
497 4232 519 4280 k
540 4233 645 4281 inhaeret
662 4237 689 4284 V.
752 4236 767 4282 l.
788 4235 871 4282 affectu
889 4238 916 4284 V.
978 4250 1007 4284 m.
1027 4235 1118 4284 confoto
1137 4240 1164 4286 V.
1226 4253 1248 4286 n.
1265 4239 1287 4286 al
1305 4240 1332 4289 V.
1395 4251 1417 4285 o.
1434 4240 1502 4287 acli-

317 4311 393 4360 dioras
411 4313 439 4359 7.
515 4327 539 4372 p.
560 4313 646 4374 sophae
664 4315 690 4361 V.
769 4327 791 4374 q.
812 4316 946 4375 inportunae
965 4316 992 4362 V.

390 4407 414 4461 n.
438 4405 518 4462 esav.
534 4408 560 4477 s,
573 4408 596 4462 1.
610 4409 636 4462 a.
