3148 4846
337 257 403 326 aaa
585 275 790 324 mimator
810 276 891 324 erun
914 274 941 324 s.
957 273 1134 324 normann
1153 273 1229 324 cnr.
1246 275 1259 322 ι

335 415 494 506 posuerat,
517 435 588 484 cum
611 423 695 485 esset
716 435 870 484 annerum
892 415 1017 483 circiter
1038 422 1187 501 quattuor
1201 435 1257 484 seu
1270 415 1412 500 quinque,
1430 411 1481 482 nsi

336 535 463 602 servitio
486 553 521 602 se
544 533 710 618 subiugare
733 531 884 600 studirit·
899 531 1060 619 multoque
1074 532 1189 599 mentis
1204 532 1366 598 conamine
1379 531 1414 598 de
1426 549 1482 598 ne·

334 649 497 718 uastariali
523 651 639 735 iugiter
666 650 733 718 vita
754 648 903 716 mandare
926 647 1021 714 etad
1043 667 1113 715 eam
1136 648 1250 715 mentis
1273 647 1399 715 cottidie
1417 646 1483 714 nisi·

335 767 392 836 bus
420 765 576 834 anhelare.
623 764 701 832 eum
730 784 803 831 vere
827 764 926 850 aliqui
948 800 991 810 -
1015 765 1097 832 sieut
1118 764 1181 830 illis
1203 763 1381 847 regionibus
1401 761 1484 828 rueris

335 886 447 948 est-
471 881 638 969 presbiteri
667 881 733 948 sire
760 880 867 950 cleriei
895 879 1063 968 populares
1091 880 1141 948 vel
1162 878 1277 946 laicos·
1300 876 1486 966 praedicandi

334 1017 431 1064 eausa
459 997 599 1064 adissem
626 996 720 1064 etad
742 997 849 1064 villam
873 996 1062 1083 demumque
1085 997 1219 1084 praefati
1241 995 1340 1082 patris
1363 992 1486 1060 tamdia

334 1115 504 1198 venissent,
527 1133 612 1196 mer,
636 1117 788 1198 quantum
810 1112 1030 1200 possibilitatis
1053 1114 1120 1180 eius
1143 1111 1386 1199 pusillanimitas
1403 1109 1488 1176 inin·

333 1229 434 1296 tantia
455 1249 513 1296 sua
535 1227 720 1315 praevaluit,
744 1235 891 1316 coeperat
912 1249 983 1296 cum
1008 1229 1053 1296 eis
1076 1228 1115 1295 de
1138 1227 1323 1296 caelestibus
1346 1223 1488 1312 loquendo

333 1351 469 1412 ιιιιιιιο
491 1350 540 1430 et,
568 1345 643 1430 quid
666 1345 727 1412 sibi
750 1365 886 1430 suaeque
908 1344 1086 1412 infirmitati
1108 1345 1142 1410 iu
1164 1345 1302 1412 futurum
1326 1339 1488 1429 preficeret,

332 1460 537 1544 interrogare.
583 1459 724 1545 Cumque
756 1461 803 1528 ita
836 1461 891 1528 diu
924 1461 963 1528 de
996 1460 1182 1528 caelestibus
1211 1461 1362 1526 diuturna
1388 1457 1489 1526 menda

333 1577 536 1644 meditatione
563 1577 716 1660 cogitaret
743 1582 903 1644 aetolum
926 1597 960 1644 ee
983 1578 1014 1643 iu
1039 1577 1180 1644 futurum
1203 1576 1386 1644 extenderet
1407 1581 1437 1642 et
1456 1572 1490 1640 ad

332 1713 470 1781 superna
492 1693 635 1778 erigeret,
658 1693 743 1780 patri
765 1693 859 1760 ctiam
884 1692 1010 1760 demum
1033 1693 1120 1776 haee,
1144 1712 1224 1779 quae
1245 1693 1349 1759 anime
1365 1690 1490 1777 gerebat,

332 1807 486 1876 revelavit
515 1813 564 1894 et,
592 1815 629 1875 ut
656 1820 732 1876 suae
759 1807 936 1876 consuleret
963 1809 1132 1894 voluntati,
1161 1809 1293 1892 rogarit.
1339 1807 1407 1887 Quo
1428 1825 1491 1874 cen·

332 1931 423 2014 perte
451 1921 700 2011 obstupefactus,
735 1930 825 2013 pater
851 1945 968 2009 magna
996 1945 1069 1993 eum
1097 1923 1323 2013 increpationis
1350 1922 1492 1990 instantia

332 2041 450 2129 partim
473 2041 578 2125 minis,
605 2060 646 2108 ue
668 2061 703 2108 se
724 2041 898 2126 desereret,
920 2041 1096 2128 prohibuit,
1119 2041 1237 2128 partim
1260 2039 1358 2108 etiam
1380 2035 1491 2106 blaudi-

332 2157 448 2226 meutis
476 2155 517 2222 ad
543 2156 714 2224 saecularis
741 2159 859 2241 negotii
887 2177 996 2225 curam
1023 2156 1209 2241 instigabam
1237 2162 1273 2224 ut
1300 2161 1492 2242 temporaneo

333 2292 405 2340 eum
426 2271 626 2340 transitoriae
648 2271 832 2340 hereditatis
854 2272 1057 2357 subiungeret
1078 2272 1165 2340 lucro
1189 2278 1237 2357 et,
1264 2292 1334 2339 sese
1364 2270 1493 2359 quande·

248 2447 249 2450 ,
332 2407 394 2474 que
415 2385 572 2471 defuncte,
595 2407 671 2456 suae
693 2393 837 2456 terrenae
857 2389 1017 2456 facultatis
1040 2389 1202 2457 custodem
1225 2390 1321 2456 imme
1337 2389 1433 2456 etiarn
1446 2385 1493 2453 be·

332 2503 441 2572 rodem
462 2503 662 2589 relinqueret.
698 2503 809 2572 Verbis
838 2505 964 2590 quidem
992 2525 1089 2592 quam
1116 2503 1276 2592 plurimis,
1303 2502 1495 2572 fraudulenta

332 2618 487 2688 humanae
509 2619 692 2688 calliditatis
714 2641 788 2687 usus
811 2622 961 2705 uersutis,
984 2627 1127 2688 tenerum
1143 2623 1296 2708 aceepti⁰
1311 2619 1495 2708 perfectione

332 2736 488 2824 prepositi
510 2737 651 2803 animum
674 2737 831 2804 declinare
853 2738 1036 2824 temptarit3
1059 2739 1222 2822 magisque
1236 2737 1411 2803 hcucsuae
1423 2731 1495 2800 tole·

331 2851 513 2920 nobiliorem
536 2873 605 2920 esse
627 2854 779 2920 infantiae
803 2854 949 2938 activam,
971 2873 1129 2940 quamque
1150 2853 1249 2920 ιὶιιιιι
1271 2848 1495 2919 monasterialis

331 2967 463 3035 militiae
490 2968 783 3056 contemplativam,
812 2968 979 3056 multiplici
1007 2989 1186 3036 sermonum
1209 2966 1409 3036 adolatione*
1429 2985 1496 3053 pre·

332 3082 447 3167 mittit3
475 3089 512 3151 ut
532 3084 583 3152 vel
606 3085 653 3152 sic
676 3107 694 3152 a
716 3085 872 3173 prepositi
894 3084 987 3152 buius
1009 3085 1173 3152 conamine
1195 3105 1267 3151 cum
1289 3084 1450 3152 cohiberet
1468 3084 1497 3147 et

333 3199 375 3267 ad
400 3200 568 3267 mundani·
590 3200 684 3269 luxus
712 3200 877 3268 mollitiem
906 3202 1061 3268 incitaret
1108 3200 1171 3268 Sed
1197 3200 1262 3286 ιιι,
1291 3202 1354 3267 iem
1379 3197 1497 3268 Deeiu

333 3316 470 3404 pueritia
490 3315 612 3404 plenus,
636 3323 752 3403 quanto
775 3322 824 3384 est
845 3337 865 3384 a
885 3322 977 3404 patre
996 3315 1068 3404 plus
1083 3315 1270 3404 prohibitus,
1293 3321 1393 3400 tanto,
1415 3333 1498 3383 men·

333 3431 376 3499 tis
405 3437 532 3520 arrepta
558 3432 759 3518 fertitudine,
788 3433 954 3500 caelestem
982 3432 1149 3519 adquirere
1177 3433 1238 3500 sibi
1259 3432 1445 3500 thesaurum
1470 3433 1499 3496 et

332 3547 431 3616 sacris
458 3567 492 3614 se
514 3548 702 3633 coniungere
723 3549 901 3616 litterarum
924 3549 1037 3615 studiis
1061 3549 1190 3616 anesim
1213 3548 1390 3616 anhelabat
1437 3545 1499 3613 Fit·

332 3684 394 3752 que
415 3664 531 3732 mirum
553 3665 588 3732 in
609 3665 748 3749 medum,
771 3665 865 3732 sicuti
887 3685 1012 3753 semper
1035 3665 1142 3732 divina
1164 3685 1257 3750 agere
1279 3665 1359 3732 solet
1379 3663 1500 3732 miseri·

332 3781 454 3866 cordia,
483 3785 519 3848 ut
548 3801 604 3847 sue
633 3780 853 3848 inbecillioris‘
878 3782 991 3848 aetatis
1019 3777 1170 3848 militeni¹
1197 3781 1283 3848 Deua
1312 3787 1343 3848 et
1372 3785 1499 3866 coeptae

331 3897 379 3966 rei
401 3894 552 3964 solacium
575 3901 607 3963 et
628 3897 760 3964 ancxiae
782 3896 951 3966 voluntatis
975 3903 1177 3982 augmentum
1193 3896 1437 3984 obsistentisque
1452 3916 1500 3962 rc-

331 4015 495 4100 pentinam
518 4013 618 4100 patris
642 4013 867 4081 mutationem⁸
889 4015 1004 4081 mentis
1025 4013 1195 4101 previdens
1210 4013 1434 4096 condonavit'¹;
1456 4013 1500 4079 ita

404 4178 425 4211 ι.
447 4163 535 4211 studuit
550 4165 578 4220 A,
589 4163 616 4210 B.
703 4161 725 4211 b.
747 4162 800 4212 laici
812 4167 840 4211 B.
928 4178 947 4211 e.
971 4166 1105 4226 sceneepti
1121 4169 1149 4213 B.
1237 4163 1260 4212 d.
1284 4163 1414 4212 addudere
1429 4165 1458 4219 A,
1472 4163 1499 4208 B.

331 4256 353 4291 a.
375 4243 491 4308 mundane
506 4243 533 4299 F,
554 4241 662 4290 mundani
678 4247 710 4300 A,
728 4244 755 4291 B.
831 4243 848 4290 f.
868 4243 1020 4292 inbecilliores
1036 4248 1062 4302 F,
1077 4240 1226 4292 inbecillioris
1242 4249 1270 4302 A,
1281 4245 1309 4292 B.
1387 4257 1409 4304 ς.
1431 4243 1498 4290 mets·

331 4321 416 4369 lienem
433 4325 459 4380 F,
475 4320 622 4368 mutationem
637 4325 666 4380 A,
682 4323 709 4370 B.
787 4322 812 4369 b.
831 4325 970 4371 condonaret
984 4328 1013 4373 A.

404 4419 428 4472 l.
452 4417 540 4472 militi.
567 4417 602 4474 V.
618 4417 795 4474 Dieffenbaeh
813 4419 981 4475 Glossarium
998 4420 1305 4492 latino-germanicum:
1325 4415 1463 4490 „mittet
