3090 4848
328 235 356 283 s.
373 236 550 284 sorssors
570 237 615 284 no
636 237 740 285 assur
756 235 944 285 nrrsnonsn
966 237 1004 284 sc.
1017 235 1048 283 oo
1210 219 1273 287 103

98 381 194 460 omit,
219 391 250 445 et
264 379 413 466 psham
433 383 593 467 operietur
600 374 619 444 ¹.
665 379 708 445 Et
730 397 801 464 ros,
830 377 1006 465 karissimi,
1034 379 1131 448 facito
1152 379 1307 447 imctusc.
1319 385 1443 440 ’137-739

98 489 241 578 dignos¹,
269 499 306 560 ut
326 493 361 560 in
383 494 435 561 dio
457 495 611 562 adventus
633 495 752 562 domini
775 495 877 562 nostri
898 495 970 562 Iesu
993 495 1112 564 Christi
1135 495 1274 564 sidercas

98 609 288 676 mereamini
310 609 503 698 adipiscere·
525 611 714 678 mansiones.
760 609 846 678 Beue
867 609 980 680 ruiets.

102 822 164 894 37.
192 822 367 912 Greporiou
396 824 458 890 III
485 849 578 913 papo
612 826 768 912 episcopiis
796 825 973 892 Boioaoioe
1005 838 1035 891 ot
1060 824 1276 892 Ahmooaiae

189 943 333 1022 medae
356 953 402 1022 oe,
425 941 591 1027 Booofctis'
610 943 727 1008 escars
740 944 793 1006 ersi
801 943 981 1028 praeceptio
995 944 1057 1023 osi,
1081 963 1183 1008 morso
1196 964 1274 1028 pers·

188 1057 259 1122 tiles
281 1057 422 1124 cocao
444 1070 473 1124 ct
494 1057 542 1124 es
564 1061 600 1124 s'o
623 1079 708 1124 auno
730 1057 898 1124 mesum
920 1055 1098 1126 celasset.

982 1171 1111 1258 (8129,
1133 1169 1273 1254 WG45)

189 1305 415 1373 Dilectissimis
443 1305 534 1374 nobis
562 1306 718 1393 episcopis
747 1306 781 1372 in
810 1306 975 1392 provincia
996 1305 1216 1374 Baioariorum
1243 1313 1443 1374 euerso-rso

100 1420 294 1488 Alamannia
308 1421 498 1507 constitutis,
521 1417 672 1506 Wiggo‘'
688 1418 841 1490 Liudoni⁴
854 1419 1009 1509 Rydoito⁸
1025 1428 1057 1490 et
1072 1417 1274 1511 Phyphyio“

100 1557 156 1605 seu
177 1534 319 1624 Addae⁷,
343 1536 515 1622 Gregorius
537 1557 632 1625 papa

189 1653 355 1722 catholica
376 1659 409 1722 et
431 1659 612 1722 sanctorum
634 1658 763 1740 patrum
784 1652 873 1720 iubet
894 1653 1082 1720 autoritas:
1110 1657 1147 1720 ut
1169 1653 1219 1722 bis
1241 1653 1274 1720 iu

1 1821 2 1858 3
98 1791 182 1838 anno
212 1791 271 1858 pro
302 1770 404 1838 saints
431 1769 541 1858 popuii
571 1768 736 1838 christiani
764 1789 820 1836 seu
849 1769 1068 1837 exhortatione
1095 1769 1274 1857 adoptionis

97 1882 256 1954 tiliorum⁸
280 1886 436 1954 sinodalia
463 1887 599 1954 debeant
625 1885 777 1953 celebrari
805 1891 838 1952 st
864 1905 1029 1952 causarum
1053 1886 1276 1952 canonicorum

98 2004 295 2072 examinatio
310 2003 492 2090 provenire;
515 2007 561 2086 ut,
582 2003 676 2069 unius
691 2001 857 2088 cuiusque·
872 2000 924 2068 ut‘
938 2001 1109 2069 necessitas
1124 2019 1276 2089 poposce-

1 2185 2 2190 ,
97 2122 155 2206 rit,
192 2122 249 2206 pie
282 2119 491 2186 educationes
518 2118 777 2186 subvenianturi.
819 2117 909 2184 Unde
940 2117 1112 2186 secundum
1140 2117 1275 2205 apostoli

98 2237 278 2304 domum
301 2255 465 2302 ammoneo
489 2239 521 2302 et
543 2235 652 2302 hortor
665 2254 733 2318 ros,
757 2235 929 2319 karissimi,
952 2255 1009 2322 per
1025 2233 1273 2303 misericordiam

97 2352 174 2420 Dei:
198 2357 237 2419 ut
259 2351 352 2436 digne
375 2350 543 2418 ambuletis
565 2351 731 2418 vocatione
754 2371 816 2437 que
836 2351 940 2418 vocati
955 2345 1059 2436 estis⁹,
1082 2356 1119 2418 ut
1133 2349 1275 2420 ministe-

98 2471 182 2536 rium
206 2473 348 2534 restrum
372 2467 548 2555 perfectum
570 2467 613 2534 sit
634 2485 741 2534 eoram
762 2466 841 2533 Deo.

187 2584 390 2671 Oportunum
412 2602 549 2669 nemque
572 2587 630 2667 est,
653 2601 710 2649 ros
732 2602 826 2650 nosse
847 2583 980 2682 fratrem
1003 2601 1040 2650 oc
1054 2583 1274 2671 coepiscopum

98 2707 246 2768 nochum
273 2706 453 2787 presentem
475 2698 684 2782 Bonifatium,
714 2703 854 2766 nostram
885 2703 1028 2784 egentem
1057 2699 1175 2784 ricem,
1204 2719 1275 2766 cum

100 2819 194 2903 digno
219 2823 254 2884 et
275 2816 382 2885 debito
405 2816 523 2882 honoro
545 2835 603 2902 pro
620 2813 738 2882 Christi
760 2817 887 2883 nomine
911 2816 1079 2902 suscipere.
1115 2814 1158 2881 Et
1179 2815 1275 2882 mini·

99 2935 232 3001 sterium
257 2931 523 3000 aecclesiasticum
546 2950 618 2997 cum
639 2930 703 2999 fide
724 2931 879 2999 catholico
906 2931 1077 3000 secundum
1099 2949 1221 2998 morem
1243 2934 1276 2997 et

97 3069 247 3117 normam
278 3055 407 3116 sauctae
434 3046 606 3115 catholicae
633 3053 666 3114 et
692 3047 884 3135 apostolicae
907 3047 968 3115 Dei
996 3046 1181 3132 eecclesiae,
1212 3067 1275 3132 que

98 3164 319 3233 misericordis
340 3163 401 3231 Dei
424 3165 626 3251 proveniente
655 3183 783 3250 preesse
813 3163 965 3248 ridemur,
995 3163 1077 3230 sicut
1102 3161 1276 3249 apostolica

98 3283 289 3348 tomeritate
312 3301 333 3347 a
353 3279 445 3348 nobis
467 3281 636 3347 distinetus
661 3286 723 3364 est,
753 3280 793 3348 ab
817 3299 854 3348 eo
877 3280 1085 3367 suscipientes
1107 3279 1274 3363 dignanter

97 3399 245 3464 teneatis
293 3395 337 3463 Et
371 3395 557 3481 gentilitatis
586 3397 698 3480 ritum,
734 3400 765 3463 et
799 3396 974 3462 doctrinam
1002 3394 1053 3462 rei
1079 3395 1273 3462 venientium

95 3513 282 3582 Brittonum
306 3511 356 3578 vei
377 3511 528 3579 fusurum
547 3513 746 3580 secerdotum
762 3513 980 3596 hereticorum,
1004 3512 1071 3578 sive
1091 3510 1273 3596 adulteros‘,

169 3739 192 3773 ι.
213 3743 275 3773 corr.
291 3729 314 3774 i·
335 3724 432 3786 adipisci
454 3727 480 3773 C.
573 3724 595 3774 b.
616 3743 645 3772 ιτ
663 3729 691 3774 Μ
706 3727 853 3780 lac-lio,
876 3725 1007 3773 ca-ao.
1035 3725 1088 3774 ssu
1109 3725 1213 3772 mmor·
1233 3727 1273 3781 aa·

95 3807 153 3853 item
170 3806 278 3864 Gregorii
296 3805 359 3852 tertii
376 3807 402 3853 C.
481 3817 500 3851 c
516 3803 588 3863 viggo
607 3807 633 3862 C,
649 3803 729 3863 wippo
746 3822 803 3851 corr.
819 3807 841 3851 in
852 3803 957 3863 wiggeri
974 3809 1008 3852 M.
1085 3803 1108 3850 (i.
1123 3803 1236 3864 Phiphyio
1247 3807 1274 3852 C.

94 3901 117 3932 s.
133 3903 192 3932 coer.
208 3889 231 3932 tr
250 3884 373 3944 micatque
390 3885 416 3934 c.
477 3884 494 3932 i.
511 3903 568 3932 corr.
580 3887 602 3932 tn
618 3886 687 3945 prout
703 3888 729 3933 C.
792 3897 813 3944 g.
830 3902 887 3932 corr.
899 3887 921 3932 ὴ
937 3884 1071 3932 mutatione
1088 3885 1114 3933 c.
1176 3883 1199 3930 h.
1216 3901 1274 3931 oon.

93 3969 118 4012 ts
134 3965 289 4013 subveniatur
305 3967 332 4012 0.
410 3964 426 4010 i.
447 3964 563 4012 sinitoree
580 3967 615 4012 M.

169 4072 196 4128 1.
219 4070 290 4124 Luc.
305 4068 348 4138 11,
360 4067 386 4122 9.
400 4068 443 4123 10.
537 4070 562 4124 2.
587 4068 682 4124 iiatth.
696 4069 721 4138 3,
733 4069 759 4124 8.
852 4069 879 4123 3.
902 4066 1074 4138 hugnstsnsi
1092 4067 1167 4134 (sive
1184 4067 1273 4122 saus-

93 4159 232 4227 honensi).
306 4157 333 4213 4.
359 4155 488 4226 Spirensi.
560 4157 586 4212 5.
610 4157 823 4214 constantiensi.
894 4158 920 4211 6.
938 4155 1103 4212 Patavisnsi.
1176 4155 1201 4210 7.
1222 4154 1273 4210 Ar-

94 4248 263 4318 gentinensi.
355 4247 382 4302 8.
404 4246 521 4316 aomo,
535 4247 582 4302 15:
609 4247 777 4318 ,accepistis
799 4244 924 4315 spiritum
948 4243 1103 4314 odoptionis
1124 4241 1272 4300 filiorum“.

95 4338 123 4392 9.
147 4337 289 4408 Ephesi,
304 4337 329 4392 1.
