3024 4864
158 283 162 291 '
264 287 291 335 s.
309 287 484 336 noemam
505 288 550 335 nr
571 287 674 335 nunu
697 285 883 334 nsrsronan
907 285 960 332 roo.
977 284 1021 331 ιιι
1159 267 1222 336 251

74 427 261 496 clamandum
291 429 408 515 prioris
436 427 562 515 lapsum
591 447 655 495 non
684 427 832 494 habuero.
879 427 1019 496 Iudicate
1047 447 1121 512 ergo
1143 429 1227 494 inter
1244 435 1386 492 ost-tot

73 566 115 611 me
138 549 167 611 et
191 546 276 610 inter
303 543 454 630 populum
483 563 665 610 erroneum:
693 548 800 610 utrum
828 543 941 610 melius
970 544 1091 612 situel
1119 543 1226 610 saltim

71 662 160 728 miuus
193 659 330 744 malum,
362 665 468 726 utrum
497 659 571 725 talis
599 660 809 726 ministerium
838 660 939 726 saneti
969 659 1078 727 altaris
1105 659 1227 746 inpleat

72 796 105 842 an
124 782 155 842 ut
174 797 301 864 pagana
323 777 477 844 moriatur
499 774 668 843 multitudo
692 775 817 862 populi,
845 776 920 859 quia
943 776 1110 842 castiorem
1132 776 1226 842 mini-

70 899 173 958 strom·
189 893 358 978 adquirere
379 891 566 978 nequiverit
634 891 693 957 Vel
716 891 745 958 si
767 892 849 957 inter
872 891 1107 958 multitudinem
1122 911 1226 958 secer·

70 1007 163 1074 dotum
197 1009 347 1075 invenero
381 1007 416 1072 in
444 1006 555 1074 eodem
583 1008 764 1093 peccamine
793 1005 917 1092 lapsum
947 1011 978 1074 et
1006 1007 1121 1074 iterum
1149 1007 1225 1093 perb

68 1125 263 1210 penitentiam
290 1123 389 1210 priori
418 1121 531 1208 gradui
557 1124 740 1190 restitutum
765 1157 806 1168 -·
830 1122 869 1190 de
899 1142 960 1208 quo
988 1123 1091 1190 omnis
1120 1121 1226 1190 multi·

68 1241 131 1306 todo
152 1240 350 1308 secerdotum
374 1246 406 1306 st
428 1238 616 1326 populorum
640 1239 738 1306 bone‘
763 1238 920 1324 opinionis
935 1237 1155 1306 confidentiam
1171 1238 1226 1304 ha·

68 1354 190 1423 tuemnt
212 1391 255 1402 -
280 1360 313 1422 et
334 1356 362 1421 si
384 1355 438 1422 ille
461 1355 554 1422 modo
576 1353 767 1438 degradatus
789 1354 900 1435 fuerit3
924 1354 1098 1421 secretum‘¹
1116 1373 1226 1444 pecea-

66 1477 124 1538 tum
144 1471 322 1538 revelatum
342 1471 440 1539 fuerit
462 1477 494 1538 et
515 1469 793 1538 scandalizaverit·
816 1468 985 1536 multitudo
1008 1469 1165 1556 plebium,
1195 1476 1228 1538 et

66 1607 115 1672 per
143 1587 327 1654 scandalum
356 1587 513 1674 plurimas
541 1585 691 1673 peribunt
724 1585 864 1668 animae,
899 1592 931 1652 et
958 1585 1139 1654 detestatio‘
1167 1587 1228 1654 erit

65 1705 196 1770 maxima
232 1702 430 1770 sacerdotum
460 1709 492 1770 et
520 1701 697 1768 diffidentia
723 1701 942 1768 ministrorum
972 1701 1157 1786 aecclesiae,
1192 1708 1228 1769 ut

65 1837 162 1886 omnes
184 1817 340 1906 perfidos,
364 1818 444 1884 nulli
466 1817 644 1900 credentes,
667 1817 847 1902 despectui⁸
870 1816 1016 1884 habeant.
1063 1815 1163 1896 Quom
1187 1817 1226 1884 ob

65 1955 121 2000 rem
144 1935 296 2002 audacter
318 1934 567 2020 praesumsimus
590 1933 746 2019 patientes
770 1937 802 2000 et
823 1934 1066 2018 eonsentientes,
1088 1932 1179 2000 illum
1192 1933 1226 2000 in

64 2052 231 2118 ministerio
260 2051 367 2116 diemo
395 2050 581 2135 persistere;
611 2049 843 2132 existimantes,
870 2049 971 2117 levius
1000 2069 1070 2116 esee
1097 2047 1227 2116 dubium

64 2166 146 2232 mins
173 2166 314 2234 hominis
336 2164 512 2252 periculum
536 2169 568 2231 et
591 2165 771 2249 andeolum,
801 2186 895 2251 quam
919 2166 1044 2232 ruinam
1068 2169 1100 2232 et
1121 2164 1227 2252 perdi·

65 2281 170 2350 tionem
196 2283 378 2350 animarum
399 2301 480 2368 pene
508 2281 607 2348 totius
635 2281 755 2368 populi.
847 2279 896 2349 De
924 2281 994 2349 istis
1024 2287 1129 2348 autem
1157 2281 1227 2348 uni·

64 2399 151 2465 versia
176 2399 256 2484 quid
277 2398 357 2465 mibi
379 2396 598 2464 sustinendum
621 2397 678 2480 sit,
707 2397 895 2464 necessitate
923 2403 1053 2482 cogente
1081 2396 1230 2466 seandala

63 2513 183 2598 ritundi,
198 2514 316 2599 quidve
330 2513 541 2596 refutandum,
553 2517 698 2579 sanctum
710 2512 874 2580 consilium
887 2519 1027 2580 vestmm
1039 2533 1096 2600 per
1110 2514 1230 2600 scripte

63 2629 158 2696 sidere
183 2636 218 2697 et
241 2631 351 2696 audim
374 2629 501 2696 omnino
525 2627 677 2695 desidero.

140 2745 315 2812 Praeterea
337 2745 517 2813 eelsitudini
539 2750 663 2810 vestrae
685 2745 754 2811 vioe
778 2743 876 2811 osculi
898 2745 977 2812 duas
999 2745 1066 2812 vini
1089 2744 1228 2830 cupellas

62 2881 112 2945 per
132 2862 218 2929 hunc
241 2861 428 2948 portitorem
450 2861 628 2928 litterarum
650 2860 898 2942 transmisimus3
921 2865 1075 2948 petentes,
1098 2865 1134 2926 nt
1148 2860 1228 2926 cari-

64 2978 129 3044 tatis
152 2980 241 3045 inter
262 2998 320 3044 nos
343 2977 490 3063 precibus
512 2977 630 3043 nostris
653 2975 727 3042 inde
749 2975 868 3044 laetum
891 2976 975 3044 diem
991 2974 1228 3043 cumfratribus

64 3095 168 3160 renuis
191 3094 330 3162 faciatis.
370 3093 579 3161 Obsecramus
602 3093 710 3176 igitur,
733 3096 768 3159 ot
790 3092 830 3160 do
851 3093 922 3160 istis
945 3091 1150 3180 petitionibus
1172 3111 1228 3158 ne·

63 3210 147 3276 stris'¹
171 3210 309 3294 faciatis,
333 3215 369 3275 ut
389 3209 543 3276 mercedis
561 3213 684 3276 reomao
702 3209 855 3294 praemia*
870 3210 905 3275 in
919 3209 1077 3276 caelorum
1093 3207 1229 3276 culmine

63 3322 239 3393 clarescant

67 3509 142 3580 101.
168 3513 390 3579 Tortetdmuc
423 3515 587 3598 epiecopus
608 3512 828 3576 Leieeetreeee's
856 3513 1023 3597 Bonifatio
1052 3513 1227 3598 respondet

166 3619 311 3700 Gaudet,
344 3621 429 3704 qood
457 3619 591 3699 laboret,
622 3631 656 3684 et
680 3619 822 3686 Saxones
852 3621 895 3684 od
918 3617 1035 3684 Cltrdste'
1048 3619 1147 3702 fidere
1169 3620 1228 3682 ad·

162 3731 351 3812 teneantur.
388 3727 506 3791 Manus
528 3724 649 3791 mittitl.
960 3723 996 3806 (S
1011 3726 1066 3808 43,
1090 3721 1157 3790 WG
1174 3723 1229 3804 28)

6 3853 7 3856 '
142 3860 284 3928 Domino
307 3877 378 3926 meo
401 3858 583 3926 dulcissimo
608 3866 639 3926 et
666 3859 897 3944 sincerissimo,
925 3860 1068 3926 caritatis
1090 3857 1176 3924 cultu
1198 3863 1231 3924 et
1249 3865 1390 3922 737-755
1450 3901 1452 3907 .

65 3977 227 4063 praecipue
254 3973 316 4042 Dei
343 3975 446 4058 gratia
474 3975 600 4061 copioso
628 3993 815 4061 semperque
844 3975 878 4040 in
906 3974 1031 4041 Christe
1061 3972 1230 4061 pastoralis

127 4123 147 4155 a
168 4109 284 4155 ministris
302 4112 336 4155 Μ.
404 4107 426 4153 b.
447 4122 489 4168 per
505 4125 548 4154 om.
567 4109 593 4154 V.
661 4122 681 4154 o.
701 4108 759 4154 bene
777 4109 805 4156 V.
873 4107 895 4154 d.
917 4127 972 4155 corr.
991 4110 1013 4154 ἰιι
1030 4109 1186 4166 secretumque
1203 4109 1229 4154 C.

68 4199 84 4229 e·
104 4188 291 4235 scandalizaverit
308 4191 345 4244 M,
367 4205 424 4233 corr.
440 4190 462 4233 ιἰι
484 4187 673 4234 scandalizabitur
690 4190 722 4244 0,·
749 4187 912 4235 scandalizavit
929 4189 956 4235 V.
1036 4188 1053 4234 i.
1079 4187 1177 4234 destatio
1194 4189 1229 4233 M.

68 4275 86 4320 s·
102 4265 222 4327 despectu
235 4271 269 4322 M,
286 4267 404 4328 despectui
416 4269 442 4320 C,
459 4267 577 4328 dispectus
591 4269 617 4314 V.
695 4267 718 4314 h.
741 4269 797 4314 tatia
813 4272 984 4328 superscriptum
1001 4278 1034 4314 m
1050 4270 1072 4313 in
1084 4269 1115 4322 C,
1131 4269 1230 4329 utlaga-

69 4347 279 4394 caraatiaiaciatia.
342 4347 492 4407 ipraemiae
509 4348 537 4394 7.
599 4347 1229 4406 k.aemulae-ttacso-eov,Voce-se.

71 4423 161 4472 lma:
176 4427 237 4473 ltem
253 4426 351 4487 epistola
366 4425 490 4474 Torthelrni
506 4426 609 4488 episcopi
624 4427 702 4476 ΜΝ.
