3142 4848
272 264 317 330 20
552 280 578 329 s.
595 279 772 333 tomara
794 281 838 326 ar
859 277 1170 326 immutatam

271 426 457 511 imperantis
480 446 580 489 annot
604 423 826 510 complectitur.
861 421 906 488 m
927 425 1120 488 cunctante
1144 421 1280 514 indicta,
1307 423 1390 486 inter
1411 441 1445 484 ce

274 541 536 622 cohaercecentio,
563 540 675 627 palam
695 540 737 621 fit
765 559 829 604 non
857 551 923 604 tam
950 540 1100 624 mnporic
1122 537 1325 623 upupicandi
1346 557 1445 602 coccea

272 659 308 721 in
328 678 490 743 poparum
512 656 652 744 epiatolic
669 657 778 741 potita
801 675 874 734 eece,
900 676 996 739 quam
1019 654 1057 719 ol
1079 656 1283 718 reuerentiam
1304 654 1444 738 impera-

273 772 392 836 toribus
416 766 567 858 lepitimc¹
587 771 823 857 praestandam.
914 771 1002 836 Haec
1020 793 1101 857 pare
1127 769 1287 834 clamulae
1310 769 1444 834 clerono-

274 888 394 974 lopicae
416 900 607 974 quantopere
630 888 789 973 superflua
812 899 841 952 et
861 887 992 952 moletto
1009 908 1130 972 eontper
1144 887 1251 951 curiae
1261 883 1446 971 pontificiae

272 1006 342 1068 nica
363 1005 415 1086 cit,
438 1016 623 1089 arpmnenta
645 1024 709 1068 non
731 1004 851 1068 dotant.
887 999 1085 1088 Compertum
1104 1004 1187 1066 enim
1201 1001 1359 1081 talemne,
1382 1001 1445 1064 im-
1499 1071 1501 1076 ,

270 1131 455 1204 peratorum
478 1141 578 1184 annoe
602 1121 697 1185 dcam
719 1143 740 1184 a
765 1116 918 1205 Greporio
937 1116 961 1183 I
978 1118 1117 1205 epietolic
1139 1121 1206 1183 cuit
1228 1116 1347 1181 ascribi
1366 1115 1445 1180 eoli-

272 1247 319 1299 toe
343 1230 435 1316 etad,
458 1257 558 1322 neque
581 1248 683 1302 tamen
706 1249 763 1300 aut
783 1237 952 1321 rapacum
975 1237 1040 1298 eiua
1063 1234 1232 1299 coeundum
1251 1235 1329 1297 iotoe
1343 1251 1445 1295 annac

274 1363 318 1416 eet
338 1353 374 1415 in
392 1363 501 1437 portet
524 1351 725 1416 datributum
747 1363 804 1416 aut
825 1351 951 1415 omnino
974 1348 1075 1414 ullum
1098 1349 1265 1414 eorundem
1279 1351 1447 1434 cuempiam

272 1469 307 1530 in
331 1489 366 1531 eo
389 1467 574 1533 collocatum
596 1481 650 1533 eet.
687 1466 775 1548 Quae
798 1479 843 1532 eet
863 1477 1026 1553 praeterea
1049 1467 1114 1530 ciue
1137 1468 1185 1530 rei
1205 1469 1309 1530 naaior
1331 1465 1446 1548 confir-

272 1585 385 1662 matio,
415 1604 527 1667 quam,
559 1606 629 1648 mem
651 1605 726 1648 mue
748 1583 803 1648 ille
824 1583 926 1646 medio
950 1581 1073 1646 eaeculo
1089 1581 1146 1646 XI
1164 1583 1351 1660 evanuisset,
1375 1581 1446 1644 Pa-

273 1697 407 1762 eclealem
427 1697 471 1764 Π
487 1721 613 1785 papam
639 1719 743 1763 mente
766 1697 879 1784 Aprili
903 1699 984 1762 anni
1005 1697 1108 1776 1111,
1138 1697 1269 1762 vindam
1289 1695 1448 1762 ecclicete

273 1835 396 1879 carcere
410 1813 559 1880 Heinriei
575 1814 818 1900 Vprodactum‚
844 1815 964 1879 Romae
980 1824 1146 1898 praetenta
1159 1813 1230 1898 ipeo
1245 1815 1445 1898 imperatore,

273 1931 410 1994 einedem
438 1933 568 2017 imperii
595 1952 714 1995 annum
739 1931 880 2016 primum
902 1931 1018 2015 poncia
1046 1928 1161 1993 tabulis
1188 1921 1365 1994 addidiece³
1388 1949 1448 1992 nec

270 2059 380 2130 postca
406 2058 591 2112 renouatum
617 2069 735 2112 morem
763 2044 980 2112 concertante?
1068 2044 1180 2129 Neque
1208 2045 1318 2110 odioca
1343 2043 1448 2110 colum

271 2174 300 2225 et
321 2183 557 2246 superuacanea
579 2163 690 2227 domui
708 2160 826 2248 papali
846 2160 1032 2225 uidebantur
1054 2159 1129 2224 laec
1144 2162 1237 2246 eiquo
1251 2159 1446 2246 imperialia,

270 2289 360 2342 mant
388 2280 481 2343 etiam
508 2291 640 2365 propter
661 2278 891 2342 mcdudinee
919 2278 1125 2362 imperiorum
1146 2279 1446 2356 incomtantmcima,

273 2406 368 2479 atque
394 2393 431 2457 ob
454 2395 560 2479 ipeam
582 2416 673 2458 cuam
693 2393 925 2458 multitudinem
945 2393 1031 2456 attia
1053 2391 1254 2457 cailentium
1276 2392 1449 2456 admodum

268 2508 430 2595 potebant.

361 2624 507 2690 Alterum
529 2624 757 2709 deeipuationie
780 2623 962 2710 temporalia
983 2643 1082 2709 penne
1102 2622 1172 2688 cola
1185 2623 1356 2687 indictione
1370 2643 1448 2687 con-

273 2743 398 2820 tinetur,
425 2761 506 2826 quae
529 2763 600 2805 cum
622 2740 751 2805 aliunde
773 2762 836 2803 non
858 2740 1008 2826 penderet
1029 2739 1085 2803 ced
1106 2760 1215 2803 curcua
1238 2759 1310 2803 tuoe
1325 2760 1450 2824 occuper

272 2879 335 2921 ano
365 2869 458 2942 atquc
486 2857 592 2922 codem
619 2858 712 2922 modo
740 2868 889 2942 repeteret
908 2854 1105 2937 firmatimc,
1137 2857 1244 2920 ceterie
1269 2855 1449 2920 canonum

268 2973 446 3059 plurimum
474 2974 658 3037 auderitate
678 2983 830 3058 praeetat.
866 2969 978 3056 Neque
998 2972 1198 3056 ipnoramue,
1229 2992 1298 3035 eam
1317 2971 1449 3056 pontifi-

273 3089 360 3153 cibue
377 3088 532 3153 Romania
555 3089 634 3153 adeo
658 3099 816 3174 acceptam
829 3086 947 3171 sumac,
971 3099 1007 3152 ut
1026 3089 1072 3167 id,
1097 3088 1132 3151 in
1155 3089 1243 3152 cuine
1261 3089 1451 3151 mentionem

272 3207 338 3268 iam
365 3226 465 3290 cupra
493 3205 633 3284 incurii,
663 3206 831 3289 repentium
859 3199 1010 3288 Greporii
1024 3201 1047 3266 Ι
1060 3225 1122 3288 per
1143 3205 1231 3288 ipsae
1260 3203 1451 3266 indictiones

273 3321 475 3404 diaereretur.
516 3319 570 3384 Ea
599 3341 660 3405 quo
688 3322 891 3405 perepicuum
919 3331 977 3398 eat,
1007 3339 1078 3382 cum
1098 3321 1285 3404 praeuertim
1308 3321 1449 3403 impera-

273 3449 355 3501 torec
377 3435 478 3501 colum
500 3435 629 3501 honorio
650 3439 758 3521 pratia
778 3445 965 3499 memoratae
988 3455 1053 3499 ecee
1074 3435 1255 3514 uiderimus,
1274 3433 1452 3520 papalium

274 3555 422 3637 temporie
444 3553 532 3616 illim
556 3551 732 3618 litterarum
753 3572 860 3616 ceram
877 3573 915 3614 ao
924 3551 1096 3636 propriam
1111 3553 1372 3636 computationem
1386 3573 1450 3614 aa·

273 3667 378 3732 nalem
401 3671 437 3731 in
460 3669 631 3732 indictione
653 3669 741 3732 uerti.
777 3665 919 3744 idcirco,
944 3665 1196 3730 discordantibus
1218 3668 1366 3752 ternporic
1387 3687 1450 3730 no-

274 3785 325 3862 tit,
349 3785 486 3848 mamma
508 3783 699 3848 coneulenda
720 3784 852 3847 indictio
875 3793 929 3862 eat,
953 3793 998 3862 at,
1023 3783 1054 3845 u'
1066 3782 1247 3868 inpmialia
1263 3783 1384 3847 indicia
1397 3782 1455 3846 vel

272 3901 393 3984 partim
414 3898 465 3962 cel
487 3901 580 3964 etiam
603 3900 806 3963 communiter
829 3910 939 3963 eontra
960 3899 1085 3976 etcum,
1115 3899 1230 3962 dunmc
1251 3898 1326 3963 aliia
1348 3919 1451 3982 orpu-

273 4016 384 4079 mentit
408 4013 657 4094 corroborentur,
682 4015 813 4078 indictio
837 4025 940 4078 tamen
962 4014 1001 4077 de
1022 4035 1106 4078 anno
1129 4013 1262 4078 decidat.

365 4130 499 4216 Reperto
523 4130 580 4196 laoc
588 4129 648 4213 filo
663 4129 889 4214 Labyrintlcco,
911 4129 1083 4194 nonnullae
1097 4128 1260 4214 Bonifatii
1279 4141 1456 4214 respectae

348 4287 371 4341 1.
396 4287 430 4343 V.
449 4285 590 4341 Nouellum
609 4283 751 4339 Iustiniani
770 4284 813 4339 47.
894 4285 919 4338 2.
944 4283 978 4339 V.
997 4283 1118 4354 Regostu
1135 4283 1293 4355 pontificum
1311 4285 1453 4341 &mano-

274 4389 333 4429 ram
351 4389 379 4444 p.
395 4375 439 4430 92.
530 4375 556 4431 3.
580 4374 615 4430 V.
632 4373 699 4430 ibid.
717 4371 811 4444 mvn
829 4377 858 4428 et
874 4371 937 4429 477.
