3090 4848
225 468 278 523 745

192 541 303 589 anteOct

326 303 388 368 138
595 321 621 367 S.
640 319 815 366 soumnrn
837 321 881 366 nr
903 321 1005 367 nuum
1026 319 1213 367 nnrsrounu
1236 319 1266 365 so

323 461 471 546 quicquid
494 460 572 527 mihi
595 460 734 528 laetitiae
757 461 807 528 vel
829 461 979 527 tristitiae
1002 460 1169 545 acciderat7
1193 460 1365 547 apostolico
1387 460 1477 546 ponti·

321 576 373 643 fici
397 577 536 643 solebam
559 577 713 658 indicare3
736 579 828 644 utin
851 577 923 644 letis
946 577 1040 644 simul
1062 577 1263 644 laudaremus
1279 576 1383 644 Deum
1405 581 1434 642 et
1451 575 1479 640 in

321 692 465 760 tristibus
491 693 557 759 eius
582 691 712 759 consilio
734 692 909 761 roborarer.
945 693 995 759 lta
1016 699 1049 762 ct
1069 713 1153 760 nunc
1176 693 1254 759 mihi
1275 691 1365 759 uobis
1387 690 1479 757 liccat

321 808 437 875 Pietati
459 813 583 875 vestrae
606 808 766 894 supplico,
796 809 878 875 sicut
906 810 1057 896 scriptum
1087 815 1151 876 est:
1183 811 1349 896 Iatoropu
1369 821 1480 896 patruo

321 939 425 1006 mam,
451 939 479 991 et
501 926 716 990 adnuntiabit·
740 926 813 1002 aba
837 929 1079 1006 seniorectum,
1105 939 1133 992 et
1155 928 1258 991 dicarat
1279 927 1339 991 tibi
1345 920 1362 989 ¹.

411 1040 530 1106 Notum
554 1041 637 1106 enim
660 1040 702 1105 sit
716 1040 900 1126 paternitati
915 1044 1049 1126 vestrae,
1074 1042 1157 1126 quia,
1179 1045 1347 1128 postquam
1362 1039 1481 1122 indigno

321 1156 401 1222 mibi
422 1156 612 1240 mandastis,
641 1157 676 1223 in
698 1155 862 1242 provincia
883 1155 1093 1240 Francorum,
1122 1158 1203 1223 sicut
1225 1162 1256 1224 et
1277 1156 1340 1242 ipsi
1360 1175 1482 1240 rogare·

321 1271 425 1356 runt¹'‚
450 1271 636 1339 sacerdotali
659 1272 792 1339 concilio
816 1277 848 1338 et
866 1272 999 1339 sinodali
1015 1273 1181 1340 conventui
1196 1291 1353 1359 praeesse,
1376 1270 1484 1337 multas

322 1389 455 1454 iniurias
478 1393 510 1454 ct
530 1388 766 1475 persecutiones
789 1408 901 1473 passus
931 1407 1015 1471 sum,
1044 1390 1182 1455 maxime
1212 1408 1336 1475 semper
1362 1408 1382 1454 a
1404 1386 1483 1453 falsis

323 1504 554 1588 sacerdotibus,
579 1503 618 1571 ab
642 1503 825 1571 adulteratis
849 1504 1033 1591 presbiteris
1057 1524 1112 1571 scu
1136 1504 1317 1570 diaconibus
1341 1508 1374 1570 ct
1396 1502 1485 1569 forni-

323 1620 416 1686 cariis
439 1620 571 1687 clericis,

411 1735 568 1803 Maximus
591 1739 697 1802 tamen
720 1735 798 1802 mihi
817 1735 908 1802 labor
929 1735 990 1800 fuit
1004 1742 1115 1802 contra
1130 1735 1207 1801 duos
1222 1735 1377 1802 hereticos
1393 1735 1486 1821 pessi·

321 1872 389 1920 mos
414 1859 446 1921 et
467 1852 608 1940 publicos
632 1857 664 1918 et
686 1850 885 1937 blasphemos
909 1857 1018 1917 contra
1040 1851 1143 1918 Deum
1175 1857 1338 1917 utcontra
1360 1849 1487 1917 catholi-

322 1989 392 2035 cam
414 1967 517 2035 lidem.
564 1967 652 2034 Unus
682 1967 736 2052 qui
765 1966 880 2032 dicitur
902 1966 1053 2034 Eldebert
1080 1968 1208 2033 natione
1236 1967 1359 2050 generis
1384 1966 1487 2034 Gallus

322 2088 384 2168 est,
410 2085 490 2151 alter
512 2085 566 2169 qni
589 2083 703 2150 dicitur
726 2081 871 2150 Clemens
894 2103 1008 2167 genere
1031 2083 1157 2150 Scottus
1180 2087 1242 2165 est3
1273 2084 1380 2169 specie
1410 2102 1489 2150 erro

320 2201 365 2266 ris
394 2201 528 2285 diuersi,
564 2199 619 2266 scd
647 2199 786 2286 pondere
813 2203 1011 2285 peccatorum
1042 2219 1204 2285 conpares.
1258 2198 1377 2266 Contra
1405 2201 1491 2281 istos,

321 2316 450 2383 obsecro
476 2315 679 2402 apostolicam
703 2315 921 2382 auctoritatem
944 2321 1099 2400 vestram,
1130 2314 1213 2399 quod
1241 2335 1343 2382 meam
1373 2315 1491 2383 medio

321 2433 464 2499 critatem
488 2431 654 2498 defendere
677 2437 709 2499 et
732 2431 896 2516 adiuuare,
926 2437 958 2498 et
984 2452 1042 2520 per
1070 2432 1190 2518 scripta
1212 2437 1317 2498 uestra
1339 2432 1493 2519 populum

256 2621 263 2640 ‚
320 2547 513 2614 Francorum
537 2555 569 2614 et
591 2546 754 2614 Gallorum
777 2547 933 2630 corrigere
957 2547 1125 2614 studeatis:
1153 2553 1189 2614 ιιι
1211 2548 1427 2615 hereticorum
1449 2549 1493 2613 la·

321 2663 411 2730 bulas
435 2671 466 2730 et
488 2685 571 2730 vana
593 2663 739 2750 prodigia
760 2669 792 2730 et
814 2664 905 2746 signa
926 2664 1139 2749 precursoris⁰
1163 2664 1323 2731 antikristi
1346 2683 1415 2730 non
1431 2682 1495 2731 sec·

321 2785 443 2863 tantur3
474 2781 528 2847 sed
560 2780 599 2846 ad
628 2780 779 2846 canonica
800 2779 871 2844 iura
894 2786 926 2844 et
948 2779 988 2844 ad
1010 2780 1095 2844 viam
1118 2799 1212 2847 verae
1235 2780 1401 2847 doctrinae
1425 2800 1498 2846 con·

321 2901 494 2964 vertantur.
530 2895 574 2963 Et
596 2899 632 2961 ut
654 2915 711 2982 per
733 2895 864 2962 uerbum
887 2900 1026 2961 vestrum
1049 2895 1103 2961 isti
1125 2895 1256 2962 heretici
1278 2896 1340 2962 duc
1363 2898 1497 2963 mittan·

321 3014 429 3079 turin
454 3032 630 3096 carcerem,
661 3011 688 3078 si
710 3011 800 3078 uobis
822 3011 939 3076 iustum
964 3031 1033 3077 esse
1056 3010 1215 3096 uideatur,
1244 3033 1316 3078 curn
1339 3012 1445 3080 vitam
1469 3019 1498 3079 ct

322 3128 499 3196 doctrinam
522 3128 648 3194 illorum
672 3127 760 3194 vobis
783 3126 980 3193 intimavero.
1025 3124 1069 3192 Et
1091 3127 1195 3193 nullus
1220 3147 1291 3194 cum
1314 3129 1360 3196 cis
1385 3129 1498 3216 loqua-

322 3249 375 3312 tur
398 3244 471 3311 aut⁴¹
494 3243 745 3311 communionem
768 3243 892 3325 habeat
916 3261 955 3308 nc
976 3242 1069 3327 forte,
1091 3243 1246 3311 fennento
1266 3244 1413 3312 doctrine
1430 3245 1499 3312 illo·

322 3381 392 3427 rum
421 3361 644 3443 fermentatus,
675 3359 788 3442 aliquis
816 3362 940 3444 pereat3
971 3359 1026 3424 sad
1055 3361 1211 3443 segregati
1239 3360 1349 3426 vivant
1379 3397 1426 3408 —
1458 3368 1500 3446 et,

322 3477 411 3543 iuxta
447 3476 566 3542 dictum
602 3474 751 3560 apostoli,
786 3473 964 3540 huiusmodi
991 3473 1102 3541 traditi
1129 3479 1240 3543 satane
1266 3478 1299 3542 in
1328 3477 1501 3545 interitum

322 3593 437 3674 carnis,
460 3599 496 3657 ut
519 3591 649 3678 spiritus
673 3590 778 3656 salvus
802 3589 898 3654 sitin
922 3589 972 3656 die
994 3587 1156 3674 Domini¹3
1186 3598 1218 3659 et
1244 3593 1334 3658 iuxta
1357 3614 1503 3678 euange-

319 3707 415 3774 licum
445 3712 664 3793 pracceptum,
693 3707 768 3771 dum
797 3705 980 3772 aecclesiam
1003 3726 1067 3772 non
1095 3707 1278 3793 audierunt,
1308 3709 1374 3776 sint
1406 3711 1503 3778 nobis

322 3825 403 3890 sicut
433 3823 570 3889 aethnici
598 3825 629 3889 et
652 3817 829 3907 publicani⁸
854 3857 894 3866 —
919 3821 1018 3890 donec
1041 3823 1162 3890 discant
1185 3844 1249 3892 non
1271 3825 1503 3912 blasphemare

320 3959 380 4006 nec
401 3939 544 4006 scindere
566 3938 702 4004 tonicam
727 3933 871 4004 Christi‘,
962 3937 1095 4025 Propter
1125 3941 1202 4007 istos
1232 3941 1317 4007 enim
1344 3962 1504 4028 persecu-

391 4157 412 4190 a.
434 4143 559 4190 adnunavlt
575 4144 609 4188 Μ.
683 4141 707 4188 b.
728 4145 836 4201 rogarunt
853 4147 878 4192 C.
951 4157 970 4190 a
991 4143 1133 4203 precursoris
1151 4148 1184 4191 dl.
1255 4145 1278 4191 d.
1300 4163 1344 4193 om.
1361 4149 1408 4204 M,·
1426 4167 1505 4209 sapa.

318 4227 423 4284 scriplum
439 4233 473 4271 est
487 4227 510 4270 in
527 4225 553 4271 C.

391 4325 972 4398 nmmuammm
1055 4327 1507 4398 mmwaam

318 4414 547 4486 mmmm
