3024 4864
285 310 312 358 s.
328 309 505 358 somnum
525 310 570 358 nu
591 309 694 358 nunus
715 309 903 358 amerosius
921 309 952 356 so
1134 289 1201 358 223

57 446 191 535 philus,
212 468 253 517 ex
276 469 339 536 quo
361 469 418 537 per
437 450 489 520 dei
513 453 546 518 et
567 449 688 518 domini
709 449 811 518 nostd
835 449 907 518 lesu
926 447 1045 518 Christi
1064 449 1201 534 matiam
1233 454 1285 511 '151

57 565 223 650 etprstioso
252 565 422 650 sanguine·
450 567 519 634 eius
548 564 702 634 ueoolesia
722 564 867 633 dediesta
888 571 954 650 sot,
983 565 1094 651 quinta
1120 564 1202 632 feria
1218 525 1301 576 ΝΜ

54 679 177 766 pusulae,
198 680 275 748 dum
289 701 416 750 suerum
429 682 546 750 orisma
560 685 771 764 consecratur,
786 685 852 748 tres
866 680 1051 769 lampadae*
1066 700 1201 765 magnae

54 796 230 881 opacitatis
254 817 294 866 en
317 797 450 866 diversis
473 797 613 866 eundelis
637 795 807 864 asoolosiae
829 797 898 864 oleo
921 797 1068 880 oolleoto‚
1092 797 1127 863 in
1149 815 1200 864 ee-

53 911 158 978 erstiori
184 913 354 982 aeooleeiue
381 913 450 982 loeo
479 912 520 981 ad
547 911 682 998 liguram
704 912 882 980 interioris·
904 911 1101 981 tabernaculi
1122 911 1200 979 insi·

52 1031 145 1112 ebulo,
165 1027 380 1096 indeficienter
401 1047 474 1096 eum
496 1029 598 1096 multu
619 1027 784 1112 fflmendu
804 1027 947 1114 inspeote
967 1027 1133 1113 edebant,
1155 1027 1201 1095 itu

51 1147 80 1206 ut
96 1141 191 1210 oleum
218 1145 323 1231 ipsum
352 1143 497 1214 suffioere
524 1145 754 1232 possitneque
782 1142 824 1209 ad
852 1143 982 1212 tertium
1011 1143 1105 1211 diem
1151 1142 1201 1210 Do

50 1257 144 1343 quidus
163 1260 302 1328 uandolis
324 1260 455 1330 sabbato
478 1265 587 1330 sendo
602 1280 661 1347 pro
676 1259 759 1326 sauri
772 1258 870 1326 fontis
885 1258 1076 1346 baptismate
1092 1277 1201 1346 sump-

49 1377 89 1440 tus
112 1374 189 1459 ignis
216 1396 276 1463 per
300 1376 496 1446 sacerdotem
521 1375 733 1445 renouabitur.
801 1374 852 1444 De
873 1373 1063 1444 christallis*
1083 1379 1200 1460 antem,

49 1495 77 1556 ut
94 1490 270 1578 adseruisti,
292 1491 414 1560 nullam
436 1491 588 1560 habemus
609 1491 822 1558 traditionem.

118 1605 165 1676 De
184 1607 237 1676 bis
260 1609 315 1694 qui
336 1609 423 1692 regio
445 1602 574 1676 morbo¹
595 1611 752 1674 vexantur
773 1605 944 1692 inquisisti
967 1605 1035 1673 sise
1056 1603 1199 1672 homines

47 1721 101 1790 dte
119 1724 189 1809 equi
211 1724 288 1808 sint,
311 1723 389 1809 quid
409 1720 549 1790 fiendum
572 1723 615 1790 sit
636 1723 676 1790 de
697 1721 771 1790 illis.
853 1719 887 1788 Si
902 1719 1046 1788 homines
1063 1741 1102 1788 ex
1117 1720 1201 1788 nati·

46 1837 127 1906 ritate
147 1844 203 1908 aut
225 1857 341 1924 genere
363 1838 456 1906 huius
477 1838 582 1906 morbi
605 1843 690 1923 sunt,
712 1837 746 1904 hi
769 1841 861 1904 extra
878 1835 1040 1904 donem
1055 1835 1200 1904 oomitari

46 1951 198 2036 debebunt3
222 1954 281 2022 sd·
304 1953 526 2042 elymosinam‘
548 1974 623 2022 vero
646 1951 862 2040 sooipiondem
885 1972 906 2019 a
926 1951 1043 2038 populo
1064 1971 1128 2018 non
1145 1951 1199 2018 de-

45 2069 131 2137 vitari
176 2070 213 2138 Si
242 2075 348 2138 autem
375 2070 562 2156 eontigerit,
590 2087 741 2155 magnum
769 2066 820 2138 sel
842 2087 976 2154 parsum
997 2087 1062 2134 uon
1084 2067 1200 2135 natisi-

45 2187 98 2252 ue
120 2186 174 2254 sed
201 2186 445 2274 superveniente
472 2185 648 2271 egritudine
670 2185 796 2270 senari,
824 2204 888 2251 non
911 2187 961 2252 est
982 2182 1198 2270 proioiendus;

45 2299 97 2384 ssd,
116 2301 143 2368 si
162 2301 317 2389 possibile
339 2309 398 2388 est,
421 2303 589 2370 euraudus.
634 2301 794 2370 Adtamen
817 2301 852 2368 iu
875 2298 1037 2386 ossolesiu,
1061 2299 1136 2367 dum
1159 2298 1200 2366 sd

44 2418 279 2486 eommunionem
301 2418 438 2503 uenerit,
465 2422 540 2505 post
561 2417 704 2486 omnium
726 2416 936 2504 supletionem
957 2414 1019 2484 on't
1039 2414 1199 2500 ingressu-

45 2549 87 2598 rus
107 2532 145 2600 ad
166 2533 425 2621 partieipandum
448 2555 572 2602 munus.
652 2531 737 2620 Equi
751 2553 838 2618 vero,
862 2531 916 2617 qui
930 2531 1074 2618 praefato
1089 2530 1200 2600 morbo

44 2645 143 2717 duint
163 2649 376 2736 coinquinati,
401 2649 429 2716 si
450 2651 556 2717 ouran
577 2668 641 2718 non
665 2649 839 2732 soluerint,
861 2648 896 2714 in
918 2646 1023 2734 puteis
1047 2651 1080 2714 et
1100 2645 1200 2714 lovois

43 2764 199 2847 proiciendi
236 2770 329 2850 sunt,
361 2785 402 2832 ue
433 2765 576 2834 eiusdem
609 2765 731 2834 morbi⁸
758 2761 946 2848 contagione
979 2761 1077 2830 ueteri
1113 2761 1199 2828 ouin-

44 2879 203 2962 quinontur.

114 2994 162 3065 De
196 2995 388 3064 animalibus
418 3001 539 3081 auum,
576 2995 649 3081 qui·
679 3015 699 3062 a
724 2993 901 3062 inentibus
929 2992 965 3060 id
992 2997 1042 3060 est
1068 2991 1199 3060 rabidis¹

43 3103 111 3196 lupis
138 3117 170 3180 et
197 3111 330 3180 cunibus
356 3111 475 3179 fuerint
501 3112 642 3180 luoerati.
689 3111 824 3198 Oportet
850 3109 907 3177 eak
930 3109 1084 3178 austeris
1107 3127 1199 3194 sepa·

44 3226 110 3312 rari,
141 3249 182 3296 ne
211 3229 354 3296 furentes
382 3233 415 3296 et
441 3227 622 3296 mordentes
650 3231 756 3294 estora
782 3225 1034 3312 ooinquinentur.
1081 3223 1200 3303 Quodsi

43 3357 127 3424 panea
146 3349 237 3428 sunt,
260 3349 297 3410 ut
319 3364 416 3431 supro
438 3343 591 3428 diximus,
613 3343 649 3410 in
670 3342 764 3410 fovea
784 3340 968 3430 proiuienda
990 3345 1073 3408 sunt

114 3459 196 3526 liam
220 3463 253 3528 et
274 3458 334 3528 hoo
355 3459 521 3545 inquisivit
543 3459 725 3527 baternitas
747 3463 819 3526 tua:
843 3457 871 3524 si
893 3457 1005 3542 boeot,
1029 3457 1199 3524 esnotimo-

42 3571 124 3642 diales
145 3575 294 3661 feminas,
317 3575 582 3662 quemadmodum
603 3575 686 3658 viril
711 3573 772 3642 sibi
794 3573 930 3642 inuioem
950 3571 1048 3659 pedes
1071 3570 1199 3640 abluere

43 3689 95 3755 ism
119 3691 152 3758 in
180 3711 282 3759 ooena
303 3690 433 3758 Domini
456 3710 612 3778 quamque
639 3691 674 3756 in
702 3689 773 3757 aliis
802 3689 922 3758 diebus.
969 3687 1037 3756 Hoo
1065 3687 1199 3756 domini·

44 3819 99 3872 um
118 3811 324 3895 praeseptum
348 3811 407 3893 est,
429 3807 514 3893 quod
536 3807 591 3892 qui
612 3826 671 3894 per
692 3804 787 3874 fidem
801 3803 993 3894 impleverit,
1015 3803 1145 3872 habebit
1160 3822 1200 3872 ex

100 4049 119 4082 a
137 4055 196 4086 sorr.
212 4041 236 4085 t·
250 4037 377 4099 pretiosum
392 4036 524 4095 mgulnem
542 4040 569 4085 C.
632 4035 654 4082 t.
676 4054 734 4084 corr.
750 4037 773 4083 bs
788 4033 906 4096 lampades
922 4038 948 4083 ι’.
1011 4048 1032 4082 u.
1047 4034 1161 4082 interioris
1173 4036 1199 4082 C.

44 4109 182 4174 tosseim
199 4119 227 4166 C.
301 4131 321 4164 e.
341 4115 371 4164 sd
387 4135 430 4166 ors.
448 4121 483 4164 M.
553 4115 570 4163 i.
591 4115 738 4162 elemosinam
755 4117 780 4164 C-
851 4127 873 4172 g.
894 4131 937 4160 oss.
955 4117 989 4162 dt.
1058 4111 1082 4160 h.
1104 4132 1160 4160 corr.
1176 4115 1199 4160 br

44 4197 114 4248 ΙΝ.
190 4198 206 4244 i.
227 4196 314 4258 rapinis
331 4199 366 4244 Μ.
444 4195 467 4243 k.
488 4209 515 4242 eu
531 4211 574 4242 oss.
592 4197 618 4243 C.
696 4195 711 4241 Ι.
733 4211 791 4241 corr.
807 4197 829 4240 iu
845 4193 901 4240 vbis
918 4197 945 4242 C.

44 4318 123 4458 ὦ
142 4317 229 4434 lepra
255 4316 297 4378 Gi.
309 4316 491 4376 Dietlenbadu
508 4315 678 4374 Glossarium
695 4315 743 4372 lat.
756 4329 843 4386 germ.
864 4313 976 4372 llorbus
987 4313 1095 4384 regins:
1116 4329 1199 4384 „aus-

119 4406 155 4460 sit
176 4447 185 4462 .
