3148 4846
308 295 375 364 ⁸94
588 367 597 388 ,
647 314 835 364 mmmmm
855 313 1083 364 noenu-unna
1105 315 1137 364 ss

140 465 298 522 uss-uns
308 455 438 524 eoelesie
460 455 687 524 absolutionem
710 457 839 544 reoepit.
877 456 938 536 Qui
959 477 1030 526 oum
1052 457 1141 544 prius
1162 459 1197 524 in
1219 456 1366 543 obsequio
1384 457 1461 543 regis

308 572 433 640 assidue
454 573 581 657 fuisset,
610 592 685 658 sepe
712 593 784 640 eum
807 574 1072 658 commonuimus,
1101 579 1138 640 ut
1165 573 1295 641 eoelesie
1316 573 1375 641 Dei
1396 574 1462 642 obs-

306 687 397 755 diret
437 687 481 756 Et
501 693 540 755 ut
560 687 620 756 bae
641 689 695 756 uia
714 689 817 774 magis
838 687 1072 776 protestamus,
1094 689 1262 774 eanonieis,
1284 695 1322 758 ut
1343 689 1381 758 ab
1401 690 1463 758 eius

306 824 413 873 errem
433 805 617 873 resederent
638 810 671 872 st
692 805 734 872 ad
754 805 909 873 unitatem
931 806 1019 894 paois
1041 805 1159 872 Obristi
1179 806 1335 892 redirent,
1357 806 1463 874 multo-

305 921 387 990 tiens
410 921 603 1009 scripsimus.
648 921 699 989 lili
727 943 803 990 vero
824 941 889 989 non
910 926 1035 989 tentum
1055 921 1271 991 inobedientes
1292 942 1464 1010 permense-

305 1042 390 1123 runt,
413 1037 469 1105 sed
492 1041 595 1104 vestre
618 1038 814 1106 austeritatis
834 1038 968 1124 litteras,
991 1057 1070 1124 quas
1087 1038 1257 1106 novissime
1270 1039 1306 1106 in
1319 1039 1354 1106 id
1367 1039 1465 1126 ipsum

305 1155 352 1222 eis
373 1153 621 1238 transmisimus,
651 1154 774 1239 aperire
801 1158 836 1221 et
859 1154 964 1238 legere
991 1158 1255 1240 contempserunt
1300 1154 1466 1242 Postquam

306 1273 411 1340 autem
434 1269 593 1337 absolutus
614 1269 677 1337 init
699 1270 876 1357 episeopus,
898 1269 992 1338 eorde
1014 1275 1047 1337 et
1068 1289 1198 1357 eorpore
1220 1272 1260 1340 ab
1281 1272 1467 1360 imperatore

306 1407 341 1456 ss
363 1387 522 1454 subtraxit
544 1391 577 1452 et
597 1387 631 1454 in
654 1387 783 1454 servitio
811 1405 849 1454 eo
875 1384 1026 1454 fidelitate
1053 1386 1199 1472 seelesie,
1228 1391 1397 1475 utrumque
1421 1389 1467 1456 in·

304 1503 407 1572 iustus
429 1509 462 1571 et
482 1507 637 1591 poetatur,
659 1501 761 1570 idelis
783 1507 891 1570 temen
913 1507 946 1570 et
966 1501 1054 1570 utilis
1075 1503 1219 1572 ueritatis
1241 1510 1380 1573 assertor
1400 1525 1467 1593 pen

304 1620 430 1688 mansit
478 1619 673 1687 Omnimodis
697 1639 767 1686 enm
790 1615 1013 1707 perseeuutur¹
1034 1623 1068 1686 et
1089 1653 1131 1666 -
1154 1639 1243 1705 oum,
1270 1621 1388 1688 iudieio
1407 1620 1468 1688 irs·

305 1742 390 1804 bum
411 1741 602 1820 nostrorum,
625 1735 807 1802 oenenieum
823 1741 857 1802 et
871 1755 980 1803 vooem
995 1740 1028 1803 et
1042 1735 1235 1804 audientiam
1250 1737 1415 1805 amiserint
1428 1773 1466 1784 -

304 1851 449 1920 omnibns
471 1851 584 1938 quibus
606 1855 740 1938 possunt
760 1851 884 1919 insidiis
907 1871 979 1919 eum
1001 1851 1260 1920 oiroumreniunt
1294 1853 1365 1920 Hae
1385 1873 1469 1922 oeus·

303 1970 392 2038 sione
414 1973 552 2056 obsepta,
574 1967 747 2054 imperator
768 1971 835 2034 tam
857 1967 947 2052 graui
970 1987 1043 2034 eum
1065 1968 1139 2035 odio
1159 1974 1343 2056 persecutns
1358 1974 1417 2055 eat,
1437 1974 1470 2037 nt

304 2085 451 2154 omnibus
472 2084 566 2152 rebus
588 2085 654 2150 suis
676 2103 749 2151 enm
765 2083 920 2151 abraserit
934 2083 1019 2151 etde
1033 2085 1161 2153 eivitate
1175 2082 1360 2173 expulerit¹.
1385 2085 1469 2166 Quod

303 2207 406 2271 totum
429 2205 590 2268 assecutus
612 2204 662 2268 est
682 2201 855 2287 imperator
876 2200 1102 2287 uompositione
1124 2201 1216 2268 huius
1238 2197 1356 2288 peois⁸.
1394 2201 1471 2282 Quis

305 2323 379 2387 unte
402 2318 552 2386 adversus
575 2315 758 2402 episeopum
779 2311 943 2404 prevalere
964 2336 1028 2384 uon
1050 2317 1167 2404 potuit,
1198 2337 1237 2386 ex
1260 2337 1338 2403 qno,
1369 2317 1410 2386 eb
1435 2335 1470 2386 eo

303 2435 469 2520 recedens,
498 2432 675 2521 episeopus,
688 2432 728 2499 ed
755 2431 918 2500 eeclesiam
945 2433 1050 2501 rediit.
1095 2432 1195 2519 Nam,
1223 2433 1412 2520 prinsquam
1433 2432 1471 2500 sd

304 2551 468 2621 eoelesiam
494 2548 628 2633 rediret,
655 2549 740 2616 inter
767 2549 887 2636 primos
915 2549 1033 2616 amieos
1060 2549 1261 2636 imperatoris
1287 2549 1469 2618 habebatur.

303 2667 370 2737 Heo
382 2685 456 2735 'non
476 2666 548 2733 ideo
571 2665 714 2750 dieimus,
737 2669 774 2733 ut
794 2664 982 2732 iniustitium
1005 2666 1145 2753 episeopi
1167 2666 1350 2734 studeamus
1368 2666 1471 2735 deien-

303 2785 378 2854 dere
404 2782 456 2852 vel
485 2781 676 2871 approbur03
706 2781 761 2849 sed
788 2781 859 2848 ideo
881 2781 916 2848 in
937 2779 1005 2848 Deo
1028 2801 1135 2848 eoram
1157 2781 1283 2850 Christo
1304 2782 1471 2869 loquimur,

303 2901 387 2988 quia,
412 2901 440 2966 si
461 2905 528 2967 tum
551 2899 695 2967 absoluta
715 2903 857 2985 potestas
878 2899 1063 2985 imperatori
1083 2897 1264 2966 eonoeditur
1283 2899 1472 2967 seniendiin

303 3016 562 3104 qualsmenmque
583 3015 680 3082 istum
703 3015 895 3101 episeopum,
917 3013 1048 3098 reliquis
1069 3011 1230 3098 fidelibus,
1253 3015 1307 3100 qui
1329 3035 1403 3083 oum
1425 3034 1472 3082 eo·

303 3134 399 3202 olesia
425 3133 487 3201 Dei
514 3136 772 3220 permanserunt,
802 3130 984 3198 seandalum
1013 3134 1046 3197 et
1065 3129 1274 3198 intolerabilia
1295 3133 1473 3218 persecutio

303 3249 514 3336 generabitur.
548 3246 683 3335 Propter
705 3247 798 3334 quod,
821 3248 850 3314 si
871 3251 976 3314 vestre
997 3245 1180 3314 diseretioni
1193 3246 1343 3333 placeret,
1367 3253 1473 3316 nosue

302 3365 491 3434 humilitatis
529 3365 696 3432 eonsilium
731 3384 786 3431 seu
818 3363 924 3450 potius
957 3363 1161 3430 devotissima
1193 3363 1383 3452 snpplieatio
1417 3365 1475 3433 beo

304 3486 402 3550 esset:
427 3487 463 3548 nt
484 3480 525 3548 ad
545 3501 676 3568 presens
699 3480 835 3548 severior
857 3477 1026 3566 disciplina
1047 3479 1114 3545 eius
1136 3479 1368 3568 eorreptionem
1383 3481 1474 3549 dissi·

303 3597 451 3665 mularet.
493 3597 574 3676 Quia
602 3598 647 3664 sio
674 3595 868 3682 dispensatio
890 3599 997 3664 restra
1017 3597 1190 3680 grassantis
1213 3595 1350 3665 bominis
1373 3598 1474 3686 impe-

303 3717 371 3781 tum
393 3715 428 3781 in
450 3719 570 3782 eeteros
592 3710 700 3780 fideles
722 3711 864 3780 inhibere
885 3711 1018 3800 poterit,
1047 3715 1080 3780 et
1107 3731 1165 3779 sno
1186 3711 1255 3782 loeo
1277 3720 1312 3781 et
1331 3719 1475 3802 tempore

303 3830 344 3898 de
364 3831 487 3919 prefato
510 3831 658 3918 episeopo
679 3827 806 3917 plenum
828 3827 983 3894 iustitiam
1005 3827 1138 3897 senasio
1158 3828 1221 3898 Dei
1242 3829 1407 3900 obtinebit

376 4033 400 4089 1.
425 4033 549 4090 eanonioi
565 4030 790 4103 Argentinensee.
862 4031 887 4086 2.
911 4028 1030 4086 cononis
1048 4029 1228 4087 deiectionem
1246 4032 1292 4088 alii
1309 4031 1346 4089 ed
1364 4049 1391 4090 a
1404 4033 1473 4090 1122

306 4119 352 4178 nii
369 4120 405 4178 ud
421 4137 447 4178 u.
461 4123 531 4178 1123
548 4119 678 4178 referunt.
767 4121 793 4176 3.
816 4135 853 4175 m.
872 4117 948 4191 Sept.
967 4135 992 4176 a
1006 4119 1076 4176 1122
1094 4119 1263 4179 eonsiliatae.
