3148 4846
258 249 323 319 372
570 269 757 317 nrrsrourn
778 269 1006 318 mocunmuaa
1029 269 1067 315 us.
1083 267 1114 313 aa

113 426 153 471 sus
168 417 237 472 ruat
257 429 386 478 manum
407 409 601 498 imponimus
624 412 678 477 sis.
751 410 911 478 Fecundst
932 410 1087 477 Dominus
1110 415 1142 476 st
1163 407 1335 496 amplificet
1354 413 1427 474 tan·

114 499 155 543 ‘¹¹‘
170 489 238 546 ¹⁰⁹⁷
256 531 323 594 tam
345 527 480 610 gratiam
503 527 537 592 in
558 527 658 610 uobis,
682 533 726 611 ut,
751 528 778 593 si
802 527 885 612 quod
909 527 1010 593 adbuc
1032 527 1139 610 edam,
1162 527 1196 591 in
1218 545 1279 610 quo
1295 524 1429 592 ecclesia

257 642 421 727 offendat,
451 642 646 710 obstaculum
673 649 792 710 restare
815 643 992 727 senseritis,
1023 643 1133 710 eadem
1156 641 1279 708 caumla
1299 639 1428 728 propel-

255 758 321 826 lere
354 757 458 826 velitis
493 762 526 824 et
557 759 722 824 industria.
813 757 861 825 De
896 765 999 826 cetero
1030 757 1224 826 orationibus
1252 757 1365 824 vostris
1394 761 1428 823 et

257 875 358 940 sancti
382 874 548 957 examinis,
571 874 628 940 sub
652 880 757 940 vostro
777 873 929 957 regimine
944 873 1164 959 mellificantis,
1186 873 1322 940 recreari
1337 877 1428 960 opta-

257 1008 336 1056 mus.
371 989 424 1074 Et,
450 989 503 1076 qui
526 1009 610 1056 nunc
632 989 690 1057 sub
712 991 813 1057 crucis
836 990 946 1058 babitu
969 991 1033 1058 assi
1049 991 1145 1077 piscis
1160 997 1251 1077 parte
1266 988 1427 1073 cibamini,

256 1110 292 1171 ut
314 1105 501 1191 qumdoquo
524 1106 596 1174 favo
620 1106 722 1174 mollis
745 1106 832 1189 digni
856 1106 1045 1191 habeamini,
1068 1127 1120 1174 mo
1143 1125 1276 1192 quoque,
1299 1105 1428 1188 alonge

256 1220 342 1287 baud
364 1226 491 1288 strenuo
514 1228 687 1290 cortonam
710 1226 742 1288 et
762 1223 921 1289 interdum
945 1223 1080 1289 statione
1103 1223 1214 1289 relicta
1230 1221 1298 1288 loco
1314 1221 1429 1288 caden-

257 1342 332 1421 tem,
355 1337 502 1424 precibus
524 1339 637 1406 vestris
660 1357 807 1406 revocare
830 1337 945 1423 velitis,
968 1337 1102 1406 sollicite
1124 1358 1281 1422 rogamus.

260 1667 321 1740 29.
343 1669 430 1734 Bam
453 1668 550 1734 obbas
571 1668 743 1753 Aupieasa'a
766 1669 906 1734 Ariboaa'
926 1669 1161 1756 archiepiscopo
1177 1668 1366 1754 Mopsum
1389 1669 1431 1734 de

347 1798 483 1872 quatuor
505 1797 679 1870 tenrporum
700 1786 827 1850 ἰαὶιπὶίε
850 1785 1013 1872 dialogum
1035 1783 1186 1852 emeat

90 1926 247 1982 1021-1031
347 1917 576 1984 Amantissimo
591 1916 720 1982 Domini
735 1916 867 1984 ririboni
883 1917 1038 1984 odorifero
1053 1916 1236 2003 pontificum
1251 1914 1321 1981 flori
1332 1913 1429 1999 Bern,

258 2032 319 2100 Dei
345 2033 457 2100 matris
483 2051 646 2100 sorvorum
669 2037 845 2117 extremus,
875 2033 1063 2100 indiscretae
1085 2032 1158 2100 fidei
1181 2033 1295 2120 pignus
1318 2031 1432 2098 simul·

260 2169 319 2234 que
342 2167 474 2235 pensum
498 2147 595 2216 debiti
618 2147 798 2214 famulatus.
867 2161 868 2166 ’

348 2264 501 2331 Doctrina
528 2269 561 2330 et
587 2265 719 2349 veritas,
749 2283 829 2350 quaa
850 2265 884 2330 in
907 2265 1055 2332 rationali
1077 2265 1213 2351 pectoris
1236 2265 1284 2332 tui
1306 2265 1431 2332 decoris

259 2380 307 2446 sui
324 2381 460 2466 speeiem
475 2386 741 2467 praemonstrant,
766 2381 804 2446 ad
821 2381 855 2446 id
869 2399 975 2446 meum
989 2380 1180 2448 inducebant
1195 2381 1345 2464 animum,
1366 2401 1432 2467 quo

259 2502 291 2563 to
314 2515 391 2583 prae
413 2497 526 2562 ceteris
549 2495 679 2581 dignum
703 2498 864 2580 ducerem,
889 2497 976 2562 cuius
1000 2497 1226 2564 examinationi
1248 2495 1334 2562 illius
1355 2516 1433 2562 nar-

260 2612 390 2679 rationis
418 2612 547 2696 seriom,
577 2633 673 2697 quam
699 2633 800 2700 nuper
823 2612 881 2680 sub
903 2613 1150 2697 interrogatione
1172 2619 1204 2680 at
1225 2613 1433 2700 responsione

260 2728 299 2796 de
327 2728 451 2796 ieiuniis
474 2734 608 2813 quatuor
630 2733 808 2816 temporum
826 2713 920 2814 edidi,
945 2728 1207 2796 commendarem.
1241 2727 1328 2795 Nibil
1344 2729 1431 2795 enim

258 2844 302 2911 ibi
333 2865 373 2912 ex
400 2845 537 2932 propriis
567 2864 636 2911 sum
663 2850 908 2929 commentatus,
939 2846 1010 2929 sed,
1041 2842 1124 2930 quod
1147 2845 1260 2911 exindo
1284 2845 1433 2930 antiquos

259 2967 366 3048 patres
381 2959 586 3048 probabiliter
607 2959 744 3027 elocutos
767 2961 865 3028 fuisse
886 2961 1028 3028 inveniro
1043 2961 1142 3048 potui,
1166 2960 1310 3045 diligenti
1324 2961 1433 3046 dispo-

260 3078 374 3144 sitione
395 3076 560 3144 soribeudo
583 3079 753 3144 memoriae
773 3078 1000 3144 commendavi.
1037 3077 1084 3142 Tu
1099 3097 1173 3144 uero
1189 3097 1282 3162 numo,
1305 3097 1434 3164 eprae-

260 3192 364 3260 sulum
387 3192 492 3278 docus,
516 3195 609 3277 aequi
631 3192 807 3259 libraminis
829 3193 919 3261 lanea
943 3213 1037 3278 qusso
1056 3193 1226 3281 perpende,
1248 3199 1433 3260 utrumnam

260 3310 303 3377 sit
324 3308 454 3394 dignum
478 3309 742 3394 pronuntiatione.
778 3309 859 3388 Quia
882 3309 959 3376 satis
982 3307 1043 3376 erit
1065 3315 1180 3394 ratum,
1204 3311 1232 3376 si
1255 3311 1336 3376 tanti
1350 3329 1434 3396 pon·

261 3423 353 3492 tificis
377 3423 563 3492 auctoritate
585 3424 681 3491 fuerit
703 3425 910 3492 reboatum

333 3732 354 3765 a.
376 3717 469 3766 scandat
484 3737 503 3764 c.
586 3719 608 3764 b.
629 3737 658 3765 ca·
678 3721 729 3765 cod.
746 3720 862 3780 quondum
882 3721 993 3775 inferioris
1015 3721 1147 3764 monasterii
1160 3719 1343 3774 nomismata,
1364 3719 1434 3766 todia

262 3797 372 3844 rotmaro·
389 3801 448 3860 κεῖν’
462 3801 622 3852 Monacensis,
643 3799 811 3845 membranaceo
831 3817 892 3845 suec.
908 3799 958 3844 1111
971 3798 1015 3854 fol.
1030 3797 1093 3853 tia·
1114 3815 1163 3842 cum
1183 3798 1226 3843 boc
1241 3799 1356 3845 lemmate:
1374 3799 1435 3846 Item

261 3876 369 3937 prologus
385 3877 487 3923 eiusdem
504 3875 592 3924 abbatis
607 3876 637 3922 ad
652 3877 807 3936 supradictum
823 3877 1018 3936 archiepiscopum
1035 3876 1064 3922 do
1077 3875 1235 3924 observatione
1245 3877 1323 3924 ieiunii
1334 3881 1436 3938 quatuor

261 3959 396 4016 temporum.
408 3981 436 3990 -
454 3956 535 4002 Edidit
551 3959 598 4003 Pez
615 3957 678 4003 Thes.
695 3957 775 4002 anecd.
791 3958 828 4002 W
841 3960 906 4004 1².11
920 3958 950 4004 55
967 3974 996 4002 ex
1011 3957 1063 4002 aad.
1079 3960 1104 4006 S·
1116 3959 1279 4002 Emmaunmi.
1357 3970 1377 4003 c.
1398 3976 1434 4004 ει-

263 4039 337 4098 qutun
356 4038 379 4082 ia
400 4037 478 4082 codice
493 4035 603 4094 Dialogus
622 4035 683 4082 inter
698 4035 758 4081 Rern
773 4036 886 4094 Augousta
907 4035 1011 4082 coenobii
1031 4035 1135 4082 abbatom
1156 4038 1179 4082 at
1194 4035 1328 4083 monachum
1344 4035 1433 4083 Garun-

262 4129 315 4175 gnm
330 4115 429 4171 multus,
445 4115 542 4174 querar
558 4117 654 4174 quatuor
668 4118 796 4174 temporum
811 4115 897 4161 ieiunia
911 4129 954 4175 por
968 4129 1011 4162 sua
1025 4116 1119 4163 sabbata
1135 4114 1182 4162 sint
1191 4115 1340 4163 obseruanda
1363 4118 1435 4174 obad

263 4195 393 4256 opuseulum
409 4195 482 4242 edida
498 4199 544 4242 Ρη
559 4197 575 4240 1.
586 4197 602 4240 1.
613 4195 643 4244 bb
653 4195 720 4242 -68.
