3024 4864
333 328 361 376 s.
378 327 554 378 nonnam
573 327 619 375 nu
640 325 744 376 nunrn
765 324 953 374 nemnonnn
977 325 1005 374 er
1189 305 1254 376 ant

83 467 216 552 edicere,
236 467 366 553 longum
390 473 439 537 est
459 477 537 554 tarn
564 473 600 535 ut
621 468 709 552 haec,
733 487 813 552 quae
836 465 1000 551 obicimus,
1022 464 1253 534 confirmemus.
1286 473 1338 529 751

82 581 166 662 Quae
190 605 232 651 ex
252 589 363 672 parte·
385 590 417 652 te
438 588 589 651 narrante
610 584 841 671 prospeximus.
877 581 992 667 Igitur,
1020 581 1097 650 dum
1118 582 1153 649 in
1176 579 1255 648 Ger·
1272 545 1354 593 Nm

80 699 187 766 manis
210 699 375 786 provincia
395 704 452 766 tua
472 699 613 766 fraterna
635 700 786 765 sanctitas
810 699 850 765 ed
873 697 1121 785 praedicandum
1142 697 1255 764 luisset

79 815 202 882 directa
225 836 245 883 a
265 820 394 884 sunctae
416 813 642 882 recordationis
664 814 906 901 praedecessore
921 819 1029 880 nostro
1045 813 1159 880 domno
1176 810 1255 879 Gre-

78 931 168 1014 gorio
191 951 287 1018 popu,
312 937 345 999 et
365 935 439 1019 post
459 931 642 998 inchoatum
664 949 742 1018 opus
766 934 798 997 et
820 930 927 1016 alique
950 950 989 996 ex
1012 933 1105 1016 parte
1127 927 1255 1016 spirite·

77 1044 152 1114 liter
175 1045 392 1132 aedificatum,
414 1047 516 1115 Roma
537 1065 700 1132 reversus,
724 1047 764 1115 ab
787 1066 823 1114 eo
847 1045 1015 1134 episcopus
1037 1044 1201 1112 ordinatus
1225 1049 1258 1111 et

77 1161 144 1230 illic
179 1163 220 1230 ad
252 1163 500 1251 praedicandum
531 1163 634 1232 denuo
661 1164 813 1232 remissus
842 1183 893 1248 es,
928 1167 960 1229 et
988 1159 1158 1228 elaborasti
1188 1157 1255 1226 Deo

77 1279 210 1365 praevio
233 1297 317 1347 nune
339 1299 438 1366 usque
459 1299 518 1367 per
540 1299 639 1346 annos
663 1274 724 1346 25¹
746 1280 780 1345 in
803 1278 913 1346 cadem
936 1277 1188 1365 praedicatione,
1217 1295 1257 1342 ex

78 1415 139 1480 quo
176 1395 396 1483 episcopatum
430 1395 607 1483 suscepisti.
649 1393 712 1462 Sed
746 1395 839 1462 etin
869 1394 1034 1482 provincia
1060 1391 1257 1458 Francorum

75 1516 190 1578 nostra
213 1513 281 1580 rice
304 1511 472 1580 concilium
486 1510 661 1593 habunde
685 1513 823 1579 etiuxte
837 1530 992 1578 canonum
1007 1509 1164 1592 instituta,
1188 1506 1256 1574 Deo

77 1627 123 1694 eis
153 1633 331 1714 annuente,
364 1647 472 1695 omnes
499 1625 575 1696 flexi
602 1631 677 1693 sunt
705 1627 860 1694 oboedire.
896 1625 940 1692 Et
967 1625 1041 1691 dum
1064 1625 1098 1690 in
1120 1623 1170 1690 his
1194 1623 1256 1710 piis

77 1743 229 1830 operibus
257 1749 411 1832 occupate
433 1749 517 1810 esset
538 1747 595 1810 tua
617 1748 726 1810 sancta
746 1743 947 1825 fraternitas,
977 1760 1061 1808 nunc
1083 1759 1183 1825 usquc
1205 1758 1257 1805 cu·

76 1857 258 1926 thedralem
280 1861 388 1928 sedem
410 1858 472 1926 sibi
493 1858 626 1926 minime
648 1857 830 1925 vindicavit.
915 1857 960 1923 At
982 1857 1037 1923 ubi
1060 1867 1153 1923 vero⁰
1169 1854 1255 1922 Deus

75 1975 350 2062 praedicationem
371 1981 459 2042 tuem
482 1976 582 2061 auxit,
609 1973 769 2042 obtinere·¹
791 1974 851 2041 tibi
873 1971 1087 2040 cathedralem
1109 1969 1256 2038 eclesiam

75 2089 126 2158 vel
150 2091 386 2158 suecessoribus
408 2093 472 2158 tuis
495 2091 681 2160 confirmare
705 2089 854 2158 debemus
876 2089 968 2156 iuxta
990 2086 1161 2155 eorundem
1175 2085 1256 2152 filio-

75 2227 149 2274 rum
172 2205 371 2275 Francorum
398 2209 593 2294 petitionem.
628 2205 672 2274 Et
700 2207 817 2273 idcirco
846 2205 1034 2272 auctoritate
1062 2203 1147 2270 besti
1169 2200 1256 2270 Petri

76 2321 216 2410 apostoli
240 2323 415 2390 sancimus:
439 2327 475 2390 ut
496 2343 595 2410 supro
616 2321 701 2390 dicta
724 2321 839 2390 eclesia
853 2319 1037 2406 Mogontina
1059 2339 1143 2386 nunc
1162 2324 1257 2406 atque

76 2440 177 2506 etium
199 2439 364 2526 perpetuis
387 2439 582 2526 temporibus
604 2437 664 2505 tibi
686 2442 719 2505 et
741 2437 973 2504 successoribus
994 2438 1057 2503 tuis
1073 2433 1256 2522 metropolis

77 2555 118 2621 eit
146 2553 353 2636 confirmato3
383 2554 502 2622 babens
531 2553 628 2622 etiam
656 2553 715 2621 sub
737 2573 772 2620 se
794 2552 851 2620 bas
875 2555 895 2619 b
920 2553 1063 2620 civitates
1088 2551 1259 2620 —idest

75 2669 234 2756 Tungris,
263 2669 443 2755 Coloniam,
469 2669 699 2754 Wormaciam,
729 2668 902 2757 Spiretiam
934 2673 967 2736 et
994 2667 1135 2734 Trectis⁸
1158 2703 1201 2714 -
1226 2671 1259 2734 et

76 2805 188 2854 omnes
212 2785 404 2854 Germaniae
425 2791 551 2870 gentes,
576 2806 654 2871 quus
677 2790 733 2852 tua
754 2784 935 2852 fretemitas
958 2803 1016 2870 per
1038 2803 1129 2849 suam
1151 2781 1257 2870 predi-

75 2904 240 2970 cationem
262 2900 381 2970 Christi
408 2902 516 2970 lumen
539 2921 727 2986 cognoscere
748 2900 833 2966 fecit.
868 2897 927 2966 His
951 2919 971 2964 a
992 2897 1083 2965 nobis
1107 2897 1256 2982 definitis,

75 3019 172 3086 buius
200 3023 329 3086 nostae
358 3017 605 3086 confirmationis
634 3017 785 3103 peginam
813 3015 847 3082 in
875 3020 932 3081 tua
958 3013 1073 3082 eclesia
1094 3013 1256 3102 perpetuis

75 3134 277 3224 temporibus
299 3155 358 3222 pro
382 3135 432 3201 sui
455 3133 691 3200 confirmatione
711 3132 960 3200 conservandam
975 3151 1044 3198 esse
1059 3129 1255 3216 mundamus.

74 3251 165 3320 Bene
193 3251 309 3318 valete.
347 3249 433 3318 Data
460 3250 563 3338 pridie
590 3249 698 3316 Nonae
721 3245 909 3314 Novembris
937 3247 1114 3334 imperante
1142 3247 1256 3312 domno

74 3369 225 3456 piissimo
249 3371 383 3451 augusto
402 3365 609 3433 Constantino
632 3363 734 3431 aDeo
758 3366 905 3430 coronato
928 3382 1043 3446 magno
1066 3363 1257 3449 imperatore

74 3504 160 3552 anno
182 3482 346 3552 tricesimo
369 3482 522 3567 secundo,
549 3487 623 3570 post
644 3478 857 3548 consulatum‘
879 3479 946 3547 eius
972 3498 1054 3546 auno
1077 3476 1256 3564 undecimo,

73 3600 253 3668 indictione
276 3599 397 3686 quinta

149 3819 171 3853 ι.
197 3813 289 3852 cmm
309 3804 374 3850 bedun
394 3803 504 3864 epistolae
526 3801 605 3850 deam
621 3804 643 3848 br
660 3803 699 3856 Μ,
720 3799 759 3848 ott
772 3801 853 3857 folium
870 3798 933 3860 quod
952 3799 1086 3860 sequebatur
1101 3800 1200 3846 urbam
1216 3807 1257 3846 ert.

74 3885 97 3932 b.
113 3884 220 3932 habuisti
235 3884 286 3930 alia
302 3899 370 3928 mm
386 3884 409 3929 r'rr
424 3884 526 3944 margine
543 3883 564 3930 C
578 3881 682 3928 additam
698 3889 738 3926 ast.
794 3891 813 3925 c.
830 3891 884 3924 vero
902 3878 999 3923 dolorm
1015 3887 1048 3924 m
1064 3880 1085 3924 io
1104 3880 1129 3925 C.
1186 3877 1208 3924 d.
1224 3895 1257 3925 u-

76 3968 154 4028 μἰσ
171 3965 200 4036 Ξῖ
220 3967 243 4012 ἰι
261 3965 288 4010 0.
367 3974 387 4007 ο.
407 3961 486 4008 trectis
503 3977 560 4007 cerr.
576 3963 599 4006 r'rs
619 3957 721 4006 baleolis
739 3960 764 4007 C.
842 3956 859 4004 l.
880 3956 970 4020 imperii
990 3961 1013 4004 r'o
1034 3959 1103 4004 litura
1121 3959 1146 4006 C.
1170 3958 1259 4016 Scripsi

75 4047 132 4104 1²⁰⁸t
149 4043 304 4099 mbae
324 4039 521 4102 amm-1⁷.

152 4150 177 4204 1.
199 4148 285 4204 immo
302 4145 347 4202 29.

563 4305 776 4318 Ἥ
