3164 4842
306 267 373 336 sod
606 287 654 334 nx
677 286 832 336 ornnorr
854 287 932 334 vrrs
957 285 983 336 s.
1001 287 1175 336 nonnrrrn

236 439 288 494 755
395 427 516 515 Corpus
538 448 612 496 vero
641 430 742 497 sancti
764 428 918 496 Bonifacii
1041 428 1228 516 perductum
1255 434 1304 496 eat
1335 428 1375 496 ad
1396 428 1465 496 civi·

305 549 404 612 tatem
426 544 623 629 Mogonciam

395 659 547 747 Suscepto
569 663 667 746 igitur
688 662 829 730 thesauri
851 663 932 729 tanti
954 663 1096 749 pignore,
1122 658 1266 730 inerunt¹
1287 661 1416 749 plurimi
1435 661 1467 727 in

304 777 382 844 urbe
398 775 660 862 Mogonciaoensi,
685 780 739 864 qui
761 777 940 863 censebant,
961 778 1028 845 illic
1050 778 1261 866 sepeliendum
1287 797 1355 844 esse
1372 779 1468 846 sancti

291 894 366 960 -viri
381 913 505 980 corpus,
520 893 575 960 ubi
587 901 655 962 erat
666 895 847 982 episcopns;
863 893 1066 979 affirmantes,
1082 894 1260 962 huiusmodi
1270 894 1320 960 ius
1331 894 1469 960 emnium

304 1031 373 1078 cese
395 1010 627 1095 aecclesiarum,
650 1016 696 1095 nt,
720 1032 782 1097 qno
798 1011 868 1096 quie
883 1011 988 1078 eedem
1005 1011 1214 1099 episcopalem
1230 1009 1384 1092 habuerit,
1406 1007 1470 1076 illic

303 1145 427 1213 quoque
450 1125 647 1213 sepeliendus
672 1128 722 1194 sit
757 1127 793 1194 ln
815 1133 939 1194 tantum
963 1135 1068 1195 autem
1083 1127 1280 1215 quorundam
1293 1125 1373 1192 illnd
1388 1123 1470 1192 affir-

303 1242 458 1309 mantium
487 1242 665 1330 praevaluit
691 1247 867 1328 certamen,
896 1249 932 1310 nt
958 1263 1039 1330 pene
1062 1265 1171 1310 eorum
1193 1243 1323 1312 coneilio
1345 1247 1470 1310 sundra

302 1356 413 1425 Lullue
436 1359 637 1442 consentiret,
659 1359 721 1424 nisi
744 1359 870 1426 cuidam
886 1359 1058 1429 venerabili
1078 1360 1219 1446 diacono,
1243 1361 1297 1446 qui
1311 1357 1471 1426 dicebatur

304 1473 464 1562 otpertus,
488 1477 689 1563 apparuisset
711 1481 839 1542 sanctus
862 1474 1042 1544 Boniiaciue
1064 1478 1098 1543 in
1120 1478 1240 1544 visione
1262 1475 1384 1542 dicens:
1407 1478 1471 1544 Die

303 1594 449 1678 episcopo
472 1592 583 1674 Ladlo,
614 1605 650 1660 ua
678 1616 793 1681 corpus
822 1617 924 1660 meam
952 1595 1069 1682 absquo
1096 1597 1184 1660 orani
1208 1594 1409 1680 aequaeua
1430 1596 1472 1660 ad

303 1711 487 1774 moenum
513 1713 577 1774 mei
598 1710 700 1775 lencm
722 1711 903 1796 erooeferat.
938 1708 1080 1796 Cumque
1101 1710 1183 1778 banc
1206 1709 1360 1776 visionem
1380 1709 1472 1777 multi

303 1821 466 1890 audientes
495 1824 625 1890 minime
654 1825 831 1909 crederent,
861 1825 989 1912 praesul
1010 1825 1135 1910 Lullns,
1166 1825 1471 1892 moderandarum

302 1938 460 2024 reliquiis,
490 1940 584 2006 iussit
606 1939 774 2027 Otpertum
801 1941 937 2027 probare
963 1942 1113 2026 iurando,
1141 1944 1169 2008 si
1196 1963 1273 2010 vera
1301 1947 1385 2008 esset
1406 1943 1472 2008 eine

173 2033 177 2041 ’
302 2055 391 2121 visio.
426 2055 472 2122 At
499 2055 569 2140 ille,
598 2057 645 2122 nil
673 2057 835 2143 dubitans,
865 2059 953 2124 iussa
974 2058 1133 2144 implevit,
1163 2059 1317 2126 visionem
1338 2057 1471 2126 iurando

302 2171 457 2258 probavit.
491 2171 580 2251 Quod
602 2193 673 2240 cum
695 2174 814 2240 factum
837 2173 959 2258 drieset,
983 2193 1092 2240 omnes
1114 2194 1178 2241 non
1200 2175 1303 2242 solum
1321 2193 1369 2259 ea,
1392 2195 1472 2260 qnae

164 2341 167 2362 .
301 2287 391 2375 prius
420 2294 593 2356 rennerunt
616 2287 655 2356 de
678 2289 779 2356 sancti
802 2289 943 2375 corporis
966 2290 1188 2375 macalatione,
1216 2289 1285 2358 fieri
1307 2309 1472 2358 consenso·

301 2409 386 2488 runt,
410 2404 466 2471 sed
489 2405 585 2472 etiam
608 2406 766 2472 adiutores
789 2425 858 2473 esee
880 2412 1050 2493 coeperant
1067 2407 1175 2492 inhia,
1200 2427 1280 2493 quae
1294 2407 1473 2474 huiusmodi

302 2539 378 2586 cura
399 2520 557 2607 poscebat.
594 2521 728 2600 Quidam
747 2541 885 2607 namque
903 2522 944 2588 ad
959 2521 1133 2590 afferendas
1148 2543 1255 2609 naves,
1277 2528 1315 2590 ut
1328 2524 1472 2607 celeriter

301 2641 390 2702 mans
406 2635 528 2704 Renum
551 2636 707 2724 proficisci
729 2642 870 2726 possent,
892 2638 1123 2726 properabant;
1147 2641 1276 2726 quidam
1296 2661 1372 2707 vero
1395 2640 1472 2708 leta·

302 2751 398 2838 niam,
422 2752 630 2838 psalmodiam
654 2754 778 2840 aliaque
800 2754 925 2822 divinae
947 2755 1050 2822 laudis
1065 2756 1198 2840 cantico,
1221 2761 1364 2823 sanctum
1378 2756 1472 2822 funus

302 2874 478 2955 sequentes,
502 2869 656 2937 dicebant.
692 2869 832 2956 Cumque
846 2871 940 2937 turba
955 2892 1028 2956 una,
1048 2871 1172 2956 longine
1188 2872 1360 2959 procedens
1375 2872 1473 2939 ultra·

302 3005 363 3071 que
392 2986 561 3072 procedere
587 3007 650 3053 non
678 2987 803 3070 valens,
833 2987 965 3071 rediret,
995 2987 1059 3054 alia
1086 2988 1290 3056 nihilominus
1317 2987 1412 3056 turba
1434 2988 1473 3056 de

301 3103 429 3185 regione
450 3103 556 3169 vicium
577 3103 719 3186 accessit,
741 3103 881 3186 gaudem
895 3101 981 3170 illius
997 3111 1104 3172 sancto
1120 3104 1322 3172 obambulare
1337 3105 1473 3192 corpori,

303 3237 397 3302 quem
429 3219 564 3286 credidit
597 3225 629 3285 et
662 3219 803 3305 speravit
830 3219 957 3286 sibimet
985 3221 1069 3307 apud
1096 3220 1268 3288 Dominum
1297 3219 1472 3306 suffragari

303 3331 389 3410 Quae
417 3334 463 3402 ibi
490 3333 618 3402 laeticia
646 3340 678 3402 et
704 3337 904 3422 compunctio
928 3337 966 3404 de
989 3338 1071 3403 tanfi
1092 3338 1153 3404 viri
1175 3339 1350 3424 patrocinio
1374 3337 1473 3424 pluri-

302 3449 363 3514 mis
384 3450 481 3518 fuerit
503 3457 622 3536 exorta,
646 3451 705 3520 hoc
728 3458 889 3539 nequeunt
909 3459 1020 3519 nostra
1034 3453 1128 3538 digne
1143 3455 1328 3541 depromere
1343 3455 1472 3541 scripta

302 3563 392 3631 Unde
420 3566 515 3632 etiam
544 3567 576 3632 in
606 3568 794 3651 quibusdam
821 3568 914 3653 lonis,
942 3568 998 3636 ubi
1021 3589 1093 3636 cum
1116 3577 1224 3637 sancto
1247 3591 1380 3657 corpora
1401 3591 1474 3658 per·

302 3681 472 3748 nectebant
500 3683 550 3750 vel
577 3684 801 3770 meridiabant,
830 3686 864 3750 in
893 3686 960 3751 eius
987 3685 1139 3753 honoram
1167 3686 1335 3754 aecclesias
1363 3693 1476 3774 poetes

302 3797 533 3865 construebant.
569 3798 639 3865 Tali
662 3801 769 3884 itaque
791 3801 906 3885 gaudio
928 3801 1098 3888 perductus
1121 3809 1171 3870 est
1191 3804 1376 3870 monasterii
1398 3801 1475 3870 Ful·

302 3913 407 3980 densis
429 3913 509 3999 loco,
534 3933 594 4000 quo
618 3916 688 4002 ipsa
710 3916 838 4003 sepeliri
861 3919 967 4003 sepius
990 3919 1113 4006 optavit
1135 3921 1304 4007 sepiusque
1325 3920 1359 3986 id
1381 3919 1475 3986 beato

301 4030 441 4116 praesuli
456 4030 548 4098 Lullo
569 4030 767 4118 implendum
783 4034 1023 4101 commendavit
1060 4034 1130 4120 Qui,
1153 4042 1186 4103 et
1199 4036 1390 4123 peticionem
1405 4037 1476 4104 aius

302 4146 460 4233 complere
482 4167 682 4234 summopere
703 4149 802 4233 nisus,
826 4169 896 4216 cum
918 4153 1120 4219 veneratione
1141 4152 1249 4220 debita
1270 4159 1375 4222 terrae
1389 4153 1476 4239 quod

375 4392 399 4445 1.
425 4389 466 4446 df.
485 4393 643 4449 Passionem
661 4393 689 4449 S.
703 4393 834 4452 Bonifatii
851 4411 936 4467 supra
951 4414 979 4468 p.
991 4397 1053 4454 479.
1063 4399 1125 4454 480.
