3164 4842
328 300 395 366 464
554 316 760 364 wruumnnor
779 317 859 364 vrrs
882 315 908 364 s.
925 315 1101 364 normann
1123 315 1197 364 ose.
1210 315 1271 362 vrn

258 469 311 524 ‘155
329 467 361 527 at
382 459 592 543 Aethelheri·,
621 457 807 525 eaeordotali
836 457 1062 545 presbiteratus
1091 457 1193 524 offioio
1216 455 1402 544 praeditis⁸3
1431 453 1488 521 lla·

328 576 435 660 mund,
452 574 612 642 Sairbald⁸
629 580 661 642 et
675 574 768 660 Bosa,
785 574 951 642 levitarum
969 574 1116 660 obsequio
1132 573 1306 660 deputatis3
1324 569 1489 638 Waoohar‘
1568 607 1570 690 4

328 697 360 760 et
381 691 590 776 Gnndaeoer·‚
619 691 751 758 lllehere
774 697 806 758 et
827 689 1004 773 Hathowlf‚
1033 689 1247 756 monasteriali
1269 687 1490 755 monachorum

327 809 436 875 ordine
465 807 646 876 sublevatis.
691 806 751 886 Qui
780 807 875 874 etiam
904 807 938 872 in
967 811 1092 873 tantum
1113 807 1197 872 ritae
1219 809 1366 872 aeternae
1389 823 1491 870 semen
1569 823 1570 880 j

327 944 399 990 oum
427 930 534 991 sanoto
562 922 720 990 Bonifatio
747 921 812 990 late
845 943 903 1009 per
930 922 1082 1010 populum
1110 920 1337 1005 devulgantesg
1369 921 1493 986 domiuo

326 1039 394 1107 Deo
417 1041 645 1127 patrocinante,
670 1037 920 1123 diffamaverunt,
944 1043 980 1104 ut
1002 1038 1114 1124 quibus
1136 1040 1225 1105 iuxta
1241 1037 1433 1124 apostolieae
1447 1037 1493 1101 in-

328 1158 500 1223 stitutionis
526 1176 671 1222 normam
693 1175 748 1222 eor
775 1162 843 1222 erat
864 1175 963 1221 unum
986 1160 1019 1221 et
1041 1155 1146 1220 anima
1167 1171 1231 1219 una
1239 1149 1257 1237 ¹,
1285 1173 1349 1219 una
1371 1153 1494 1219 eadem·

329 1283 407 1357 que⁸
428 1273 536 1358 palma
557 1277 641 1340 esset
662 1271 825 1358 martyriil
849 1278 881 1338 et
902 1271 1112 1338 remuneratio
1135 1269 1296 1355 triumphi.

416 1387 588 1474 Postquam
608 1389 706 1473 igitur
727 1387 813 1475 fidei,
836 1393 872 1454 ut
893 1387 1118 1474 praediximus,
1142 1405 1199 1472 per
1214 1385 1355 1453 Fresiam
1372 1385 1494 1452 inluxe-

328 1506 389 1571 rat*
412 1504 560 1592 splendor
590 1511 622 1572 et
649 1505 725 1572 felix
753 1503 873 1571 sanatik
895 1503 988 1570 huius
1017 1504 1100 1570 vitae
1123 1502 1392 1590 adpropinquaret
1413 1499 1495 1584 finis,
1569 1539 1570 1544 κ

327 1621 392 1688 iam
415 1621 541 1706 quidem
563 1641 653 1688 seous
675 1621 779 1708 ripam
802 1619 939 1686 fluminis
963 1619 1046 1705 quod
1061 1619 1176 1686 dieitur
1191 1617 1325 1702 Boreae,
1350 1617 1434 1702 quod
1450 1621 1498 1682 eet

327 1738 361 1802 in
383 1737 557 1804 oonllnibus
580 1758 703 1821 eorum,
728 1737 783 1822 qui
804 1737 923 1802 rustioa
945 1736 1091 1802 dicuntur
1113 1735 1222 1820 lingua
1245 1734 1359 1808 Ostar''
1373 1740 1406 1799 st
1425 1731 1497 1800 We·

328 1853 498 1938 steraeaha,
522 1873 649 1920 suorum
671 1858 794 1920 tantum
818 1853 954 1939 stipatus
977 1851 1126 1918 clientum
1148 1871 1290 1933 numero,
1314 1850 1416 1916 erexit
1429 1855 1496 1916 ten-

327 1971 419 2036 toria.
459 1968 521 2036 Sed
554 1971 628 2054 quie
660 1970 777 2036 festum
806 1966 1052 2035 confirmationis
1068 1966 1325 2054 neophitorum‘·
1354 1966 1439 2032 diem
1466 1971 1497 2030 et
1568 2031 1570 2078 j

328 2105 429 2172 nuper
457 2085 690 2172 baptizatorum
718 2085 757 2152 ab
786 2084 934 2172 episeopo
962 2103 1074 2151 manus
1103 2083 1302 2170 impositionis
1331 2087 1364 2148 ot
1386 2079 1495 2147 eonfir·
1569 2089 1570 2092 ’

330 2203 477 2269 metionis
500 2203 617 2288 populo
640 2201 843 2289 praedixerat
863 2202 928 2267 iam
947 2201 1039 2284 longe
1054 2199 1178 2284 lateque
1193 2199 1346 2284 disperso,
1369 2197 1410 2263 ad
1425 2217 1495 2284 pro-
1569 2287 1570 2290 Ἴ

328 2319 432 2405 priam
455 2319 669 2403 unusquisque
690 2337 836 2384 reuersus
852 2323 900 2382 est
914 2317 1052 2400 domum,
1075 2321 1111 2380 nt
1125 2315 1296 2380 seeundum
1312 2314 1495 2380 diffinitam·
1569 2291 1570 2378 l

329 2435 430 2500 saneti
461 2435 600 2522 episcopi
629 2434 818 2501 sententiam
840 2433 979 2499 universi
1002 2431 1229 2519 praedistinato
1252 2428 1495 2497 oontirmationir

329 2569 438 2616 sorum
461 2549 512 2616 die
534 2554 820 2637 praesentarentur.

241 2678 313 2726 reno
418 2665 496 2732 Cum
521 2672 626 2733 autem
647 2666 827 2753 praedictus
851 2665 917 2730 dies
939 2663 1107 2731 inluxisset
1129 2669 1162 2730 et
1184 2683 1297 2729 aurora
1316 2660 1405 2746 lueis,
1430 2666 1495 2727 orto

330 2781 394 2848 inm
418 2781 493 2867 solo,
517 2789 748 2869 prorumperet,
771 2787 846 2847 tuno
869 2781 963 2846 etiam
980 2801 1071 2847 versa
1086 2781 1154 2846 vioe
1169 2800 1227 2866 pro
1243 2779 1353 2846 amieis
1367 2776 1494 2860 inimici,

329 2903 361 2963 st
389 2899 463 2964 novi
490 2898 624 2983 denique
652 2899 796 2965 liotores⁰
819 2916 877 2982 pro
905 2897 1035 2964 novioiis
1062 2895 1137 2982 fidei
1165 2895 1337 2962 cultoribus
1365 2895 1495 2960 advena·

329 3019 412 3096 rant,
436 3014 635 3100 hostiumque
657 3014 768 3097 ingens
791 3013 823 3078 in
848 3017 961 3098 essue,
985 3013 1181 3080 uibrantibus
1205 3013 1312 3095 armis,
1337 3017 1441 3076 astuta
1462 3029 1496 3076 ae

330 3133 453 3196 soumta
478 3131 635 3197 inrueret'
657 3109 836 3196 multitudo.
883 3127 971 3194 Tune
997 3135 1128 3215 repente
1150 3149 1189 3197 ex
1213 3128 1344 3195 adverso
1367 3127 1458 3212 pueri
1479 3146 1495 3192 e

330 3247 442 3312 aastde
463 3245 673 3333 prosilientes,
695 3245 864 3330 utrubique
886 3265 920 3311 se
936 3245 1032 3312 armis
1046 3246 1202 3332 inpetunt7
1226 3252 1258 3312 at
1272 3251 1397 3311 sanctos
1412 3251 1496 3330 post·

331 3361 460 3428 modum
482 3367 637 3448 martyres
659 3368 770 3430 eontra
790 3363 1001 3428 insensatum*¹
1022 3362 1172 3429 furentis'
1193 3360 1302 3448 populi
1326 3362 1496 3427 exereitum

333 3478 498 3545 detondere
528 3479 675 3562 gestiunt
723 3477 786 3545 Sed
813 3479 864 3544 uir
891 3478 951 3546 Dei
980 3480 1104 3562 statim,
1142 3479 1248 3546 audito
1277 3476 1496 3544 umultuantis

331 3594 422 3660 turbe
443 3596 563 3681 inpetu,
587 3596 686 3662 aooito
710 3595 749 3661 ad
773 3615 806 3662 ee
827 3595 1012 3661 elericorum
1032 3591 1143 3678 oler0'‚
1168 3594 1303 3682 sumptis
1318 3600 1496 3660 sanatorum
1533 3667 1540 3672 ,

330 3709 472 3795 reliquiis
496 3731 573 3796 quas
596 3729 702 3778 seeum
724 3711 938 3778 indesinenter
958 3711 1073 3778 habere
1093 3717 1307 3794 desueverat,
1332 3709 1497 3777 etentorio

331 3827 482 3912 procedit.
524 3825 567 3896 Et
588 3826 751 3894 confestim
776 3827 967 3914 inorepando
989 3828 1096 3914 pueris
1118 3847 1223 3915 pugne
1245 3826 1411 3894 interdixit
1432 3847 1497 3894 aer-

404 4008 424 4041 a
444 3995 581 4042 llatlrelhere
596 4001 625 4043 A.
707 3995 730 4042 b.
750 3995 867 4055 praeditus
883 3999 909 4044 F.
993 4010 1012 4043 a.
1034 3995 1137 4044 Soirbtld
1153 4013 1197 4044 em.
1213 4001 1238 4045 F.
1316 3997 1338 4043 d.
1359 3997 1456 4044 Waaoer
1470 3999 1497 4044 A·
1568 4021 1570 4060 l

333 4089 353 4122 a.
375 4077 399 4121 et
414 4074 548 4122 (lundaeoer
568 4090 611 4121 om.
627 4078 653 4121 F.
743 4075 759 4122 i.
783 4075 924 4134 divulgantes
940 4079 968 4123 A.
1054 4090 1076 4136 g.
1096 4080 1120 4124 et
1135 4077 1192 4124 add.
1209 4080 1236 4124 A.
1321 4076 1345 4123 lu.
1365 4077 1457 4124 marteri
1473 4079 1496 4122 F.

332 4153 479 4201 iinlnxorat
493 4157 519 4202 F.
596 4154 620 4201 lr.
640 4155 725 4202 amatis
741 4157 769 4211 F.
786 4159 813 4203 A.
891 4157 991 4204 testor
1007 4159 1035 4204 A.
1109 4171 1139 4205 ιιι.
1159 4157 1303 4204 neobitorum
1319 4159 1343 4205 F.
1415 4171 1437 4204 n
1457 4155 1495 4202 ds·

332 4233 420 4280 flnitm
436 4240 463 4282 A.
535 4247 555 4280 o
575 4234 654 4282 litores
670 4238 695 4282 F.
764 4249 787 4296 p.
806 4237 908 4284 inruant
922 4241 950 4284 A.
1018 4250 1040 4298 q.
1061 4239 1095 4285 etc
1110 4241 1193 4298 scripsi
1204 4255 1247 4299 pra
1264 4241 1355 4286 sauma
1371 4239 1449 4284 matra
1462 4235 1495 4282 in·
1569 4279 1570 4282 ,

333 4316 448 4360 sensatum
464 4314 608 4374 postmodum
624 4316 734 4374 martyras
749 4317 776 4373 F,
793 4317 820 4364 A.
894 4331 912 4365 r.
932 4317 1033 4366 iurentm
1049 4321 1075 4366 F.

406 4419 430 4470 1.
455 4415 518 4474 Aee
537 4423 625 4489 apost
644 4419 670 4488 4,
683 4419 726 4474 aa.
815 4421 841 4475 a.
866 4417 960 4495 κιιρῳ,
978 4426 1060 4493 sore,
1078 4421 1182 4480 orons
