3176 4846
526 303 606 352 mun
627 302 823 352 munuum
843 303 869 350 n
1212 282 1278 354 tec

225 441 362 527 Regitur
383 441 458 512 inde
479 441 584 527 boun,
607 441 698 527 vigur
718 442 754 512 in
775 442 888 528 quitur
911 448 960 512 eet
980 443 1122 530 reticuit,

174 576 204 624 nc
226 557 369 646 putribus
392 563 425 626 et
446 557 580 642 morie,
603 558 797 626 ferventibus
818 560 891 644 igue
914 559 1077 645 Tonantis,

226 675 320 742 debet
340 673 465 760 preberi
486 672 571 758 leun,
594 693 690 760 quem
711 675 802 744 decet
822 675 873 742 hie
894 675 1045 744 adhiberi.
1117 721 1119 734 ·

272 788 326 858 Sic
346 789 533 874 Adelbertc‚
556 790 610 875 qui
631 783 794 876 temqucm
815 789 871 858 lux
892 790 928 858 iu
949 795 1059 878 operte

225 903 315 971 fulsit
334 905 370 970 in
391 904 539 990 ecclesie,
563 904 618 972 det
638 905 748 974 leudee
769 912 880 974 ncetre
901 906 1029 988 Thulin

170 1013 178 1030 '
225 1019 350 1107 presule
373 1040 434 1106 quo
456 1021 553 1106 frete,
575 1021 677 1106 uiguit
698 1020 862 1106 Mtguntie
881 1021 955 1090 lete

173 1155 204 1202 ec
227 1135 339 1221 Guiue,
362 1136 547 1224 dispositam
570 1155 627 1224 per
650 1139 788 1224 quinque
809 1136 986 1221 volumine,
1008 1137 1105 1206 uitem

225 1253 364 1320 carmine
385 1252 525 1336 signnvi3
548 1253 623 1338 quin
644 1253 746 1340 spiret
767 1252 862 1320 cdere
885 1251 986 1336 suevi,

226 1367 375 1436 eccleciae
396 1385 521 1437 morum
541 1367 688 1454 linquent
709 1367 856 1455 exempla
876 1368 1038 1436 bonorum.

317 1483 371 1550 De
399 1482 638 1552 removenda
664 1483 846 1552 teleitete
874 1484 1074 1552 meteriee.

225 1597 309 1666 Utile
332 1599 415 1684 qued
438 1597 547 1684 cedo,
568 1598 697 1667 lecturis
719 1599 862 1668 versibus
884 1600 951 1668 ede.

226 1713 281 1782 Set
302 1733 361 1782 nec
382 1734 439 1800 ego
461 1712 561 1798 dede,
584 1715 767 1799 Aureolum,
790 1714 919 1784 inherec
941 1715 1045 1799 dictu,

177 1847 207 1896 et
229 1835 265 1896 ut
286 1830 365 1898 mihi
387 1833 537 1915 queretur
558 1831 648 1898 lever
671 1835 726 1898 eut
746 1829 815 1898 leus
838 1851 920 1902 uene
940 1835 1082 1918 petetur3

225 1965 296 2014 cum
319 1947 361 2012 eit
382 1944 434 2013 lex
457 1945 530 2015 telis
554 1945 672 2014 decreti
694 1945 897 2032 pontificalis:

225 2082 266 2129 ne
288 2062 358 2149 quie
380 2061 539 2147 aduletur,
563 2061 729 2131 cethedrte
752 2063 807 2147 qui
829 2067 932 2130 recler
954 2061 1096 2133 hebetur.

224 2177 309 2263 Ergo
332 2177 529 2262 contendum,
551 2197 719 2265 perronem
740 2178 809 2246 iure
831 2177 1001 2246 verendam

225 2293 271 2360 eic
292 2292 445 2362 celebrem
467 2295 586 2379 fecere,
608 2313 680 2360 recr
702 2297 738 2360 ut
758 2293 881 2360 untione
903 2293 1007 2362 licere.

499 2485 630 2556 PRIMA
652 2485 896 2555 DISTINGTIO.

172 2641 203 2688 ec
224 2621 338 2707 Gellie,
361 2643 441 2710 quee
462 2627 572 2708 gentes
595 2622 757 2689 cousuevit
778 2621 894 2689 hebere
914 2626 1070 2709 petentes,

225 2749 376 2824 vergens·
400 2738 440 2806 nd
462 2739 584 2806 Renum
600 2773 641 2786 ·-
659 2736 841 2806 doctissime
862 2735 986 2805 flectere
1008 2737 1132 2806 frenum

226 2855 397 2941 quamlibet
419 2855 454 2922 in
474 2860 614 2942 partem,
637 2853 713 2922 dum
734 2853 803 2921 vult
823 2853 1021 2920 committere
1042 2853 1176 2924 Martem
1192 2890 1233 2902 -

226 2971 325 3039 edidit
346 2972 510 3054 infantem,
533 2966 669 3056 peu-io&
691 2989 795 3036 mores
816 2967 993 3036 imitantem

225 3086 382 3155 nobilibus
404 3087 496 3154 fectis
518 3091 591 3174 poet
613 3086 709 3174 primi
731 3090 876 3174 tempere
897 3084 999 3153 lectis.

175 3221 205 3270 45
228 3201 289 3272 Hic
310 3201 501 3292 appetetur,
525 3202 631 3270 divino
653 3201 740 3270 fonte
762 3202 892 3286 rigetus,

225 3324 274 3386 eet
295 3318 500 3402 Adelbertue,
524 3337 654 3406 operum
676 3317 756 3384 bene
778 3335 882 3384 merce
904 3316 1049 3386 refertae

226 3435 286 3514 Qui
308 3435 429 3502 meritis
450 3435 574 3520 magnis
596 3434 657 3501 eibi
680 3432 917 3502 succedentibus
940 3432 1031 3500 unuin

226 3551 342 3620 eeneim
365 3550 519 3638 pollebet3
541 3549 638 3616 nichil
660 3550 877 3638 imprudenter
900 3547 1023 3634 egebat,

225 3667 353 3736 uincens
376 3666 528 3751 meicree,
550 3667 678 3734 vincens
701 3670 784 3734 etate
806 3665 955 3749 minores,

173 3803 203 3850 cc
226 3784 354 3851 vincens
377 3783 503 3868 equales
525 3782 664 3870 prudens
687 3781 813 3850 adletha
833 3780 967 3866 sodales,

226 3898 331 3966 indole
353 3899 505 3968 virtutum
529 3899 650 3986 stipans
672 3899 756 3966 letus
778 3897 917 3984 nudique
939 3901 1051 3964 tntum.

227 4015 282 4084 Set
305 4035 362 4082 nec
384 4014 573 4082 Adelbertue
596 4015 696 4100 megin
719 4019 768 4082 eet
788 4013 900 4081 florere
922 4017 1065 4099 repertus

227 4131 367 4218 quelibet
388 4133 420 4198 iu
443 4136 534 4218 perte
555 4131 666 4217 etudii,
690 4149 785 4218 quem
807 4129 922 4197 nobilis
945 4133 1021 4195 erte.

187 4288 213 4408 l.
229 4287 300 4406 iffi:
316 4292 486 4406 {delbertus
507 4347 578 4404 filine
599 4347 729 4405 Friderici
750 4347 857 4404 comitis
875 4343 1090 4402 Serbruccenele.
1117 4343 1152 4403 V.
1171 4343 1278 4402 Ottcnle

114 4440 232 4514 Frieing.
251 4441 307 4497 Vit.
326 4439 399 4496 Frld.
417 4439 475 4494 L.l
492 4455 515 4495 c.
529 4440 562 4494 21
581 4441 610 4493 et
626 4437 669 4492 ᾗ.
