3090 4848
264 232 308 298 66
486 248 512 296 a.
529 249 706 297 scurram
728 251 772 297 ar
794 251 897 297 nuum
918 249 1105 298 samsones
1133 250 1170 295 ra.
1187 249 1218 295 ιι

104 396 246 452 tio-tna
263 389 346 456 libus
369 389 549 476 inplorans,
579 411 599 456 a
625 388 740 457 linibus
763 395 867 457 terrae
896 390 936 456 ad
965 397 997 458 te
1026 390 1176 474 clamavi,
1207 409 1226 456 o
1253 389 1438 456 beatissime

263 505 400 590 domine,
423 507 499 572 dum
522 506 616 572 anxie
638 507 772 592 requirit
794 526 847 572 cor
869 517 991 573 meum:
1015 511 1051 572 ut
1072 507 1106 572 in
1121 511 1229 593 petra·
1245 505 1437 588 orationum,

262 627 389 688 tuarum
412 621 566 688 exaltabis
588 618 672 705 me¹3
701 623 899 707 quiefactus
923 641 956 688 es
979 641 1052 708 spes
1074 641 1161 706 mea,
1189 622 1287 688 turris
1308 620 1438 687 fortitu-

262 738 345 804 dinis
374 737 413 804 al
441 737 523 804 facia
550 738 684 805 visibilis
712 743 744 804 et
770 737 939 806 invisibilis
962 733 1110 804 inimici².
1156 736 1200 804 Et
1221 742 1274 803 ut‘
1298 737 1338 804 ad
1360 755 1438 803 oon-

262 853 449 921 solationem
464 855 600 921 inmensi
615 854 742 938 doloris,
759 854 800 920 ad
815 853 987 920 sedandam
1002 854 1134 920 meroris
1149 854 1278 938 undam,
1295 853 1436 936 obsecro,

262 974 299 1035 ut
320 974 374 1036 tuo
404 968 553 1054 suffragio
581 989 655 1036 mea
680 970 836 1054 fragilitas
866 969 1170 1055 quasiquibusdam
1201 968 1436 1054 sustentaculis,

262 1089 299 1150 ut
319 1105 382 1151 non
406 1105 536 1172 prorsus
559 1089 696 1168 comuat,
717 1086 875 1152 fulciatur.
923 1084 1077 1152 Similiter
1099 1085 1233 1171 supplex
1255 1086 1375 1169 rogim,
1399 1089 1439 1150 ut

263 1200 341 1266 mihi
365 1200 491 1286 aliquod
513 1201 675 1285 solacium,
699 1200 750 1268 rel
769 1202 804 1267 in
819 1201 960 1287 reliquiis
977 1201 1094 1267 sanctis
1110 1200 1160 1267 vel
1174 1199 1310 1287 paucula
1324 1199 1436 1266 saltim

262 1335 320 1402 per
343 1317 462 1403 scripta
484 1317 689 1383 beatitudiuis
711 1317 783 1384 tue‘¹
798 1316 904 1401 verba,
929 1316 1080 1384 dietinaro
1095 1316 1248 1400 digneris3
1272 1317 1356 1382 utin
1370 1315 1438 1382 illis

143 1408 145 1418 ¹
263 1437 351 1498 tuam
372 1433 585 1518 praesentiam
608 1453 733 1518 semper
755 1432 898 1499 habeam.
945 1432 1023 1498 Vale
1045 1433 1161 1515 iugiter
1181 1432 1342 1518 prosperis
1364 1451 1438 1498 suo-

263 1547 413 1632 cessibus,
436 1549 546 1615 vivens
569 1549 653 1632 Deo,
676 1553 787 1634 terque
810 1553 983 1633 quaterque
1005 1547 1212 1635 interpellans
1235 1567 1293 1634 pro
1316 1567 1377 1614 me.

351 1663 419 1747 Ego
450 1669 555 1731 autem
585 1665 732 1732 similiter
759 1663 987 1732 Ealdbeorctb·
1015 1663 1226 1751 pauperculus
1256 1662 1373 1730 Christi
1401 1664 1438 1730 in

263 1777 400 1856 Domino
429 1799 500 1846 cum
528 1781 615 1847 omni
642 1780 756 1848 affectu
785 1780 887 1846 saluto
917 1785 958 1847 to.
1011 1779 1172 1866 Deprecor
1202 1784 1250 1862 to,
1286 1785 1321 1846 ut
1350 1778 1438 1845 illius

157 1907 162 1920 ·
264 1894 437 1981 amicitiae,
467 1916 562 1982 quam
586 1896 662 1963 olim
685 1897 898 1984 spopondisti,
921 1897 956 1961 in
979 1897 1041 1962 tuis
1065 1894 1217 1962 deificatis
1241 1893 1438 1962 orationibus

263 2010 453 2094 recorderis;
477 2019 510 2080 et
530 2013 606 2082 doct
627 2033 759 2100 corpore
782 2033 977 2101 separemur,
999 2017 1105 2078 tamm
1128 2011 1346 2079 recordatione
1365 2010 1438 2078 iun-

264 2147 386 2210 gamus.

271 2339 331 2410 14.
355 2341 506 2428 danapri
527 2341 687 2408 αόὀαιίιια
709 2356 739 2410 st
760 2341 909 2430 Heudurp
937 2343 1114 2430 Wycfritbo
1137 2344 1176 2408 de
1199 2343 1309 2408 licam
1330 2344 1439 2408 masma

354 2461 477 2544 prutiaa
503 2471 610 2544 opaca
657 2459 709 2524 Da
731 2483 790 2525 sao
803 2459 943 2544 fortuna
965 2461 1099 2526 adamo
1122 2459 1318 2544 Romamque
1340 2460 1442 2524 sandi

355 2576 520 2640 desiderio.
566 2575 796 2641 Deceaooldum
818 2573 1059 2642 commodabit
1166 2572 1202 2655 (S
1218 2575 1271 2658 38,
1294 2570 1364 2640 WG
1380 2574 1440 2656 30)

108 2715 248 2770 tle—722
355 2706 525 2774 Benedicto
540 2708 574 2774 in
590 2708 657 2775 Deo
679 2709 714 2774 in
735 2707 797 2775 fide
821 2727 857 2775 ao
872 2709 1040 2776 dilectione
1054 2707 1227 2776 venerabili
1240 2705 1441 2794 wyrffithor

266 2829 472 2908 cognomento
494 2822 673 2908 Bouifacio,
695 2825 923 2911 presbiteratus
946 2824 1129 2912 privilagio*
1152 2823 1296 2912 praedito
1320 2829 1352 2890 et
1372 2823 1441 2890 vir·

267 2940 381 3024 pinalis
409 2939 614 3006 castimoniae
643 2938 772 3007 floribus
800 2941 887 3008 velut
912 2940 1063 3008 liliarnm‘
1087 2941 1179 3007 sartis
1208 2945 1356 3006 coronato
1379 2959 1443 3007 uec

267 3077 332 3122 non
353 3056 516 3122 doctrinae
537 3056 671 3122 scientia
692 3056 826 3140 erudito,
848 3055 1007 3143 Euugytb,
1029 3057 1160 3141 indigna
1180 3055 1295 3122 ancilla
1310 3053 1442 3122 ancilla-

268 3192 339 3238 rum
354 3171 415 3238 Dei
438 3177 470 3238 et
491 3173 619 3238 nomine
642 3171 820 3238 abbatissae
842 3172 911 3238 sine
933 3172 1046 3238 merito
1069 3173 1187 3257 iuncta,
1211 3178 1243 3239 et
1265 3172 1358 3238 unica
1372 3168 1444 3240 lilia

269 3290 335 3356 eins
358 3287 526 3372 Heaburg¹
549 3293 754 3372 cognomento
776 3286 927 3372 naggae,
956 3289 990 3355 in
1019 3293 1129 3355 sancta
1151 3289 1307 3355 Trinitate
1336 3293 1443 3355 aeter·

268 3426 343 3472 nam
366 3405 510 3472 salutem.

357 3521 408 3588 nd
431 3521 612 3588 referendas
633 3521 752 3604 gratias
768 3518 986 3607 amplitudinis
1002 3524 1034 3585 et
1049 3518 1236 3604 dilectionis,
1258 3539 1322 3605 qna
1335 3525 1444 3587 bana·

270 3637 401 3703 marinis
427 3637 543 3704 littaris
570 3657 630 3725 per
657 3634 801 3720 gerulum
827 3636 993 3702 scedarum
1014 3635 1142 3721 pietatis
1165 3643 1239 3704 tuae
1261 3636 1444 3703 transmisi-

270 3753 328 3836 sti,
351 3752 455 3819 nullus
479 3754 542 3820 oris
565 3752 666 3820 nostri
689 3750 806 3819 sufficit
827 3771 938 3818 sermo.
979 3749 1209 3819 Gratulandum
1233 3757 1290 3837 est,
1314 3753 1446 3820 eivers

341 3934 362 3968 a.
382 3925 408 3969 ut
427 3921 451 3968 in
471 3925 536 3982 petra
552 3922 609 3975 MV,
631 3938 688 3967 corr.
704 3923 727 3966 ιιι
745 3921 770 3966 iu
789 3917 944 3980 penetralibus
962 3922 989 3968 c.
1066 3921 1089 3967 b.
1110 3924 1134 3968 ot
1150 3926 1184 3970 M.
1262 3935 1281 3969 a.
1302 3924 1329 3968 ut
1344 3921 1443 3968 dalem

270 4011 304 4049 m
319 4004 342 4048 br
359 4003 385 4050 C.
452 4001 475 4048 d.
495 4003 530 4048 tui
546 4005 582 4048 M.
649 4015 669 4046 o.
689 3999 845 4047 Euldbcorach
860 4003 895 4055 M,
912 3999 1054 4047 Ealdboorah
1071 4004 1097 4056 C,
1113 4001 1265 4049 Euldbeorctb
1283 4003 1310 4050 V.
1375 4000 1391 4046 i.
1414 4019 1446 4048 ιε

272 4085 301 4129 Μ
315 4083 468 4137 107-11ου,
485 4081 669 4136 cabo—seo,
688 4081 712 4127 V
721 4081 868 4127 aio-ato.
892 4082 998 4126 Lemma:
1012 4079 1069 4126 Item
1085 4081 1183 4140 epistola
1197 4079 1310 4140 Eanguthl
1326 4085 1365 4134 M,
1385 4079 1405 4126 Ι.
1422 4093 1445 4128 ο.

271 4161 402 4220 llanguthao
419 4162 445 4216 C,
461 4161 478 4207 Ι.
491 4173 511 4205 o.
527 4159 640 4219 Esugytbi
657 4161 686 4207 V.
762 4173 784 4218 g.
805 4159 924 4220 Wyuirldo
941 4163 982 4216 M,
998 4158 1120 4206 Winiritbo
1138 4163 1164 4209 C.
1241 4161 1265 4207 b.
1285 4159 1388 4220 privileio
1407 4163 1444 4207 ΙΙ.

271 4243 286 4288 i.
307 4259 365 4289 corr.
381 4244 404 4288 iu
418 4240 517 4288 liliorum
534 4243 560 4288 c.
638 4238 662 4286 lr.
681 4238 801 4299 Hasaburg
816 4243 851 4288 M.
929 4239 945 4288 l.
965 4239 1044 4298 urago
1061 4241 1095 4287 Μ.

343 4349 369 4401 1.
392 4347 437 4401 Ps.
450 4346 493 4414 60,
506 4345 531 4400 3.
622 4346 648 4398 2.
667 4344 701 4400 V.
719 4345 764 4399 Pe.
778 4343 859 4414 60,AE
