3110 4844
330 247 399 316 660
643 263 829 317 memnones
849 263 1077 312 noousrmsn
1100 264 1137 310 rs.
1154 264 1183 310 ro

259 412 313 470 otc
331 406 403 493 plns
426 403 530 474 celest
549 405 733 474 intercessio
755 407 907 493 pecuniae
921 404 1104 490 Hadamuri,
1128 425 1224 490 quam
1243 405 1299 492 pia
1309 404 1474 474 oomtitntio

331 521 433 590 sancti
454 520 624 605 bonifacii,
647 522 747 590 nostri
769 522 1010 609 predecessoris,
1036 527 1273 606 sacrorumque
1296 521 1476 608 predocosso

330 657 401 704 rum
423 657 482 706 neo
504 658 567 705 non
590 642 822 704 antecessorum
845 639 939 706 etiam
963 643 1156 722 nostrorum,
1188 643 1221 704 et
1242 638 1307 706 sint
1328 642 1373 705 tot
1392 635 1478 724 pollio

331 759 409 840 quot
434 755 590 841 episcopi3
619 752 676 820 sod
702 753 750 839 id,
778 773 840 820 non
867 775 919 822 me
945 755 1075 841 presule,
1094 753 1187 822 tidem
1209 753 1479 838 subiectionemque

331 871 420 938 vobis
442 870 602 958 prebente.

335 1081 395 1154 19.
417 1085 573 1152 lebannes
602 1083 678 1150 XII
704 1107 794 1172 popa
824 1085 1010 1152 Willibelmo
1042 1087 1275 1172 archiepiscopo
1305 1085 1480 1170 Mopoatr'eo

419 1203 590 1289 wadient,
626 1203 692 1268 eius
727 1203 771 1268 ud
798 1201 975 1290 Apape'tam
1009 1202 1128 1267 litterae
1161 1201 1223 1266 eibi
1253 1202 1391 1266 redditas
1417 1221 1481 1264 esse.

420 1319 569 1384 Miserere
602 1321 668 1384 aas
703 1319 786 1384 dolet
818 1339 947 1406 eaeque
973 1320 1017 1384 od
1045 1317 1274 1404 oppapnondos
1302 1329 1483 1384 commorarer

421 1428 608 1502 beroart

203 1581 312 1636 sodex.
367 1565 396 1650 :R
417 1566 569 1634 lohannes
596 1539 761 1652 spiscopus
789 1585 899 1633 servus
920 1585 1084 1634 servorum
1105 1565 1166 1634 Dei
1188 1566 1437 1633 reverentissimo
1457 1568 1485 1630 st

331 1683 493 1750 carissimo
523 1682 675 1750 confratri
696 1680 888 1750 Williholmo
915 1682 1150 1770 archiepiscopo
1173 1687 1300 1750 naneae
1322 1680 1486 1766 Mogontia·

256 1839 257 1843 =
331 1799 432 1866 oenus
455 1798 632 1867 eecclesiae.

417 1914 564 1999 Litteras,
588 1935 666 2000 qaas
689 1919 816 1982 sanotae
838 1916 1009 1985 memoriae
1030 1915 1169 2002 Agapito
1191 1934 1293 2002 papae
1315 1919 1420 1982 restro
1439 1911 1485 1980 do

330 2031 461 2100 stinavit
486 2031 686 2117 baternitas,
715 2032 892 2118 suscepisse
919 2031 1115 2116 cognoscite,
1145 2051 1238 2116 quem
1261 2030 1369 2098 divina
1391 2027 1487 2096 omnia

330 2147 500 2235 disponens
522 2148 664 2234 potentia
685 2147 719 2213 in
743 2147 949 2234 apostolieum
971 2147 1078 2214 sedem
1101 2167 1138 2214 eo
1159 2147 1313 2214 moriente
1329 2145 1486 2228 ordinarit,

330 2284 393 2330 non
421 2263 538 2330 nostris
565 2263 686 2329 moritis
715 2263 771 2330 sed
798 2264 866 2331 sins
893 2261 1111 2330 misericordie
1132 2281 1189 2328 nos
1211 2264 1487 2350 praevenienter

330 2399 391 2464 quo
414 2384 488 2445 sunt
509 2383 622 2446 cuncta
650 2397 730 2464 quac
758 2385 846 2462 sunt;
875 2379 950 2465 quia
977 2377 1057 2445 nihil
1083 2378 1220 2445 inorbo
1250 2379 1302 2463 egi
1331 2379 1487 2460 oredimus,

329 2495 393 2562 nisi
414 2494 497 2579 quod
520 2500 576 2561 aut
595 2494 675 2562 velle
698 2500 754 2562 ant
774 2513 930 2562 consensu
952 2495 1019 2562 eius
1040 2495 1160 2562 tactum
1181 2494 1285 2562 fuerit.
1375 2492 1488 2562 Miseri·

330 2630 420 2678 arum
455 2611 571 2704 qnippe
600 2615 693 2695 atque
722 2609 925 2678 afflictionum
955 2611 1092 2678 iacturas
1119 2611 1338 2697 malorumque
1367 2609 1489 2678 insidiae

328 2727 507 2811 hominum,
537 2726 591 2812 qui
620 2731 801 2794 sanctarum
823 2725 885 2794 Dei
914 2726 1136 2794 aecclesiarum
1165 2733 1197 2796 et
1223 2749 1350 2796 omnem
1373 2733 1488 2814 portur·

330 2842 407 2912 bant
429 2842 571 2910 ordinem
594 2847 687 2929 atque
715 2848 849 2924 statum,
879 2843 1092 2926 condoluisee;
1121 2844 1203 2912 sicut
1230 2844 1405 2932 apostolica
1425 2860 1489 2910 cen·

331 2979 405 3028 sura
427 2959 581 3027 decrevit:
609 2963 749 3046 paudere
771 2983 841 3026 eran
860 2961 1070 3046 pandentibus
1093 2975 1122 3026 et
1143 2983 1213 3026 com
1226 2963 1378 3047 flectebam
1391 2952 1489 3048 fleee'.

331 3075 440 3144 Totius
462 3095 598 3160 namque
619 3076 859 3144 christianitatis
882 3080 954 3162 post
973 3075 1077 3144 Deum
1099 3081 1195 3162 eaput
1217 3074 1330 3162 offecti,
1355 3097 1418 3144 non
1440 3073 1490 3140 ab·

331 3212 392 3277 qno
414 3190 580 3278 privilegio
601 3191 738 3258 humano
761 3191 817 3259 sod
838 3211 915 3260 vocs
936 3192 1037 3280 ipsius
1052 3192 1180 3259 Domini
1202 3191 1293 3259 beato
1308 3191 1404 3260 Petro
1424 3209 1491 3278 apo

331 3307 427 3392 stolo,
450 3307 533 3374 sicut
553 3306 633 3375 bene
655 3309 769 3392 nostis,
793 3309 941 3377 dicentis:
970 3309 1021 3378 Ta
1042 3333 1074 3378 eo
1096 3311 1226 3391 Petras,
1252 3323 1280 3376 et
1301 3332 1398 3398 esopor
1419 3310 1493 3374 boore

271 3489 272 3493 ,
328 3437 454 3512 petram
475 3425 645 3508 oedificabo
668 3426 832 3494 eccleciam
853 3420 973 3491 meam'
989 3430 1021 3492 ot
1040 3431 1173 3510 caetera,
1196 3425 1314 3493 ideirco
1329 3427 1357 3494 si
1374 3421 1494 3510 aliquod

331 3539 432 3606 nostri
454 3540 595 3626 corporis
618 3539 794 3607 membrum
816 3539 1034 3611 tribulationes
1055 3541 1285 3609 autmolestiss
1300 3542 1368 3630 pati
1382 3541 1494 3608 iniuste

331 3655 521 3740 noverimus,
546 3655 631 3724 sive*
648 3655 762 3724 littoris
784 3657 852 3723 sive
875 3657 937 3724 alio
962 3657 1102 3742 quolibet
1123 3657 1216 3726 modo
1239 3659 1450 3745 compatimur
1465 3659 1494 3722 et

331 3771 439 3839 dolore
460 3783 736 3855 gra...1uamur⁶
754 3779 795 3857 et,
818 3771 931 3858 quibus
953 3793 1120 3860 possumus
1143 3795 1207 3844 una
1228 3775 1390 3842 vobiscum
1405 3792 1494 3842 cona·

330 3887 430 3973 tibus,
460 3887 588 3955 illorum
609 3885 734 3956 insidiis
757 3891 851 3974 atque
873 3888 1093 3975 iniquitatibus
1117 3889 1292 3978 apostolica
1312 3891 1494 3959 auctoritato

403 4107 423 4139 ι.
444 4109 473 4139 es
493 4093 572 4139 codice
588 4093 746 4143 Carlrmlrms'
763 4095 908 4152 epistolarum
923 4095 948 4144 S.
958 4095 1075 4152 Bonifatii
1087 4097 1132 4152 fol.
1144 4095 1297 4143 noo-114,
1319 4096 1373 4143 stu
1388 4095 1494 4140 tanea
1534 4115 1537 4122 ·

331 4171 353 4218 b.
374 4172 424 4219 eine
441 4174 467 4220 C.
545 4185 565 4220 o.
587 4189 617 4218 aa
632 4172 694 4230 μή
710 4171 859 4222 tribulamur?

403 4277 428 4332 1.
446 4273 660 4332 thrdtwoinius
672 4275 823 4345 (Epistolse
835 4275 863 4334 S.
875 4275 1016 4345 Bonifatii)
1028 4277 1100 4334 bano
1114 4279 1257 4349 epistolam
1270 4278 1389 4349 signavit
1399 4294 1426 4332 n.
1438 4275 1493 4343 169,

332 4363 449 4420 Gilcsius
467 4381 494 4420 n.
508 4365 568 4420 166.
658 4365 897 4438 2.Rorn.12‚15.
987 4368 1012 4422 3.
1036 4366 1188 4440 uadens,
1204 4369 1245 4423 18.
