3142 4848
322 297 350 346 s.
367 297 543 346 sosrsnru
563 299 609 347 ss
630 299 733 347 sunm
753 297 942 347 nsrsronsn
965 301 1002 346 ra.
1019 299 1049 344 ra
1226 282 1269 349 63

8 419 10 502 l
95 433 279 504 salutiferae
306 437 616 524 praedicationis-
639 439 680 506 ad
706 439 966 506 innotescendum
993 437 1138 524 gentibus
1167 440 1269 507 inore-
1304 445 1357 530 ‘lie

95 550 179 616 dolis
202 554 391 638 mysterium
412 553 486 621 fidei
503 590 545 600 -
559 554 692 621 meanti
707 560 822 621 conatu
837 555 1030 642 expendere3
1054 554 1269 622 conlaetamur
1285 517 1377 567 Μ

94 664 170 732 idei
191 671 266 734 tuae
290 673 322 734 ot
344 669 502 736 adiutores
526 667 607 736 effici
630 670 790 757 cupimus·
813 671 934 754 gratiae
957 675 1171 756 praerogatae.
1217 669 1269 736 ld·

8 847 9 874 ,
95 782 196 865 auco,
226 783 303 868 quia
327 786 496 871 praemissi
523 791 653 852 conatus
675 785 764 872 pium
788 783 934 852 affectum
956 787 1119 872 usquead
1142 791 1268 872 aposto·

8 883 9 902 ¹
94 895 176 963 licae
191 897 276 964 sedis
290 899 434 966 modesta
448 901 647 988 praevisione
662 900 841 988 perduxisti
856 901 1034 968 consultum
1049 937 1091 948 -
1107 906 1153 986 ut,
1168 921 1268 968 mem·

8 1019 9 1022 ’
94 1011 189 1078 trum
217 1033 259 1080 ex
285 1015 427 1082 membro
437 1010 459 1100 ¹,
489 1015 612 1103 proprii
640 1017 781 1102 eorporis
808 1021 904 1102 caput
931 1017 1111 1103 requirens,
1145 1021 1267 1082 motum

93 1129 212 1194 mentis
241 1129 408 1214 probarem
437 1131 611 1218 capitisque
640 1130 791 1197 arbitric'
818 1129 980 1198 humiliter
1007 1136 1040 1198 te
1067 1131 1266 1216 submittens,

93 1243 162 1310 eius
185 1243 354 1311 diadem
376 1245 459 1312 iusto
473 1248 601 1314 tramite
615 1265 801 1334 properans,
824 1247 950 1313 solidati
965 1247 1150 1334 conpaginis
1164 1247 1267 1336 pleni·

93 1359 169 1425 tudo
195 1359 332 1426 exsistas
356 1397 399 1408 ·-
421 1361 492 1428 ideo
520 1363 703 1430 innomine
725 1362 928 1430 indivisibilis
951 1363 1116 1430 Trinitatis
1139 1383 1196 1450 per
1217 1363 1267 1429 in·

92 1493 282 1541 concussam
304 1477 523 1544 auctoritatem
547 1478 630 1545 beati
644 1476 731 1544 Petri
754 1477 969 1565 apostolorum
991 1477 1154 1564 principis,
1178 1477 1267 1544 cuius

8 1577 9 1584 '
92 1589 259 1657 docuinac
292 1591 484 1674 magisteriis
514 1593 749 1679 dispensatione
777 1593 939 1677 fungimur
966 1599 998 1660 et
1026 1593 1130 1660 locum
1159 1611 1267 1659 sacrae

92 1705 178 1772 sedis
195 1706 478 1792 amministramus,
494 1708 682 1775 modestiam
697 1713 770 1776 tuae
785 1708 952 1793 relegionis
967 1708 1172 1774 instituimus.
1208 1707 1268 1774 Αι-

8 1853 9 1878 z
91 1841 153 1907 que
177 1821 409 1909 praecipimus:
437 1827 474 1888 ut
499 1824 533 1889 in
561 1823 657 1891 verbo
685 1824 806 1908 gratiae
827 1824 889 1890 Dei
912 1859 954 1872 -
978 1843 1040 1910 quo
1061 1825 1135 1907 igne
1157 1823 1268 1890 saluti·

90 1936 170 2021 fero,
201 1957 298 2022 quem
325 1938 452 2004 mittere
469 1937 624 2004 Dominus
651 1939 739 2006 venit
765 1939 800 2005 in
826 1935 974 2024 terram¹,
997 1939 1134 2005 enitere·
1151 1937 1268 2005 rideris

91 2087 135 2100 -
151 2052 194 2118 ad
216 2057 328 2136 gentes
351 2072 564 2139 quascumque
585 2051 781 2121 infidelitatis
804 2072 910 2122 errore
933 2054 1076 2120 detentus
1096 2073 1268 2141 properare

8 2177 9 2234 l
90 2167 160 2234 Deo
184 2165 377 2235 eomitante*
399 2169 550 2254 potueris,
573 2169 784 2236 ministerium
806 2169 896 2254 regni
919 2169 979 2236 Dei
1001 2188 1060 2254 per
1080 2169 1267 2236 insinuatio·

89 2303 165 2350 uem
194 2284 335 2351 nominis
357 2281 475 2350 Christi
502 2283 622 2352 domini
649 2284 701 2351 dei
726 2286 828 2351 nostri
849 2284 993 2351 raritatis
1015 2285 1162 2350 suasione
1185 2283 1267 2350 desi-

90 2419 169 2483 gnes
194 2405 229 2466 et
251 2419 310 2486 per
332 2399 480 2485 spiritum
502 2400 630 2466 virtutis
659 2405 692 2466 et
713 2400 891 2467 dilectionis
914 2418 951 2466 ac
973 2399 1152 2466 sobrietatis
1175 2419 1268 2486 prae-

90 2513 286 2581 dicationem
297 2514 463 2599 utriusque
474 2515 655 2581 testamenti
670 2514 827 2582 mentibus
843 2515 979 2582 indoctis
994 2533 1132 2582 consona
1146 2515 1269 2582 ratione

89 2629 308 2696 tramfuudas.
376 2629 586 2716 Disciplinam
601 2629 736 2716 denique
751 2631 950 2715 sacramenti,
974 2651 1068 2716 quam
1085 2630 1124 2696 ad
1138 2631 1268 2697 initian·

91 2744 147 2812 dos
162 2745 235 2812 Deo
259 2745 389 2833 praevio
412 2744 587 2812 credituros
601 2749 710 2813 tenere
725 2746 862 2832 studeas,
887 2767 928 2813 ex
941 2745 1078 2812 formula
1092 2743 1267 2812 officiorum

8 2843 9 2848 ἵ
91 2866 221 2928 amatae
250 2865 380 2928 nostrae
409 2859 601 2949 apostolicae
629 2861 712 2928 aedis
736 2897 778 2910 -
802 2861 1017 2929 instructionis
1051 2865 1125 2928 tuae
1153 2861 1266 2946 gratio,

90 2976 273 3062 praelibata
298 3011 332 3024 -
348 2976 493 3042 volumus
515 2981 551 3041 ut
572 2975 727 3044 intendas.
763 2975 853 3056 Quod
875 2997 950 3044 vero
970 2977 1086 3043 actioni
1102 2981 1268 3064 susceptae

90 3091 148 3158 tibi
178 3091 294 3158 deesse
323 3092 539 3178 perspexeris,
572 3090 679 3176 nobis,
709 3091 924 3177 utramuis,
953 3093 1101 3158 intimare
1130 3091 1264 3160 curabis.

89 3205 177 3274 Bene
200 3207 284 3274 vale.
330 3206 417 3274 Data
438 3205 484 3273 ld.
507 3205 599 3290 Maii,
627 3207 805 3294 imperante
827 3206 943 3274 domno
966 3207 1110 3294 piissimo
1133 3211 1266 3290 augusto

90 3320 199 3390 Leone
219 3343 241 3389 a
261 3321 331 3390 Deo
351 3327 499 3389 coronato
520 3341 635 3406 magno
655 3323 846 3409 imperatore
868 3341 950 3389 anno
970 3323 1075 3406 tertio,
1098 3327 1172 3408 post
1191 3341 1266 3388 eon·

8 3419 10 3510 l
89 3437 230 3505 sulatum
257 3438 326 3504 eius
350 3455 431 3504 anuo
454 3438 575 3522 tertio‘,
597 3437 770 3505 indictione
792 3438 938 3504 secunda.

93 3597 154 3669 13.
178 3599 318 3687 Ephoro
347 3597 515 3685 Wynfrs'do
543 3599 652 3664 scibit
679 3600 718 3664 de
747 3599 878 3665 orbitate
905 3600 1162 3684 peccatoresque
1190 3619 1267 3684 erpo

179 3727 256 3772 eum
278 3728 347 3770 usu.
393 3706 494 3785 Petit,
518 3717 555 3771 ut
572 3727 634 3792 pro
657 3725 689 3770 se
709 3703 877 3792 precetcr'.
974 3701 1010 3784 (S
1029 3705 1101 3786 101,
1125 3700 1193 3769 WG
1210 3700 1265 3784 33)

179 3822 348 3898 Abbate⁸⁸
370 3833 478 3896 sancto
501 3847 638 3913 veroque
661 3827 773 3912 amico,
795 3829 865 3895 iure
888 3847 925 3894 ae
943 3825 1426 3910 meritononormdo‚r1e-rna
1472 3899 1475 3904 ,

87 3945 221 4013 divinas
245 3943 397 4011 scientias
420 3963 457 4011 ac
478 3941 645 4028 relegionis
667 3944 771 4028 gratia
784 3941 905 4030 repleto
920 3941 1104 4029 Wynirido'¹
1123 3937 1265 4025 Egburg¹

161 4093 185 4125 ι
210 4077 319 4137 capimur
338 4078 373 4123 11.
465 4076 489 4122 b.
512 4076 618 4128 arbritrio
640 4080 673 4124 Ι.
768 4089 788 4122 c.
811 4075 892 4122 euiurl
909 4079 942 4122 Μ.
1037 4075 1060 4122 d.
1084 4075 1215 4120 comittente
1232 4074 1266 4119 lt.

90 4155 110 4188 ι
132 4143 190 4201 post
210 4138 357 4186 wnsdatam
372 4161 396 4170 -
410 4138 477 4185 tertio
497 4140 580 4198 scripsi
596 4155 638 4197 pro
658 4135 749 4198 imperii
770 4137 820 4183 eiua
836 4141 871 4184 M.
900 4138 954 4186 Vr'd.
969 4154 1040 4198 surpra
1052 4135 1125 4195 pall.
1197 4133 1213 4181 f.
1238 4151 1267 4180 ss

90 4207 119 4249 Ι
134 4202 296 4256 two-122,
318 4199 493 4257 ceto-970,
511 4201 534 4248 V
548 4199 647 4247 itt-ot.
670 4202 723 4248 Ss'ae
739 4200 848 4245 lemmata.
926 4211 947 4258 g.
967 4201 1001 4246 ria
1016 4199 1086 4244 codd.
1163 4195 1187 4242 ll.
1202 4195 1266 4242 win-

90 4263 150 4312 iride
165 4265 225 4321 MC,
240 4259 363 4321 Wyulrldo
381 4261 410 4308 V.
485 4261 501 4308 l.
522 4259 614 4320 ligburg
630 4263 686 4318 MC,
700 4259 807 4320 llggbm
824 4261 852 4308 V.

162 4353 188 4406 1.
214 4345 581 4417 lconntn.12‚er:,v0s
603 4349 696 4404 autem
719 4346 787 4402 estis
810 4359 909 4416 eorpus
927 4345 1027 4402 Christi
1044 4348 1074 4400 et
1090 4341 1214 4400 membra
1231 4341 1266 4400 da

91 4437 243 4495 mantuo&
335 4436 362 4491 i.
384 4434 563 4505 Luo.12,49.
652 4434 679 4491 t.
701 4433 757 4490 te.
775 4434 855 4504 patri.
883 4431 924 4490 ct.
942 4433 1138 4504 Marc.14,36.
