3024 4864
301 237 365 306 178
525 256 552 304 s.
568 256 746 306 normann
767 258 811 304 nn·
833 257 935 304 nonnr
956 256 1143 306 memnones
1162 257 1200 305 so.
1216 257 1245 303 er

140 402 280 460 tlt-747
299 396 401 464 dietus
430 418 487 464 rex
510 397 741 483 aliquantulum
764 397 953 484 quibusdam
975 399 1169 486 temporibus
1193 398 1303 467 audire
1325 399 1444 482 dignetur

299 519 370 582 tua·
392 515 522 582 monita.
567 513 612 581 Et
632 517 743 582 notum
766 513 809 580 sit
831 514 957 581 ceritati
978 520 1069 580 tuae:
1100 515 1175 600 quia
1196 514 1275 582 heeo
1298 515 1386 582 verbe
1404 513 1446 579 ad·

299 629 482 696 monitionis
504 634 632 698 nostrae
655 629 696 696 ed
717 627 808 696 illum
829 650 936 714 regem
957 633 1087 717 propter
1101 629 1182 696 nihil
1197 630 1284 698 alind
1299 631 1446 698 direximus

298 746 362 812 nisi
383 751 514 834 propter
534 765 647 832 puram
669 746 811 812 caritatis
833 746 1022 828 amicitiam
1046 749 1079 812 et
1099 745 1192 831 quod,
1217 746 1256 814 de
1278 747 1382 814 eedem
1395 745 1449 812 hn-

299 861 424 946 glorum
439 867 532 946 gente
547 862 615 928 nati
631 866 663 929 et
677 862 799 945 nutriti,
822 862 874 928 hie
888 882 946 949 por
961 868 1165 949 praeceptum
1182 863 1370 950 apostoHooe
1383 860 1450 928 sedis

298 977 547 1064 peregrinamur.
582 976 680 1044 Bonis
704 982 736 1044 ot
756 977 902 1046 leudibus
918 979 1021 1062 gentis
1036 984 1163 1046 nostrae
1179 979 1335 1047 laetamur
1348 984 1378 1046 et
1389 997 1451 1062 gan·

299 1091 419 1176 demus,
442 1093 579 1179 peooatis
603 1098 709 1161 autem
731 1093 799 1160 aius
821 1098 854 1160 ot
876 1095 1159 1180 vituperationibus
1182 1095 1269 1164 eius*
1285 1093 1452 1162 tribulemur

300 1214 332 1276 et
359 1209 592 1276 contristamur.
640 1208 852 1296 Obprobrium
882 1229 1018 1296 namquo
1045 1213 1169 1294 generis
1197 1213 1299 1279 nostri
1331 1209 1452 1298 petimur

300 1323 366 1390 sive
396 1345 416 1391 a
443 1324 622 1392 christianis
651 1325 719 1392 sive
747 1335 782 1391 e⁰
810 1326 943 1412 paganis
972 1325 1164 1394 dicentibus:
1196 1327 1280 1413 qnod
1306 1346 1380 1412 gens
1400 1325 1454 1390 Au·

299 1438 438 1524 glorum,
467 1445 573 1527 spreto
586 1445 587 1449 ’
601 1460 689 1506 more
712 1445 888 1506 ceterarum
910 1443 1050 1525 gentium
1076 1449 1108 1510 et
1131 1443 1278 1531 despecto
1301 1439 1456 1530 apostoliea

299 1551 487 1642 praecepto¹
508 1557 606 1622 immo
630 1555 692 1622 Dei
714 1557 953 1642 eonstitutione,
982 1558 1140 1642 legitimas
1164 1579 1278 1626 uxores
1302 1558 1456 1641 dedignen-

299 1676 351 1738 tur
373 1671 489 1739 habere
513 1678 545 1739 et
559 1707 601 1718 —
617 1671 827 1739 hinnientium
848 1673 1023 1758 'equorum‘¹
1046 1675 1271 1742 consuetudine
1292 1675 1345 1742 uel
1358 1673 1458 1740 ruden-

299 1791 368 1854 tum
397 1788 559 1856 asinorum
587 1807 676 1856 mora
699 1825 742 1834 -
765 1787 954 1856 luxoriando
978 1794 1010 1856 et
1032 1790 1255 1858 adulterando·
1278 1791 1384 1858 omnia
1403 1795 1459 1854 tur·

299 1904 384 1991 piter
405 1903 507 1972 fedet‘
530 1910 562 1972 ot
584 1904 763 1972 confundat
799 1903 909 1990 Igitur,
934 1905 963 1972 si
979 1905 1039 1972 hoo
1057 1906 1159 1974 soelus
1174 1908 1351 1974 maximum
1366 1922 1460 1972 verum

300 2020 352 2104 sit,
375 2021 474 2088 irater
497 2021 669 2104 oamssime,
691 2041 839 2104 rogamus
861 2041 969 2089 omnes
992 2023 1218 2091 eommuniter⁸
1239 2022 1462 2112 supradictum

299 2155 422 2219 regem:
446 2141 482 2203 ut
504 2142 604 2203 semet
625 2137 731 2223 ipsum
754 2156 825 2204 oum
848 2137 964 2224 populo
988 2139 1141 2221 oorrigat;
1164 2160 1205 2206 ne
1226 2143 1295 2207 tote
1309 2159 1387 2224 gens
1401 2153 1462 2204 oum

300 2252 444 2339 prinoipo
465 2252 518 2319 hio
539 2257 572 2320 et
593 2253 627 2318 in
649 2253 755 2320 tuturo
779 2257 899 2340 pereat,
923 2252 978 2320 sed
1001 2257 1046 2338 ut,
1069 2254 1168 2321 vitam
1190 2257 1355 2342 propriam
1370 2271 1464 2322 amen·

300 2367 404 2434 dendo
428 2373 460 2435 et
482 2368 677 2452 corrigendo,
702 2368 857 2456 exemplis
880 2368 946 2436 suis
968 2370 1083 2436 iterum
1107 2376 1233 2453 gentem
1255 2372 1417 2458 propriam
1430 2365 1466 2432 ad

301 2484 386 2550 viem
413 2483 525 2550 salotis
552 2483 669 2568 diriget
697 2491 743 2568 at,
772 2485 855 2552 unda
882 2489 1049 2571 peceatum
1077 2491 1150 2554 ante
1179 2487 1356 2572 eontraxit,
1383 2481 1466 2552 inde*

300 2599 478 2666 meroedem
506 2605 665 2668 mereator
693 2607 863 2667 aeternam.
954 2599 1103 2669 Preterea
1129 2607 1252 2689 pentem
1275 2597 1499 2676 timiamate,

301 2714 508 2782 atrebanum
530 2736 589 2803 pro
616 2715 834 2784 benedietione
863 2723 896 2784 et
922 2717 1012 2802 signo
1040 2738 1140 2804 purae
1168 2719 1310 2787 caritatis
1341 2719 1401 2786 tibi
1427 2714 1469 2780 di·

301 2831 452 2898 reximus.
543 2830 667 2899 Sanctis
691 2832 839 2921 operibus
861 2831 1025 2900 florentem
1041 2837 1074 2900 et
1088 2834 1230 2920 probatis
1245 2835 1389 2902 moribus
1405 2850 1470 2919 pro

300 2945 458 3016 ficientam
473 2947 648 3016 fraternam
663 2948 865 3016 dilectionem
878 2953 967 3015 tuem
983 2954 1077 3034 etque
1094 2950 1174 3018 beno
1191 2951 1353 3020 valentem
1369 2951 1472 3018 sanate

302 3062 441 3130 Trinitas
465 3063 666 3132 aeternaliter
688 3064 855 3132 eustodist

783 3189 995 3200 ——-

305 3247 367 3319 61.
391 3252 576 3338 Bonifatius
591 3251 746 3319 Eebertlro
770 3252 1006 3340 archiepiscopo
1021 3253 1217 3320 Eboreoenor'
1238 3257 1278 3320 de
1295 3253 1474 3320 munerebus

393 3357 544 3446 litemque
558 3362 663 3425 missia
682 3363 805 3446 pretias
828 3363 904 3446 opit.
941 3359 1057 3446 Repet,
1082 3375 1118 3428 at
1132 3385 1223 3427 seam
1238 3364 1282 3427 ad
1295 3357 1476 3427 Ardebat

392 3467 468 3530 dam
484 3473 588 3553 repom
607 3467 805 3533 Marcionem
822 3467 988 3553 epistolem
1004 3481 1158 3535 sustentet.
1194 3470 1303 3535 Bedoe
1326 3465 1478 3555 opuscolo

387 3576 502 3658 poscit.
543 3572 579 3640 S.
607 3571 757 3661 &reperii
779 3575 926 3661 epistolae
949 3574 1070 3641 martir.
1136 3574 1171 3655 (S
1188 3578 1219 3659 8,
1242 3571 1283 3641 W
1298 3577 1355 3658 54,
1382 3573 1478 3652 (352)

145 3702 284 3759 744-747
393 3693 605 3764 Dilectissimo
622 3717 658 3764 ao
673 3697 926 3765 reverentissimo
942 3697 1034 3764 fratri
1049 3697 1206 3766 Eobertho
1223 3689 1480 3785 arehiepiscopo'

377 3832 397 3866 ι.
419 3837 461 3866 om.
479 3823 506 3869 C.
582 3821 606 3868 b.
627 3822 675 3868 ains
696 3823 810 3869 &ductum
831 3831 865 3868 ert
887 3825 911 3868 r'rr
929 3824 954 3869 C.
1033 3835 1052 3868 a.
1073 3836 1088 3869 a
1108 3839 1151 3870 om.
1168 3827 1202 3870 Μ.
1280 3823 1302 3869 d.
1323 3821 1483 3870 hinnientrbes

304 3911 427 3959 aequorum
444 3901 501 3956 MV,
518 3917 574 3946 cerr.
590 3904 612 3946 r'n
628 3900 780 3948 hinnientium
796 3915 904 3962 equorum
917 3904 943 3949 C.
1007 3915 1026 3948 a.
1048 3901 1204 3950 adulterimdo
1216 3905 1252 3950 M.
1313 3902 1330 3948 f.
1348 3902 1416 3949 fedat
1426 3899 1483 3954 MV.

305 3995 361 4025 corr.
379 3982 401 4025 br
416 3978 479 4026 ledet
496 3981 522 4027 C.
600 3993 622 4038 g.
642 3981 790 4028 commonitor
806 3983 864 4037 MV,
881 3999 938 4028 corr.
954 3984 977 4028 ie
993 3983 1142 4029 communiter
1158 3985 1184 4030 C.
1261 3981 1286 4028 h.
1303 3982 1328 4028 in
1346 3983 1411 4038 MV,
1428 3998 1483 4027 ωπ.

305 4061 328 4104 r'n
343 4058 397 4105 inde
415 4061 441 4108 C.
533 4059 549 4106 i.
569 4059 706 4108 timer-ruetis
726 4063 753 4108 7.
846 4059 870 4107 k.
891 4078 920 4106 ex
937 4065 965 4108 M
979 4061 1110 4119 ale-sa,
1133 4065 1153 4110 C
1167 4061 1319 4117 sao-ese,
1344 4063 1373 4109 V
1386 4061 1485 4110 διν-6.

166 4201 168 4208 Ι
305 4141 436 4186 humma:
453 4138 509 4186 [tom
525 4138 624 4199 epistola
637 4139 749 4187 Bonifatii
765 4139 932 4200 mohiepisoopi
950 4141 1010 4197 ΜΚ·
1028 4140 1126 4200 apistols
1140 4139 1251 4188 Bonitaoii
1268 4139 1445 4200 arehiepieoopi
1462 4143 1487 4189 C.

377 4217 402 4271 1.
420 4215 455 4272 V.
469 4217 484 4270 1
498 4215 619 4272 Corinth.
632 4218 657 4286 7,
670 4219 696 4272 2.
786 4220 812 4272 2.
830 4217 1012 4289 Eboraosusi3
1032 4219 1079 4287 qui
1091 4217 1229 4288 Egbertus
1247 4231 1319 4273 anno
1333 4219 1394 4273 732
1409 4218 1487 4288 „epi-

305 4319 405 4374 seopus
422 4302 543 4375 fnebffl,
561 4321 586 4360 a
600 4305 653 4360 735
672 4305 722 4376 „in
734 4305 999 4377 arehiepisoopatnrn
1012 4304 1218 4376 confirmatus“,
1236 4305 1305 4362 obiit
1319 4321 1348 4361 a.
1363 4307 1433 4364 766.
1452 4305 1490 4365 V.

305 4392 398 4450 Bedee
416 4392 591 4465 chronologia
608 4395 775 4466 confirmata,
792 4393 887 4451 Baiae
905 4395 974 4466 Opp.
993 4395 1037 4452 ed.
1057 4395 1133 4453 Gilee
1147 4396 1188 4452 111
1199 4395 1261 4452 323.
1274 4395 1337 4452 325.
