3142 4848
301 276 345 340 48
521 292 547 341 s.
564 292 741 342 summurn
762 295 807 342 nr
829 293 932 342 cunm
953 291 1140 341 semrom
1165 291 1251 338 eni

390 431 548 520 Sospitem
571 439 636 502 tete
658 434 804 503 sordibus
895 439 1001 502 servet
1021 433 1126 502 Heme
1150 434 1189 501 cb
1212 433 1367 518 omnibus,

247 561 277 609 co
301 553 404 633 teget·
426 553 529 616 totum
552 551 718 633 tutamine,
808 557 896 617 truso
918 550 1019 617 bostis
1043 551 1196 634 acumine,

300 665 345 730 mi
367 664 418 732 te*
441 664 575 733 reddens
597 665 754 750 refugium
842 666 1007 735 robustum
1032 685 1090 751 per
1113 663 1308 750 suffragium,

300 781 395 865 inque
417 780 500 848 locet
522 781 703 849 aethereum
793 781 939 849 ccelesiis
963 781 1080 866 sceptri
1103 781 1275 865 gremium3

300 895 355 963 ubi
378 915 502 982 semper
525 897 716 964 consortium
809 897 981 983 perfruaris
1006 895 1193 980 angelicum,

301 1009 363 1078 fine
385 1031 506 1096 cerens,
529 1013 716 1080 coelestibus
806 1015 907 1080 vitum
930 1014 1064 1098 degens·
1088 1011 1288 1098 cespitibusl.

305 1223 338 1292 7.
368 1226 589 1292 Berlctcooldue
612 1228 865 1314 archiepiscopus
881 1227 1116 1294 Cantuorlercels
1133 1226 1302 1293 Fortberco
1326 1227 1473 1312 epsicopo

370 1341 610 1409 Scircbumeuei
640 1344 763 1424 scribit,
799 1344 937 1410 bortum
965 1343 1190 1410 Beorwcldum
1221 1342 1362 1408 mosum
1392 1337 1473 1408 Gla·

369 1461 563 1539 suolmam,
587 1472 624 1524 ut
640 1459 784 1546 puellam
805 1461 973 1546 captivam,
998 1471 1123 1546 accepto
1142 1461 1257 1546 prelio,
1282 1459 1446 1524 dimittam

1066 1572 1102 1650 (S
1118 1576 1172 1658 58,
1195 1572 1326 1657 wmo,
1351 1570 1475 1652 G144)

144 1711 286 1768 tce-712
391 1703 655 1772 Reverentissimo
697 1711 791 1793 atquc
830 1707 1029 1774 sanctissimo
1069 1707 1254 1794 coepiscopo
1285 1699 1477 1772 Fortberco¹

302 1817 538 1887 Berhtucldus'
561 1821 752 1890 famulorum
774 1821 836 1890 Dei
857 1821 994 1889 lsmulus
1017 1823 1153 1889 sulutem
1175 1823 1208 1888 in
1231 1821 1378 1888 Domino.

391 1935 546 2015 Quoniam
569 1938 680 2024 petitio
703 1959 776 2006 meo
791 1975 832 1985 —
850 1959 912 2024 que
934 1943 1080 2026 precatus
1104 1959 1174 2004 sum
1197 1956 1304 2005 corum
1325 1943 1357 2004 tc
1380 1955 1477 2003 vene-

301 2051 435 2120 rabilem
472 2053 618 2121 abbatem
646 2049 883 2122 Becrwaldum'
912 2055 951 2120 de
980 2055 1180 2122 concedendo
1207 2054 1300 2120 unius
1329 2053 1478 2140 captivae

302 2167 441 2254 puellus,
478 2189 558 2254 quoe
591 2171 787 2256 propinquos
821 2169 905 2256 apud
938 2189 996 2237 ncs
1031 2169 1147 2238 babere
1180 2173 1389 2252 monstretur,
1423 2187 1478 2235 re·

302 2283 482 2370 demptione
506 2321 547 2330 -
571 2285 605 2352 iu
627 2286 764 2370 irritum,
788 2289 898 2353 contm
921 2285 1006 2370 quod
1028 2285 1157 2370 credidi,
1181 2287 1293 2370 cessit,
1317 2290 1349 2351 et
1371 2283 1478 2351 denuo

303 2399 484 2466 eorumdem
505 2400 651 2488 precibus
674 2401 848 2487 inquietor,
877 2399 1048 2468 utillimum
1070 2402 1164 2486 duxi,
1195 2400 1235 2468 cd
1257 2407 1369 2488 tepor
1391 2401 1479 2468 eius·

303 2515 375 2582 dem
403 2515 527 2602 puellae
553 2536 740 2600 germanum
769 2517 920 2584 vocabulo
949 2517 1044 2605 Eppu
1071 2517 1127 2584 hes
1155 2517 1278 2584 litteras
1305 2516 1477 2583 destinare.

303 2628 364 2698 Per
386 2651 465 2716 quus
488 2633 633 2700 obsecro:
665 2639 700 2700 ut
728 2634 797 2720 ipsc
826 2635 954 2700 omnino
978 2635 1121 2722 optineas
1145 2653 1165 2700 a
1186 2633 1327 2721 predicto
1350 2632 1479 2718 abbate,

303 2754 456 2832 quatenus
479 2768 537 2835 pro
560 2749 671 2817 eudem
692 2748 800 2835 puella
821 2755 978 2817 trecentos
1001 2751 1138 2838 accipiet
1165 2749 1281 2816 solidos
1311 2749 1350 2816 de
1377 2768 1480 2815 monn

302 2863 497 2950 presentium
520 2863 635 2947 geruli3
665 2871 697 2932 et
719 2865 748 2932 ei
771 2865 877 2931 budut
898 2865 1002 2952 illem,
1025 2867 1087 2934 buc
1108 2885 1208 2952 usque
1230 2864 1479 2952 perducendum,

303 3000 364 3065 quo
387 2979 489 3066 possit
510 2980 667 3066 reliquum
689 2982 773 3047 vitae
796 3001 873 3048 succ
895 2983 1032 3069 spatium
1055 3003 1128 3049 cum
1142 2981 1382 3066 consanguineis
1397 2981 1478 3065 suis,

302 3114 366 3162 non
394 3096 428 3161 in
456 3096 617 3162 servitutis
646 3097 793 3181 tristitie,
822 3098 878 3163 sed
905 3098 940 3163 iu
967 3097 1123 3166 libertatis
1146 3099 1321 3182 transigere
1341 3097 1477 3164 laetitio

303 3210 404 3290 Quum
425 3231 494 3278 rem
517 3212 593 3278 dum
616 3212 657 3278 ad
684 3210 829 3279 effectum
858 3218 914 3279 tuc
936 3212 1121 3301 perduxerit
1145 3212 1371 3298 benivolentia,
1401 3217 1433 3280 et
1458 3233 1480 3280 a

302 3324 371 3394 Deo
404 3328 581 3394 mercedem
615 3334 647 3394 et
682 3348 779 3396 cmc
806 3330 980 3412 gratiarum
1012 3329 1150 3397 actiones
1178 3330 1317 3398 hebebis.
1363 3328 1480 3396 Frater

303 3462 427 3528 quoqne
454 3447 562 3510 noster
583 3442 787 3512 Beorweldus
815 3445 910 3530 nihil,
940 3449 976 3512 ut
1005 3446 1154 3530 aestimo,
1183 3447 1223 3512 dc
1251 3465 1304 3529 eo,
1334 3445 1418 3530 quod
1440 3445 1479 3512 iu

375 3597 396 3632 t..
411 3587 475 3643 logui
492 3586 520 3632 V.
582 3585 604 3632 b.
621 3585 651 3632 mi
667 3589 690 3632 tc
706 3589 790 3646 scripsi
801 3605 844 3646 pro
860 3589 903 3634 rite
922 3589 949 3634 V.
1012 3602 1032 3634 c.
1048 3588 1117 3646 deges
1137 3588 1163 3634 V.
1226 3588 1249 3634 d.
1265 3591 1390 3649 Sequuntur
1406 3587 1480 3634 doec:

303 3663 365 3712 Finit
379 3677 476 3712 armen
540 3679 559 3712 e.
582 3683 610 3711 ax
629 3666 697 3713 734.
722 3669 827 3714 Lemma:
843 3667 899 3714 Item
915 3667 1019 3728 epistola.

375 3769 399 3823 1.
423 3768 551 3838 episcopo
574 3767 792 3840 Scireburnensi,
819 3771 972 3826 loe-738.
1062 3773 1087 3826 2.
1112 3770 1332 3841 archiepiscopus
1357 3769 1477 3826 Contuc-

303 3856 413 3926 riensis,
439 3857 593 3923 693-731.
683 3861 709 3914 3.
733 3859 862 3914 abbatem
884 3859 1103 3914 Glnstonicnsem
1125 3858 1478 3929 (Giestingcburgensem).

304 3943 356 4011 Qui
376 3945 555 4014 „Becrnwuld
573 3945 675 4002 cbbes¹¹
695 3947 750 4002 ium
767 3947 795 4002 d.
813 3949 849 4003 26
866 3947 931 4003 binii
949 3963 974 4002 u
988 3948 1041 4004 704
1058 3947 1086 4002 iu
1104 3947 1198 4003 tubuln
1215 3947 1281 4003 que
1298 3947 1372 4017 regis
1385 3947 1478 4002 Weet·

303 4049 436 4090 saxonum
455 4041 595 4105 comparet
612 4051 656 4106 cp.
676 4035 791 4091 Kemble
810 4035 877 4091 Ood.
895 4036 961 4106 dipl.
980 4037 993 4091 1
1010 4037 1133 4107 57-583
1157 4037 1229 4106 licet,
1251 4051 1314 4091 cum
1333 4050 1405 4090 cuno
1424 4037 1478 4091 705

303 4137 431 4192 proeesse
449 4123 582 4180 coenobio
594 4123 778 4180 Glustonicnsi
796 4127 927 4196 coepisse,
946 4125 1038 4180 medat
1049 4123 1184 4180 Iobnnnes
1199 4126 1227 4179 in
1239 4123 1338 4181 (ibren.
1351 4123 1477 4180 Glustou.

304 4211 347 4267 ed
365 4212 501 4267 Hecrnius
520 4213 617 4267 Oronti
635 4214 706 4267 1726
722 4229 750 4282 p.
763 4213 806 4268 93.
843 4214 910 4270 Eius
934 4227 1121 4269 successorem
1139 4211 1302 4269 Aldbertum
1327 4215 1478 4284 reperimus

303 4301 358 4356 ism
377 4315 402 4356 s.
416 4301 468 4356 lli
489 4300 518 4356 in
541 4300 648 4370 tsbnls,
673 4315 745 4370 quoe
762 4306 806 4356 est
825 4301 854 4356 in
872 4301 988 4359 Monsst
1007 4301 1117 4373 Anglic.
1136 4301 1238 4370 (Lond.
1257 4303 1344 4370 1846)
1362 4303 1395 4358 T.
1411 4302 1477 4357 14⁷

304 4387 411 4458 (eburis
428 4390 484 4456 83).
