3176 4846
294 257 359 324 648
497 275 577 320 vma
600 271 754 320 anaonnr
776 267 1038 320 eecnramscorr
1059 265 1256 316 nocensne

153 491 159 508 ,
207 426 276 482 1160
295 421 377 484 enim
403 439 473 482 enm
497 437 591 482 aeneo
612 416 834 501 eecopmariae
858 424 887 478 et
908 434 943 477 eo
966 410 1104 498 ampliare
1128 423 1157 476 et
1173 410 1318 496 processi
1338 409 1374 474 in
1395 407 1462 472 ‹lic-

294 535 351 600 een
373 528 485 610 meie¹3
509 554 621 612 canno,
644 533 694 596 nti
714 533 859 594 emacem
881 530 1025 602 comitiae
1046 526 1144 592 malta
1168 525 1274 592 labore
1296 523 1465 609 multtisque

294 651 474 716 lninemodi
502 649 662 734 onomate
685 658 715 710 et
736 643 966 708 calamitatibus
989 655 1018 708 et
1038 645 1193 729 anpaetiie
1215 643 1348 729 spiritua
1371 641 1463 706 attri-

294 779 361 842 com
383 765 494 830 ecnilee
517 777 604 828 amm
629 775 656 826 ct
669 761 826 846 fctmcene
848 760 978 826 canitiae
1002 761 1134 844 quietem
1156 770 1185 824 et
1207 759 1304 823 ctiam
1328 781 1350 822 a
1370 757 1464 822 neoda

293 893 417 968 repant.
456 882 709 966 Propoeneram·
737 875 894 960 reliquam
921 889 1041 962 tempne
1069 877 1131 940 cite
1157 896 1223 940 mee
1251 887 1280 939 et
1307 875 1397 938 cane
1420 911 1463 922 —

296 995 370 1064 eteib
388 999 473 1062 neco
495 996 693 1061 undecimam
709 1005 737 1058 et
750 995 922 1058 cerotinom
936 991 1057 1072 Ιιπνπππ,
1082 1003 1184 1056 tamen
1200 992 1277 1076 qnia
1290 1011 1466 1076 nnmqnaoe

296 1127 341 1180 cet
361 1136 433 1178 aero
455 1113 614 1178 conversio
630 1147 672 1158 -
689 1109 806 1194 adepta
826 1130 916 1194 pace,
940 1109 1067 1174 dommo
1083 1108 1154 1174 Dec
1176 1105 1393 1172 lcoloconetnm
1409 1127 1465 1172 aa·

295 1231 416 1306 libme3
439 1242 474 1296 nt
496 1230 652 1314 deincepe,
677 1236 786 1290 emitae
808 1249 830 1292 a
852 1224 1052 1290 cmetnbcrnio
1076 1237 1105 1290 ct
1126 1224 1352 1290 eollicitncline⁶
1372 1223 1466 1288 laice

294 1347 407 1412 mnndi
428 1343 474 1410 etd
496 1369 518 1410 o
537 1344 679 1428 nequitia
695 1343 770 1422 eine,
793 1341 854 1407 coli
867 1341 938 1406 Deo
953 1362 1107 1406 coconem.
1189 1338 1255 1406 Sec
1268 1361 1363 1419 nanc,
1388 1342 1467 1426 qaia

295 1464 490 1549 Mopnntino
511 1461 647 1548 perfidio
670 1461 801 1544 quinem
822 1457 903 1522 milti
925 1468 953 1521 et
969 1457 1172 1542 propositum
1193 1457 1328 1536 incidet,
1360 1469 1389 1525 et
1410 1458 1465 1522 de-

295 1579 478 1644 colationem
501 1578 624 1643 ecclesie
646 1597 727 1654 mee,
755 1595 816 1660 pec
841 1594 905 1658 qno
926 1572 1039 1637 multoe
1061 1594 1227 1658 perpetem
1248 1594 1319 1638 enm
1342 1573 1466 1639 labores

295 1707 323 1760 et
344 1695 442 1774 molo,
466 1705 733 1780 contemptumque
754 1701 934 1755 eanctomcm
954 1708 1072 1772 nequeo
1090 1690 1217 1768 intacti,
1240 1690 1407 1754 vertendae
1422 1702 1468 1756 eet

294 1812 387 1876 haine
416 1811 510 1876 linae·
531 1831 666 1894 precene.
702 1807 792 1872 Molo
824 1807 906 1869 enim
933 1805 1073 1870 incidero
1099 1807 1134 1868 in
1155 1826 1268 1871 manne
1290 1807 1464 1890 lominum,

295 1949 391 2014 qecam
418 1930 454 1992 in
482 1949 595 1992 manne
623 1927 690 1992 Dei
715 1917 812 1999 mei²,·
845 1933 880 1986 nt
908 1941 978 1984 cnm
1000 1920 1158 2006 proptera
1187 1944 1297 1988 canem
1328 1928 1464 2010 poeeim:

296 2042 407 2125 ,Quid
428 2044 599 2110 rentiam
614 2043 754 2108 Domino
766 2060 830 2125 pro
846 2036 999 2117 omnibae,
1024 2057 1084 2122 qne
1098 2037 1243 2103 retribuit
1256 2039 1357 2105 milei?
1379 2038 1466 2107 Cott-

294 2181 360 2226 cem
381 2160 531 2226 colatorio
553 2161 720 2246 accipiam,
744 2169 772 2222 et
793 2175 906 2220 nomen
921 2153 1057 2218 Domini
1077 2148 1277 2220 macroce&
1305 2156 1468 2224 Dominae

294 2276 383 2342 leone
407 2273 546 2342 Gteietne
567 2298 628 2362 pro
647 2273 881 2361 peccatoribne,
906 2291 1041 2356 onorem
1064 2291 1118 2356 epo
1140 2293 1223 2336 anae
1245 2293 1330 2354 eum,
1356 2287 1385 2340 et
1404 2298 1468 2362 pro

295 2392 423 2458 ecclesia
443 2415 508 2457 non
530 2387 673 2456 leobcntcr
695 2389 852 2454 momelom
873 2407 972 2472 necne
993 2381 1136 2472 mepom‘,
1164 2400 1200 2453 nt
1222 2389 1376 2456 eeliberet
1398 2414 1470 2458 eam

293 2511 464 2594 cirpinem,
491 2509 657 2592 eanpninie
686 2508 738 2570 eni
757 2504 888 2592 proprii
909 2503 1035 2570 macero
1059 2505 1143 2568 mori
1164 2505 1312 2590 dienatm
1335 2520 1387 2572 cet.
1423 2508 1470 2574 Et

296 2647 351 2710 epo
381 2645 506 2710 qnoque
526 2635 657 2710 propter
679 2625 785 2708 speum
814 2632 844 2686 et
866 2619 1026 2684 eccleciam
1054 2641 1161 2700 enam,
1189 2633 1225 2686 at
1242 2621 1312 2704 filii
1336 2623 1469 2692 cottone

296 2741 335 2806 ce
363 2753 452 2806 tenta
476 2741 712 2827 praeemptione
733 2759 798 2802 non
818 2737 1008 2823 plorientnr,
1034 2749 1171 2822 parotne
1194 2759 1265 2814 eam
1286 2742 1372 2804 etin
1394 2763 1468 2805 car·

295 2879 395 2922 cerem
417 2869 445 2922 et
465 2859 501 2922 in
522 2868 653 2921 mortem
674 2857 730 2919 ire.
767 2853 839 2940 Ipei
860 2853 985 2939 quidem
1007 2853 1087 2918 melei
1107 2856 1191 2918 neem
1210 2855 1314 2920 minoe
1330 2857 1470 2923 oseca

296 2974 487 3060 bloepkoenie
508 2975 712 3058 interceptam,
744 2971 930 3036 acherontea
953 2991 1001 3036 me
1023 2970 1184 3034 comere.
1221 2968 1286 3036 Sed
1308 2993 1380 3057 epe,
1411 2995 1469 3039 eo-

297 3089 375 3154 lente
389 3089 471 3169 Deo,
495 3095 687 3174 pereoqnae⁸
708 3091 777 3152 aiae
800 3109 907 3152 comem
929 3097 958 3152 ct
979 3083 1048 3151 eoe¹¹
1071 3085 1111 3150 de
1131 3086 1378 3171 tentesactionie
1388 3093 1468 3176 pia-

296 3205 366 3270 cnlo
400 3207 435 3270 in
469 3205 714 3270 emendationem
740 3204 876 3269 Domini
908 3202 1094 3289 compellam
1128 3204 1258 3270 intrare.
1304 3203 1470 3291 soiperus

297 3324 415 3407 qnippe
438 3333 497 3386 eet:
521 3317 635 3398 ,Cecoe
661 3332 689 3384 et
711 3319 840 3384 cicadae
862 3318 1010 3404 compelle
1031 3316 1207 3386 introce“‘.
1241 3317 1376 3386 Dixerat
1397 3320 1467 3390 hee.

385 3435 548 3519 Denique,
579 3440 616 3500 ut
644 3433 839 3500 infidelitatis
861 3433 992 3520 periurii
1015 3440 1047 3500 et
1068 3434 1226 3519 sacrilegii
1247 3435 1390 3521 ipsorum
1412 3435 1470 3504 de-

297 3552 483 3618 certaretur⁵
508 3556 540 3616 et
568 3551 807 3618 convinceretur
829 3549 973 3634 vesania,
1001 3549 1113 3616 ducem
1136 3546 1291 3618 Sexenie‘
1314 3551 1355 3618 ed
1376 3573 1469 3638 apec-

297 3667 435 3734 teculum
457 3667 542 3734 istud
566 3703 607 3714 —
633 3667 708 3752 qnia
730 3668 809 3753 ipse,
833 3685 904 3732 cum
925 3683 1031 3732 cerem
1053 3666 1244 3751 imperatore
1265 3669 1469 3755 compositio-

297 3783 389 3851 nemk
412 3778 587 3866 fecissent⁷,
615 3802 746 3871 presens
776 3787 908 3848 eret-
933 3787 965 3848 et
993 3781 1071 3847 alios
1099 3782 1274 3869 principes,
1302 3789 1338 3850 nt
1360 3783 1468 3850 saltim

367 3929 388 3964 a.
410 3916 573 3976 Prepoaueram
591 3919 612 3964 1.
713 3916 736 3962 b.
758 3917 781 3960 et
801 3915 835 3961 aie
852 3916 873 3962 1.
975 3927 995 3962 a.
1016 3915 1148 3962 sollitudine
1164 3917 1185 3962 1.
1287 3915 1310 3962 d.
1330 3919 1355 3964 at
1374 3918 1468 3965 addidi.

298 4011 318 4043 e.
339 3997 394 4042 linia
411 3998 432 4041 1.
510 3995 526 4041 f.
547 3995 668 4042 habentem
685 3998 707 4042 1.
777 4007 798 4052 g.
817 4009 860 4054 per
875 4008 900 4041 ae
915 3995 987 4054 ipsam
1005 3997 1027 4052 1,
1042 4009 1166 4056 persequar
1182 3997 1204 4042 2.
1274 3995 1297 4042 h.
1319 4009 1359 4044 eea
1375 3997 1469 4044 cariffi

298 4077 313 4124 i.
335 4076 489 4122 decertaretur
504 4077 588 4132 cernet
599 4093 641 4136 pro
658 4075 810 4121 detestaretur
826 4077 847 4130 1,
864 4075 886 4121 2.
947 4073 970 4120 k
992 4076 1167 4135 ccmepicionem
1184 4075 1211 4131 1,
1231 4076 1422 4135 conspirationem
1437 4079 1469 4134 ²3

298 4155 486 4214 compositionem
503 4156 595 4200 cosmeta
612 4155 723 4201 namma.

369 4233 394 4285 1.
413 4231 569 4300 Luc.1,18.
625 4233 650 4286 2.
670 4230 711 4287 Cf.
726 4231 897 4301 acerem.
952 4232 977 4286 3.
991 4231 1215 4302 Ps.115,1e.1e.
1269 4233 1467 4304 enpanti.

298 4319 323 4374 5.
343 4317 384 4373 Os.
403 4320 469 4373 Luc.
484 4321 526 4389 14,
540 4322 582 4374 21.
596 4321 639 4374 23.
720 4322 745 4376 6.
769 4319 926 4376 Heinricum
943 4319 1073 4376 Leonem.
1152 4323 1177 4378 7.
1200 4321 1312 4394 Papiae,
1330 4339 1365 4378 m.
1383 4322 1466 4378 Febr.

298 4421 324 4464 a.
338 4407 416 4464 1160.
444 4405 485 4465 Cf.
504 4423 587 4482 supra
603 4423 630 4480 p.
644 4408 704 4464 643.
