<?xml version="1.0" encoding="UTF-8"?>
<!DOCTYPE html PUBLIC "-//W3C//DTD XHTML 1.0 Transitional//EN"
    "http://www.w3.org/TR/xhtml1/DTD/xhtml1-transitional.dtd">
<html xmlns="http://www.w3.org/1999/xhtml" xml:lang="en" lang="en">
 <head>
  <title>
</title>
<meta http-equiv="Content-Type" content="text/html;charset=utf-8" />
  <meta name='ocr-system' content='tesseract 3.04.00' />
  <meta name='ocr-capabilities' content='ocr_page ocr_carea ocr_par ocr_line ocrx_word'/>
</head>
<body>
  <div class='ocr_page' id='page_1' title='image "./bibliothecareru03jaffgoog_0275.png"; bbox 0 0 3024 4864; ppageno 0'>
   <div class='ocr_carea' id='block_1_1' title="bbox 281 286 1212 354">
    <p class='ocr_par' dir='ltr' id='par_1_1' title="bbox 281 286 1212 354">
     <span class='ocr_line' id='line_1_1' title="bbox 281 286 1212 354; baseline 0.002 -2"><span class='ocrx_word' id='word_1_1' title='bbox 281 305 307 352; x_wconf 88' lang='lat' dir='ltr'>e.</span> <span class='ocrx_word' id='word_1_2' title='bbox 324 303 501 352; x_wconf 79' lang='lat' dir='ltr'>normann</span> <span class='ocrx_word' id='word_1_3' title='bbox 521 305 566 352; x_wconf 81' lang='lat' dir='ltr'>ur</span> <span class='ocrx_word' id='word_1_4' title='bbox 588 305 691 354; x_wconf 82' lang='lat' dir='ltr'>uuum</span> <span class='ocrx_word' id='word_1_5' title='bbox 713 304 901 352; x_wconf 78' lang='lat' dir='ltr'>urrsronun</span> <span class='ocrx_word' id='word_1_6' title='bbox 925 305 970 352; x_wconf 83' lang='lat' dir='ltr'>roa</span> <span class='ocrx_word' id='word_1_7' title='bbox 1146 286 1212 354; x_wconf 80' lang='lat'>255</span> 
     </span>
    </p>
   </div>
   <div class='ocr_carea' id='block_1_2' title="bbox 3 443 1373 4001">
    <p class='ocr_par' dir='ltr' id='par_1_2' title="bbox 47 443 1373 2731">
     <span class='ocr_line' id='line_1_2' title="bbox 61 443 1373 532; baseline -0.002 -20"><span class='ocrx_word' id='word_1_8' title='bbox 61 443 265 532; x_wconf 76' lang='lat' dir='ltr'>prefulgidam·</span> <span class='ocrx_word' id='word_1_9' title='bbox 287 445 381 530; x_wconf 82' lang='lat' dir='ltr'>longe</span> <span class='ocrx_word' id='word_1_10' title='bbox 408 446 534 530; x_wconf 89' lang='lat' dir='ltr'>latoque</span> <span class='ocrx_word' id='word_1_11' title='bbox 562 445 790 514; x_wconf 73' lang='lat' dir='ltr'>beatitudinem</span> <span class='ocrx_word' id='word_1_12' title='bbox 813 451 900 512; x_wconf 89' lang='lat' dir='ltr'>tuam</span> <span class='ocrx_word' id='word_1_13' title='bbox 925 443 1105 512; x_wconf 76' lang='lat' dir='ltr'><strong>amicalium</strong></span> <span class='ocrx_word' id='word_1_14' title='bbox 1127 444 1213 513; x_wconf 90' lang='lat' dir='ltr'>litte·</span> <span class='ocrx_word' id='word_1_15' title='bbox 1232 443 1373 510; x_wconf 73' lang='grc'><strong>748-765</strong></span> 
     </span>
     <span class='ocr_line' id='line_1_3' title="bbox 60 560 1213 646; baseline 0.001 -19"><span class='ocrx_word' id='word_1_16' title='bbox 60 581 147 627; x_wconf 87' lang='lat' dir='ltr'>rarum</span> <span class='ocrx_word' id='word_1_17' title='bbox 160 561 295 628; x_wconf 83' lang='lat' dir='ltr'>lectione</span> <span class='ocrx_word' id='word_1_18' title='bbox 310 581 367 628; x_wconf 92' lang='lat' dir='ltr'>seu</span> <span class='ocrx_word' id='word_1_19' title='bbox 380 560 521 628; x_wconf 77' lang='lat' dir='ltr'>fidebam</span> <span class='ocrx_word' id='word_1_20' title='bbox 536 562 711 646; x_wconf 80' lang='lat' dir='ltr'>legatorum</span> <span class='ocrx_word' id='word_1_21' title='bbox 729 560 916 646; x_wconf 74' lang='lat' dir='ltr'>allegatione</span> <span class='ocrx_word' id='word_1_22' title='bbox 940 560 1091 646; x_wconf 90' lang='lat' dir='ltr'>alloquar.</span> <span class='ocrx_word' id='word_1_23' title='bbox 1123 560 1213 640; x_wconf 83' lang='lat' dir='ltr'>Quod</span> 
     </span>
     <span class='ocr_line' id='line_1_4' title="bbox 60 675 1212 763; baseline 0.003 -21"><span class='ocrx_word' id='word_1_24' title='bbox 60 677 163 761; x_wconf 86' lang='lat' dir='ltr'>quidem</span> <span class='ocrx_word' id='word_1_25' title='bbox 194 676 256 744; x_wconf 85' lang='lat' dir='ltr'>alio</span> <span class='ocrx_word' id='word_1_26' title='bbox 279 675 420 762; x_wconf 91' lang='lat' dir='ltr'>quolibet</span> <span class='ocrx_word' id='word_1_27' title='bbox 440 679 475 743; x_wconf 93' lang='lat' dir='ltr'>in</span> <span class='ocrx_word' id='word_1_28' title='bbox 496 682 640 763; x_wconf 85' lang='lat' dir='ltr'>tempore</span> <span class='ocrx_word' id='word_1_29' title='bbox 662 676 775 744; x_wconf 90' lang='lat' dir='ltr'>melius</span> <span class='ocrx_word' id='word_1_30' title='bbox 799 675 1014 762; x_wconf 85' lang='lat' dir='ltr'>efficatiusque</span> <span class='ocrx_word' id='word_1_31' title='bbox 1038 676 1212 763; x_wconf 87' lang='lat' dir='ltr'>adimplere</span> 
     </span>
     <span class='ocr_line' id='line_1_5' title="bbox 58 791 1212 878; baseline 0 -20"><span class='ocrx_word' id='word_1_32' title='bbox 58 811 99 858; x_wconf 91' lang='lat' dir='ltr'>na</span> <span class='ocrx_word' id='word_1_33' title='bbox 116 811 205 878; x_wconf 83' lang='lat' dir='ltr'>posse</span> <span class='ocrx_word' id='word_1_34' title='bbox 226 813 291 858; x_wconf 93' lang='lat' dir='ltr'>nou</span> <span class='ocrx_word' id='word_1_35' title='bbox 313 793 464 877; x_wconf 87' lang='lat' dir='ltr'>arbitror,</span> <span class='ocrx_word' id='word_1_36' title='bbox 493 813 589 878; x_wconf 85' lang='lat' dir='ltr'>quam</span> <span class='ocrx_word' id='word_1_37' title='bbox 611 792 705 859; x_wconf 92' lang='lat' dir='ltr'>modo</span> <span class='ocrx_word' id='word_1_38' title='bbox 727 813 826 877; x_wconf 85' lang='lat' dir='ltr'>nuno,</span> <span class='ocrx_word' id='word_1_39' title='bbox 856 812 928 859; x_wconf 92' lang='lat' dir='ltr'>cum</span> <span class='ocrx_word' id='word_1_40' title='bbox 952 791 1085 861; x_wconf 65' lang='lat' dir='ltr'>adsuunth</span> <span class='ocrx_word' id='word_1_41' title='bbox 1110 793 1212 860; x_wconf 83' lang='lat' dir='ltr'>encel-</span> 
     </span>
     <span class='ocr_line' id='line_1_6' title="bbox 57 905 1213 994; baseline 0.002 -22"><span class='ocrx_word' id='word_1_42' title='bbox 57 905 154 974; x_wconf 83' lang='lat' dir='ltr'>leutiae</span> <span class='ocrx_word' id='word_1_43' title='bbox 175 912 302 976; x_wconf 81' lang='lat' dir='ltr'>vestrae</span> <span class='ocrx_word' id='word_1_44' title='bbox 323 909 385 976; x_wconf 80' lang='lat' dir='ltr'>viri</span> <span class='ocrx_word' id='word_1_45' title='bbox 406 907 562 992; x_wconf 72' lang='lat' dir='ltr'>relegiosi,</span> <span class='ocrx_word' id='word_1_46' title='bbox 587 909 642 994; x_wconf 91' lang='lat' dir='ltr'>qui</span> <span class='ocrx_word' id='word_1_47' title='bbox 665 927 684 974; x_wconf 93' lang='lat' dir='ltr'>a</span> <span class='ocrx_word' id='word_1_48' title='bbox 707 907 796 975; x_wconf 84' lang='lat' dir='ltr'>robis</span> <span class='ocrx_word' id='word_1_49' title='bbox 818 909 879 976; x_wconf 91' lang='lat' dir='ltr'>huc</span> <span class='ocrx_word' id='word_1_50' title='bbox 901 910 935 975; x_wconf 93' lang='lat' dir='ltr'>in</span> <span class='ocrx_word' id='word_1_51' title='bbox 958 907 1148 976; x_wconf 86' lang='lat' dir='ltr'>Brittaniam</span> <span class='ocrx_word' id='word_1_52' title='bbox 1163 913 1213 975; x_wconf 92' lang='lat' dir='ltr'>ut·</span> 
     </span>
     <span class='ocr_line' id='line_1_7' title="bbox 56 1022 1212 1110; baseline 0 -21"><span class='ocrx_word' id='word_1_53' title='bbox 56 1028 116 1109; x_wconf 88' lang='lat' dir='ltr'>pote</span> <span class='ocrx_word' id='word_1_54' title='bbox 135 1024 305 1110; x_wconf 83' lang='lat' dir='ltr'>prudentes</span> <span class='ocrx_word' id='word_1_55' title='bbox 328 1030 360 1091; x_wconf 91' lang='lat' dir='ltr'>et</span> <span class='ocrx_word' id='word_1_56' title='bbox 381 1022 490 1092; x_wconf 87' lang='lat' dir='ltr'>fideles</span> <span class='ocrx_word' id='word_1_57' title='bbox 512 1023 656 1108; x_wconf 76' lang='lat' dir='ltr'>legatarii</span> <span class='ocrx_word' id='word_1_58' title='bbox 679 1025 859 1092; x_wconf 82' lang='lat' dir='ltr'>transmissi</span> <span class='ocrx_word' id='word_1_59' title='bbox 883 1029 957 1092; x_wconf 91' lang='lat' dir='ltr'>sunt</span> <span class='ocrx_word' id='word_1_60' title='bbox 980 1029 1012 1091; x_wconf 92' lang='lat' dir='ltr'>et</span> <span class='ocrx_word' id='word_1_61' title='bbox 1026 1043 1111 1090; x_wconf 90' lang='lat' dir='ltr'>nunc</span> <span class='ocrx_word' id='word_1_62' title='bbox 1124 1022 1212 1090; x_wconf 88' lang='lat' dir='ltr'>vide-</span> 
     </span>
     <span class='ocr_line' id='line_1_8' title="bbox 55 1137 1213 1226; baseline 0.001 -21"><span class='ocrx_word' id='word_1_63' title='bbox 55 1137 116 1206; x_wconf 88' lang='lat' dir='ltr'>licet</span> <span class='ocrx_word' id='word_1_64' title='bbox 141 1140 180 1206; x_wconf 89' lang='lat' dir='ltr'>ad</span> <span class='ocrx_word' id='word_1_65' title='bbox 203 1140 352 1207; x_wconf 81' lang='lat' dir='ltr'>visionis·</span> <span class='ocrx_word' id='word_1_66' title='bbox 374 1145 498 1207; x_wconf 83' lang='lat' dir='ltr'>uestrae</span> <span class='ocrx_word' id='word_1_67' title='bbox 521 1139 678 1226; x_wconf 85' lang='lat' dir='ltr'>placidam</span> <span class='ocrx_word' id='word_1_68' title='bbox 709 1140 922 1226; x_wconf 88' lang='lat' dir='ltr'>praesentiam</span> <span class='ocrx_word' id='word_1_69' title='bbox 945 1139 1013 1208; x_wconf 92' lang='lat' dir='ltr'>Deo</span> <span class='ocrx_word' id='word_1_70' title='bbox 1043 1139 1213 1206; x_wconf 87' lang='lat' dir='ltr'>adiuvante</span> 
     </span>
     <span class='ocr_line' id='line_1_9' title="bbox 55 1253 1213 1343; baseline -0.001 -21"><span class='ocrx_word' id='word_1_71' title='bbox 55 1257 220 1339; x_wconf 71' lang='lat' dir='ltr'>quantotius</span> <span class='ocrx_word' id='word_1_72' title='bbox 243 1261 355 1343; x_wconf 89' lang='lat' dir='ltr'>optant</span> <span class='ocrx_word' id='word_1_73' title='bbox 377 1255 552 1342; x_wconf 85' lang='lat' dir='ltr'>pervenire.</span> <span class='ocrx_word' id='word_1_74' title='bbox 644 1253 734 1322; x_wconf 90' lang='lat' dir='ltr'>Unde</span> <span class='ocrx_word' id='word_1_75' title='bbox 763 1256 861 1339; x_wconf 82' lang='lat' dir='ltr'>igitur</span> <span class='ocrx_word' id='word_1_76' title='bbox 888 1255 968 1322; x_wconf 90' lang='lat' dir='ltr'>mibi</span> <span class='ocrx_word' id='word_1_77' title='bbox 997 1255 1116 1341; x_wconf 90' lang='lat' dir='ltr'>optime</span> <span class='ocrx_word' id='word_1_78' title='bbox 1144 1254 1213 1342; x_wconf 89' lang='lat' dir='ltr'>pla·</span> 
     </span>
     <span class='ocr_line' id='line_1_10' title="bbox 55 1371 1212 1459; baseline 0.002 -23"><span class='ocrx_word' id='word_1_79' title='bbox 55 1371 121 1454; x_wconf 88' lang='lat' dir='ltr'>cuit,</span> <span class='ocrx_word' id='word_1_80' title='bbox 153 1371 238 1438; x_wconf 91' lang='lat' dir='ltr'>bunc</span> <span class='ocrx_word' id='word_1_81' title='bbox 265 1377 465 1459; x_wconf 84' lang='lat' dir='ltr'>praesentem</span> <span class='ocrx_word' id='word_1_82' title='bbox 494 1371 681 1458; x_wconf 84' lang='lat' dir='ltr'>portiterem</span> <span class='ocrx_word' id='word_1_83' title='bbox 711 1371 889 1438; x_wconf 85' lang='lat' dir='ltr'>litterarum</span> <span class='ocrx_word' id='word_1_84' title='bbox 922 1372 1056 1438; x_wconf 90' lang='lat' dir='ltr'>istarum</span> <span class='ocrx_word' id='word_1_85' title='bbox 1084 1371 1212 1438; x_wconf 90' lang='lat' dir='ltr'>nomine</span> 
     </span>
     <span class='ocr_line' id='line_1_11' title="bbox 52 1485 1213 1574; baseline 0.003 -23"><span class='ocrx_word' id='word_1_86' title='bbox 52 1485 224 1571; x_wconf 71' lang='lat' dir='ltr'>Ethelbun⁶‚</span> <span class='ocrx_word' id='word_1_87' title='bbox 247 1487 415 1571; x_wconf 81' lang='lat' dir='ltr'>relegionis</span> <span class='ocrx_word' id='word_1_88' title='bbox 438 1486 560 1554; x_wconf 89' lang='lat' dir='ltr'>scilicet</span> <span class='ocrx_word' id='word_1_89' title='bbox 582 1486 691 1553; x_wconf 89' lang='lat' dir='ltr'>habitu</span> <span class='ocrx_word' id='word_1_90' title='bbox 714 1487 921 1571; x_wconf 87' lang='lat' dir='ltr'>monachum,</span> <span class='ocrx_word' id='word_1_91' title='bbox 945 1507 1017 1554; x_wconf 88' lang='lat' dir='ltr'>curn</span> <span class='ocrx_word' id='word_1_92' title='bbox 1041 1487 1213 1574; x_wconf 90' lang='lat' dir='ltr'>praedictis</span> 
     </span>
     <span class='ocr_line' id='line_1_12' title="bbox 53 1602 1212 1688; baseline 0.003 -22"><span class='ocrx_word' id='word_1_93' title='bbox 53 1603 149 1669; x_wconf 71' lang='lat' dir='ltr'>laun</span> <span class='ocrx_word' id='word_1_94' title='bbox 169 1603 352 1670; x_wconf 89' lang='lat' dir='ltr'>homiuibus</span> <span class='ocrx_word' id='word_1_95' title='bbox 375 1603 466 1688; x_wconf 90' lang='lat' dir='ltr'>quasi</span> <span class='ocrx_word' id='word_1_96' title='bbox 488 1604 628 1670; x_wconf 88' lang='lat' dir='ltr'>cautiore</span> <span class='ocrx_word' id='word_1_97' title='bbox 652 1608 684 1669; x_wconf 91' lang='lat' dir='ltr'>et</span> <span class='ocrx_word' id='word_1_98' title='bbox 706 1603 839 1670; x_wconf 83' lang='lat' dir='ltr'>tutiore’</span> <span class='ocrx_word' id='word_1_99' title='bbox 862 1623 955 1670; x_wconf 87' lang='lat' dir='ltr'>cursu</span> <span class='ocrx_word' id='word_1_100' title='bbox 985 1602 1026 1670; x_wconf 88' lang='lat' dir='ltr'>ad</span> <span class='ocrx_word' id='word_1_101' title='bbox 1055 1623 1112 1670; x_wconf 77' lang='lat' dir='ltr'>ros</span> <span class='ocrx_word' id='word_1_102' title='bbox 1136 1603 1212 1670; x_wconf 89' lang='lat' dir='ltr'>diri·</span> 
     </span>
     <span class='ocr_line' id='line_1_13' title="bbox 51 1718 1211 1806; baseline 0.001 -21"><span class='ocrx_word' id='word_1_103' title='bbox 51 1737 112 1801; x_wconf 77' lang='lat' dir='ltr'>gere</span> <span class='ocrx_word' id='word_1_104' title='bbox 132 1739 168 1786; x_wconf 92' lang='lat' dir='ltr'>ac</span> <span class='ocrx_word' id='word_1_105' title='bbox 190 1739 251 1806; x_wconf 93' lang='lat' dir='ltr'>per</span> <span class='ocrx_word' id='word_1_106' title='bbox 274 1739 346 1786; x_wconf 91' lang='lat' dir='ltr'>eum</span> <span class='ocrx_word' id='word_1_107' title='bbox 368 1718 445 1786; x_wconf 91' lang='lat' dir='ltr'>haec</span> <span class='ocrx_word' id='word_1_108' title='bbox 468 1718 622 1786; x_wconf 86' lang='lat' dir='ltr'>salutaria</span> <span class='ocrx_word' id='word_1_109' title='bbox 643 1719 768 1786; x_wconf 89' lang='lat' dir='ltr'>caritati</span> <span class='ocrx_word' id='word_1_110' title='bbox 797 1724 920 1786; x_wconf 85' lang='lat' dir='ltr'>vestrae</span> <span class='ocrx_word' id='word_1_111' title='bbox 948 1739 1005 1786; x_wconf 90' lang='lat' dir='ltr'>seu</span> <span class='ocrx_word' id='word_1_112' title='bbox 1033 1720 1211 1805; x_wconf 88' lang='lat' dir='ltr'>precatoria</span> 
     </span>
     <span class='ocr_line' id='line_1_14' title="bbox 51 1834 1213 1922; baseline 0.001 -22"><span class='ocrx_word' id='word_1_113' title='bbox 51 1835 155 1922; x_wconf 81' lang='lat' dir='ltr'>scripta</span> <span class='ocrx_word' id='word_1_114' title='bbox 176 1835 352 1922; x_wconf 80' lang='lat' dir='ltr'>porrigere.</span> <span class='ocrx_word' id='word_1_115' title='bbox 397 1834 459 1902; x_wconf 88' lang='lat' dir='ltr'>Per</span> <span class='ocrx_word' id='word_1_116' title='bbox 487 1853 548 1919; x_wconf 90' lang='lat' dir='ltr'>que</span> <span class='ocrx_word' id='word_1_117' title='bbox 578 1855 636 1900; x_wconf 91' lang='lat' dir='ltr'>nos</span> <span class='ocrx_word' id='word_1_118' title='bbox 665 1835 768 1921; x_wconf 89' lang='lat' dir='ltr'>primo</span> <span class='ocrx_word' id='word_1_119' title='bbox 797 1834 1010 1917; x_wconf 81' lang='lat' dir='ltr'>declaramus,</span> <span class='ocrx_word' id='word_1_120' title='bbox 1042 1854 1150 1900; x_wconf 87' lang='lat' dir='ltr'>omnes</span> <span class='ocrx_word' id='word_1_121' title='bbox 1179 1835 1213 1901; x_wconf 93' lang='lat' dir='ltr'>iu</span> 
     </span>
     <span class='ocr_line' id='line_1_15' title="bbox 51 1949 1213 2038; baseline 0.001 -23"><span class='ocrx_word' id='word_1_122' title='bbox 51 1967 201 2018; x_wconf 83' lang='lat' dir='ltr'>mnmuue</span> <span class='ocrx_word' id='word_1_123' title='bbox 225 1951 434 2038; x_wconf 88' lang='lat' dir='ltr'>omnipotenti</span> <span class='ocrx_word' id='word_1_124' title='bbox 448 1949 516 2018; x_wconf 91' lang='lat' dir='ltr'>Deo</span> <span class='ocrx_word' id='word_1_125' title='bbox 539 1952 659 2034; x_wconf 82' lang='lat' dir='ltr'>gratias</span> <span class='ocrx_word' id='word_1_126' title='bbox 683 1950 844 2016; x_wconf 88' lang='lat' dir='ltr'>uberiores</span> <span class='ocrx_word' id='word_1_127' title='bbox 859 1950 1048 2036; x_wconf 91' lang='lat' dir='ltr'>rependere;</span> <span class='ocrx_word' id='word_1_128' title='bbox 1073 1950 1127 2035; x_wconf 91' lang='lat' dir='ltr'>qui</span> <span class='ocrx_word' id='word_1_129' title='bbox 1142 1955 1213 2016; x_wconf 86' lang='lat' dir='ltr'>tan·</span> 
     </span>
     <span class='ocr_line' id='line_1_16' title="bbox 49 2065 1211 2150; baseline 0 -17"><span class='ocrx_word' id='word_1_130' title='bbox 49 2069 104 2132; x_wconf 83' lang='lat' dir='ltr'>tan</span> <span class='ocrx_word' id='word_1_131' title='bbox 124 2067 156 2132; x_wconf 90' lang='lat' dir='ltr'>in</span> <span class='ocrx_word' id='word_1_132' title='bbox 178 2087 238 2133; x_wconf 82' lang='lat' dir='ltr'>vos</span> <span class='ocrx_word' id='word_1_133' title='bbox 259 2065 495 2133; x_wconf 86' lang='lat' dir='ltr'>misericordiae</span> <span class='ocrx_word' id='word_1_134' title='bbox 516 2085 592 2133; x_wconf 87' lang='lat' dir='ltr'>suae</span> <span class='ocrx_word' id='word_1_135' title='bbox 607 2066 742 2150; x_wconf 81' lang='lat' dir='ltr'>gratiam</span> <span class='ocrx_word' id='word_1_136' title='bbox 760 2065 902 2149; x_wconf 81' lang='lat' dir='ltr'>contulit,</span> <span class='ocrx_word' id='word_1_137' title='bbox 925 2070 961 2132; x_wconf 90' lang='lat' dir='ltr'>ut</span> <span class='ocrx_word' id='word_1_138' title='bbox 976 2066 1211 2133; x_wconf 86' lang='lat' dir='ltr'>innumerosam</span> 
     </span>
     <span class='ocr_line' id='line_1_17' title="bbox 50 2180 1212 2266; baseline 0.002 -20"><span class='ocrx_word' id='word_1_139' title='bbox 50 2181 274 2250; x_wconf 87' lang='lat' dir='ltr'>multitudinem</span> <span class='ocrx_word' id='word_1_140' title='bbox 300 2181 481 2266; x_wconf 82' lang='lat' dir='ltr'>gentilium,</span> <span class='ocrx_word' id='word_1_141' title='bbox 510 2180 677 2248; x_wconf 88' lang='lat' dir='ltr'>idolatriae</span> <span class='ocrx_word' id='word_1_142' title='bbox 700 2180 930 2248; x_wconf 81' lang='lat' dir='ltr'>vetustissimo¹</span> <span class='ocrx_word' id='word_1_143' title='bbox 952 2201 1059 2248; x_wconf 88' lang='lat' dir='ltr'>errore</span> <span class='ocrx_word' id='word_1_144' title='bbox 1081 2181 1212 2249; x_wconf 87' lang='lat' dir='ltr'>misera·</span> 
     </span>
     <span class='ocr_line' id='line_1_18' title="bbox 48 2293 1212 2384; baseline 0.002 -22"><span class='ocrx_word' id='word_1_145' title='bbox 48 2293 139 2364; x_wconf 88' lang='lat' dir='ltr'>biliter</span> <span class='ocrx_word' id='word_1_146' title='bbox 162 2298 346 2384; x_wconf 85' lang='lat' dir='ltr'>deceptam,</span> <span class='ocrx_word' id='word_1_147' title='bbox 371 2297 412 2364; x_wconf 88' lang='lat' dir='ltr'>ad</span> <span class='ocrx_word' id='word_1_148' title='bbox 434 2297 605 2364; x_wconf 87' lang='lat' dir='ltr'>christiane</span> <span class='ocrx_word' id='word_1_149' title='bbox 627 2295 701 2364; x_wconf 88' lang='lat' dir='ltr'>fidei</span> <span class='ocrx_word' id='word_1_150' title='bbox 723 2317 868 2364; x_wconf 89' lang='lat' dir='ltr'>normam</span> <span class='ocrx_word' id='word_1_151' title='bbox 891 2295 1135 2384; x_wconf 79' lang='lat' dir='ltr'>praedicationis</span> <span class='ocrx_word' id='word_1_152' title='bbox 1158 2317 1212 2364; x_wconf 77' lang='lat' dir='ltr'>ue-</span> 
     </span>
     <span class='ocr_line' id='line_1_19' title="bbox 48 2412 1212 2500; baseline 0.003 -24"><span class='ocrx_word' id='word_1_153' title='bbox 48 2415 119 2480; x_wconf 83' lang='lat' dir='ltr'>strae</span> <span class='ocrx_word' id='word_1_154' title='bbox 139 2413 241 2480; x_wconf 85' lang='lat' dir='ltr'>verbo</span> <span class='ocrx_word' id='word_1_155' title='bbox 264 2417 297 2480; x_wconf 92' lang='lat' dir='ltr'>et</span> <span class='ocrx_word' id='word_1_156' title='bbox 317 2413 425 2480; x_wconf 89' lang='lat' dir='ltr'>labore</span> <span class='ocrx_word' id='word_1_157' title='bbox 448 2414 612 2480; x_wconf 86' lang='lat' dir='ltr'>convertit.</span> <span class='ocrx_word' id='word_1_158' title='bbox 647 2412 738 2480; x_wconf 91' lang='lat' dir='ltr'>Unde</span> <span class='ocrx_word' id='word_1_159' title='bbox 761 2413 900 2500; x_wconf 89' lang='lat' dir='ltr'>plurima</span> <span class='ocrx_word' id='word_1_160' title='bbox 922 2413 1024 2480; x_wconf 85' lang='lat' dir='ltr'>adbuc</span> <span class='ocrx_word' id='word_1_161' title='bbox 1039 2413 1212 2480; x_wconf 81' lang='lat' dir='ltr'>auxiliante</span> 
     </span>
     <span class='ocr_line' id='line_1_20' title="bbox 48 2524 1212 2615; baseline 0.003 -22"><span class='ocrx_word' id='word_1_162' title='bbox 48 2524 171 2595; x_wconf 83' lang='lat' dir='ltr'>llomino</span> <span class='ocrx_word' id='word_1_163' title='bbox 194 2547 362 2615; x_wconf 86' lang='lat' dir='ltr'>speramus</span> <span class='ocrx_word' id='word_1_164' title='bbox 385 2533 418 2596; x_wconf 90' lang='lat' dir='ltr'>et</span> <span class='ocrx_word' id='word_1_165' title='bbox 440 2533 603 2615; x_wconf 86' lang='lat' dir='ltr'>optamus;</span> <span class='ocrx_word' id='word_1_166' title='bbox 632 2529 725 2612; x_wconf 87' lang='lat' dir='ltr'>certi,</span> <span class='ocrx_word' id='word_1_167' title='bbox 756 2529 845 2615; x_wconf 86' lang='lat' dir='ltr'>quia,</span> <span class='ocrx_word' id='word_1_168' title='bbox 871 2528 925 2613; x_wconf 90' lang='lat' dir='ltr'>qui</span> <span class='ocrx_word' id='word_1_169' title='bbox 947 2549 1005 2614; x_wconf 92' lang='lat' dir='ltr'>per</span> <span class='ocrx_word' id='word_1_170' title='bbox 1028 2548 1084 2595; x_wconf 85' lang='lat' dir='ltr'>vos</span> <span class='ocrx_word' id='word_1_171' title='bbox 1107 2529 1212 2614; x_wconf 86' lang='lat' dir='ltr'>coepit</span> 
     </span>
     <span class='ocr_line' id='line_1_21' title="bbox 47 2643 1030 2731; baseline 0.002 -24"><span class='ocrx_word' id='word_1_172' title='bbox 47 2645 174 2729; x_wconf 85' lang='lat' dir='ltr'>operari,</span> <span class='ocrx_word' id='word_1_173' title='bbox 198 2645 324 2710; x_wconf 90' lang='lat' dir='ltr'>maiora</span> <span class='ocrx_word' id='word_1_174' title='bbox 346 2643 496 2731; x_wconf 87' lang='lat' dir='ltr'>perficere</span> <span class='ocrx_word' id='word_1_175' title='bbox 519 2644 559 2711; x_wconf 90' lang='lat' dir='ltr'>de</span> <span class='ocrx_word' id='word_1_176' title='bbox 582 2645 632 2710; x_wconf 88' lang='lat' dir='ltr'>dic</span> <span class='ocrx_word' id='word_1_177' title='bbox 655 2645 688 2710; x_wconf 94' lang='lat' dir='ltr'>in</span> <span class='ocrx_word' id='word_1_178' title='bbox 712 2645 796 2710; x_wconf 90' lang='lat' dir='ltr'>diem</span> <span class='ocrx_word' id='word_1_179' title='bbox 819 2664 882 2711; x_wconf 91' lang='lat' dir='ltr'>non</span> <span class='ocrx_word' id='word_1_180' title='bbox 905 2643 1030 2710; x_wconf 91' lang='lat' dir='ltr'>desiuit.</span> 
     </span>
    </p>

    <p class='ocr_par' dir='ltr' id='par_1_3' title="bbox 44 2758 1212 3654">
     <span class='ocr_line' id='line_1_22' title="bbox 121 2758 1212 2845; baseline -0.001 -18"><span class='ocrx_word' id='word_1_181' title='bbox 121 2758 184 2827; x_wconf 90' lang='lat' dir='ltr'>Per</span> <span class='ocrx_word' id='word_1_182' title='bbox 213 2759 298 2826; x_wconf 92' lang='lat' dir='ltr'>hunc</span> <span class='ocrx_word' id='word_1_183' title='bbox 327 2779 450 2845; x_wconf 89' lang='lat' dir='ltr'>quoque</span> <span class='ocrx_word' id='word_1_184' title='bbox 473 2759 614 2826; x_wconf 89' lang='lat' dir='ltr'>baiulum</span> <span class='ocrx_word' id='word_1_185' title='bbox 637 2759 769 2826; x_wconf 77' lang='lat' dir='ltr'>harum⁵</span> <span class='ocrx_word' id='word_1_186' title='bbox 792 2761 918 2845; x_wconf 89' lang='lat' dir='ltr'>apicum</span> <span class='ocrx_word' id='word_1_187' title='bbox 940 2759 1135 2826; x_wconf 84' lang='lat' dir='ltr'>reuerentiae</span> <span class='ocrx_word' id='word_1_188' title='bbox 1158 2780 1212 2826; x_wconf 84' lang='lat' dir='ltr'>ve·</span> 
     </span>
     <span class='ocr_line' id='line_1_23' title="bbox 46 2874 1211 2960; baseline -0.002 -18"><span class='ocrx_word' id='word_1_189' title='bbox 46 2877 118 2942; x_wconf 78' lang='lat' dir='ltr'>strae</span> <span class='ocrx_word' id='word_1_190' title='bbox 145 2876 268 2942; x_wconf 81' lang='lat' dir='ltr'>direxit</span> <span class='ocrx_word' id='word_1_191' title='bbox 295 2875 420 2941; x_wconf 80' lang='lat' dir='ltr'>deuotio</span> <span class='ocrx_word' id='word_1_192' title='bbox 444 2895 516 2942; x_wconf 91' lang='lat' dir='ltr'>mea</span> <span class='ocrx_word' id='word_1_193' title='bbox 538 2895 746 2960; x_wconf 80' lang='lat' dir='ltr'>magnacum</span> <span class='ocrx_word' id='word_1_194' title='bbox 768 2876 901 2942; x_wconf 88' lang='lat' dir='ltr'>caritate</span> <span class='ocrx_word' id='word_1_195' title='bbox 923 2874 1075 2942; x_wconf 90' lang='lat' dir='ltr'>nonnulla</span> <span class='ocrx_word' id='word_1_196' title='bbox 1097 2895 1211 2941; x_wconf 91' lang='lat' dir='ltr'>muuu·</span> 
     </span>
     <span class='ocr_line' id='line_1_24' title="bbox 45 2987 1210 3077; baseline 0 -21"><span class='ocrx_word' id='word_1_197' title='bbox 45 2989 135 3075; x_wconf 81' lang='lat' dir='ltr'>scula,</span> <span class='ocrx_word' id='word_1_198' title='bbox 164 2991 200 3057; x_wconf 92' lang='lat' dir='ltr'>id</span> <span class='ocrx_word' id='word_1_199' title='bbox 231 2995 279 3058; x_wconf 89' lang='lat' dir='ltr'>cst</span> <span class='ocrx_word' id='word_1_200' title='bbox 300 2987 448 3056; x_wconf 89' lang='lat' dir='ltr'>caucum¹</span> <span class='ocrx_word' id='word_1_201' title='bbox 472 2995 654 3074; x_wconf 80' lang='lat' dir='ltr'>argenteum</span> <span class='ocrx_word' id='word_1_202' title='bbox 683 2991 768 3056; x_wconf 90' lang='lat' dir='ltr'>intus</span> <span class='ocrx_word' id='word_1_203' title='bbox 793 2991 993 3076; x_wconf 86' lang='lat' dir='ltr'>deauratum,</span> <span class='ocrx_word' id='word_1_204' title='bbox 1024 2996 1210 3077; x_wconf 81' lang='lat' dir='ltr'>pensantem</span> 
     </span>
     <span class='ocr_line' id='line_1_25' title="bbox 45 3102 1210 3193; baseline 0.003 -25"><span class='ocrx_word' id='word_1_205' title='bbox 45 3102 130 3173; x_wconf 90' lang='lat' dir='ltr'>libras</span> <span class='ocrx_word' id='word_1_206' title='bbox 152 3113 223 3174; x_wconf 90' lang='lat' dir='ltr'>tres</span> <span class='ocrx_word' id='word_1_207' title='bbox 246 3113 278 3173; x_wconf 91' lang='lat' dir='ltr'>et</span> <span class='ocrx_word' id='word_1_208' title='bbox 301 3106 407 3190; x_wconf 85' lang='lat' dir='ltr'>semis,</span> <span class='ocrx_word' id='word_1_209' title='bbox 431 3111 463 3173; x_wconf 90' lang='lat' dir='ltr'>ot</span> <span class='ocrx_word' id='word_1_210' title='bbox 486 3107 547 3174; x_wconf 91' lang='lat' dir='ltr'>duo</span> <span class='ocrx_word' id='word_1_211' title='bbox 569 3102 707 3193; x_wconf 67' lang='lat' dir='ltr'>reptel’.</span> <span class='ocrx_word' id='word_1_212' title='bbox 742 3106 785 3172; x_wconf 89' lang='lat' dir='ltr'>Et</span> <span class='ocrx_word' id='word_1_213' title='bbox 807 3106 885 3174; x_wconf 90' lang='lat' dir='ltr'>haec</span> <span class='ocrx_word' id='word_1_214' title='bbox 902 3107 1026 3174; x_wconf 70' lang='lat' dir='ltr'>exenia*</span> <span class='ocrx_word' id='word_1_215' title='bbox 1042 3106 1130 3172; x_wconf 85' lang='lat' dir='ltr'>vobis</span> <span class='ocrx_word' id='word_1_216' title='bbox 1147 3126 1210 3172; x_wconf 94' lang='lat' dir='ltr'>non</span> 
     </span>
     <span class='ocr_line' id='line_1_26' title="bbox 45 3221 1209 3306; baseline 0.002 -20"><span class='ocrx_word' id='word_1_217' title='bbox 45 3237 75 3285; x_wconf 87' lang='lat' dir='ltr'>ea</span> <span class='ocrx_word' id='word_1_218' title='bbox 93 3221 270 3290; x_wconf 87' lang='lat' dir='ltr'>intentione</span> <span class='ocrx_word' id='word_1_219' title='bbox 298 3241 400 3306; x_wconf 89' lang='lat' dir='ltr'>neque</span> <span class='ocrx_word' id='word_1_220' title='bbox 429 3223 592 3290; x_wconf 88' lang='lat' dir='ltr'>occasione</span> <span class='ocrx_word' id='word_1_221' title='bbox 620 3223 811 3306; x_wconf 84' lang='lat' dir='ltr'>direximus,</span> <span class='ocrx_word' id='word_1_222' title='bbox 841 3227 877 3290; x_wconf 89' lang='lat' dir='ltr'>ut</span> <span class='ocrx_word' id='word_1_223' title='bbox 907 3225 1057 3289; x_wconf 82' lang='lat' dir='ltr'>terrestre</span> <span class='ocrx_word' id='word_1_224' title='bbox 1085 3221 1209 3288; x_wconf 87' lang='lat' dir='ltr'>lucrum</span> 
     </span>
     <span class='ocr_line' id='line_1_27' title="bbox 45 3333 1212 3425; baseline 0 -22"><span class='ocrx_word' id='word_1_225' title='bbox 45 3333 160 3422; x_wconf 79' lang='lat' dir='ltr'>dquod</span> <span class='ocrx_word' id='word_1_226' title='bbox 192 3344 250 3405; x_wconf 85' lang='lat' dir='ltr'>aut</span> <span class='ocrx_word' id='word_1_227' title='bbox 277 3336 518 3405; x_wconf 85' lang='lat' dir='ltr'>retributionem</span> <span class='ocrx_word' id='word_1_228' title='bbox 543 3338 726 3425; x_wconf 88' lang='lat' dir='ltr'>quampiam</span> <span class='ocrx_word' id='word_1_229' title='bbox 749 3337 958 3425; x_wconf 87' lang='lat' dir='ltr'>temporalem</span> <span class='ocrx_word' id='word_1_230' title='bbox 980 3357 1038 3424; x_wconf 94' lang='lat' dir='ltr'>pro</span> <span class='ocrx_word' id='word_1_231' title='bbox 1061 3339 1107 3405; x_wconf 88' lang='lat' dir='ltr'>eis</span> <span class='ocrx_word' id='word_1_232' title='bbox 1130 3338 1212 3405; x_wconf 89' lang='lat' dir='ltr'>reci·</span> 
     </span>
     <span class='ocr_line' id='line_1_28' title="bbox 44 3453 1211 3539; baseline 0.001 -20"><span class='ocrx_word' id='word_1_233' title='bbox 44 3470 108 3534; x_wconf 90' lang='lat' dir='ltr'>pere</span> <span class='ocrx_word' id='word_1_234' title='bbox 140 3453 389 3522; x_wconf 51' lang='lat' dir='ltr'>desidamus&amp;</span> <span class='ocrx_word' id='word_1_235' title='bbox 443 3453 506 3522; x_wconf 87' lang='lat' dir='ltr'>Sed</span> <span class='ocrx_word' id='word_1_236' title='bbox 538 3453 638 3520; x_wconf 92' lang='lat' dir='ltr'>multo</span> <span class='ocrx_word' id='word_1_237' title='bbox 670 3453 772 3538; x_wconf 81' lang='lat' dir='ltr'>magis</span> <span class='ocrx_word' id='word_1_238' title='bbox 800 3453 1027 3538; x_wconf 81' lang='lat' dir='ltr'>genuclientes¹</span> <span class='ocrx_word' id='word_1_239' title='bbox 1056 3489 1097 3500; x_wconf 88' lang='lat'>-</span> <span class='ocrx_word' id='word_1_240' title='bbox 1128 3453 1211 3539; x_wconf 91' lang='lat' dir='ltr'>quod</span> 
     </span>
     <span class='ocr_line' id='line_1_29' title="bbox 44 3567 1210 3654; baseline 0.003 -22"><span class='ocrx_word' id='word_1_241' title='bbox 44 3568 131 3636; x_wconf 87' lang='lat' dir='ltr'>nullo</span> <span class='ocrx_word' id='word_1_242' title='bbox 160 3571 267 3654; x_wconf 81' lang='lat' dir='ltr'>magis</span> <span class='ocrx_word' id='word_1_243' title='bbox 291 3569 503 3636; x_wconf 86' lang='lat' dir='ltr'>necessarium</span> <span class='ocrx_word' id='word_1_244' title='bbox 527 3575 576 3636; x_wconf 89' lang='lat' dir='ltr'>est</span> <span class='ocrx_word' id='word_1_245' title='bbox 599 3609 640 3619; x_wconf 91' lang='lat'><em>-</em></span> <span class='ocrx_word' id='word_1_246' title='bbox 664 3571 741 3636; x_wconf 90' lang='lat' dir='ltr'>totis</span> <span class='ocrx_word' id='word_1_247' title='bbox 764 3568 935 3636; x_wconf 88' lang='lat' dir='ltr'>visceribus</span> <span class='ocrx_word' id='word_1_248' title='bbox 959 3567 1097 3653; x_wconf 79' lang='lat' dir='ltr'>efflagito</span> <span class='ocrx_word' id='word_1_249' title='bbox 1120 3588 1210 3636; x_wconf 90' lang='lat' dir='ltr'>meu·</span> 
     </span>
    </p>

    <p class='ocr_par' dir='ltr' id='par_1_4' title="bbox 3 3682 1211 4001">
     <span class='ocr_line' id='line_1_30' title="bbox 3 3682 1210 3772; baseline 0.003 -24"><span class='ocrx_word' id='word_1_250' title='bbox 3 3701 4 3704; x_wconf 68' lang='grc'>’</span> <span class='ocrx_word' id='word_1_251' title='bbox 45 3682 91 3750; x_wconf 85' lang='lat' dir='ltr'>tis:</span> <span class='ocrx_word' id='word_1_252' title='bbox 112 3691 157 3770; x_wconf 77' lang='lat' dir='ltr'>ul,</span> <span class='ocrx_word' id='word_1_253' title='bbox 183 3686 337 3770; x_wconf 86' lang='lat' dir='ltr'>quoniam</span> <span class='ocrx_word' id='word_1_254' title='bbox 359 3685 426 3752; x_wconf 88' lang='lat' dir='ltr'>dies</span> <span class='ocrx_word' id='word_1_255' title='bbox 449 3685 525 3752; x_wconf 84' lang='lat' dir='ltr'>mali</span> <span class='ocrx_word' id='word_1_256' title='bbox 549 3691 623 3753; x_wconf 90' lang='lat' dir='ltr'>sunt</span> <span class='ocrx_word' id='word_1_257' title='bbox 645 3692 677 3752; x_wconf 92' lang='lat' dir='ltr'>et</span> <span class='ocrx_word' id='word_1_258' title='bbox 698 3685 950 3772; x_wconf 78' lang='lat' dir='ltr'>multiplicantur</span> <span class='ocrx_word' id='word_1_259' title='bbox 972 3684 1088 3752; x_wconf 91' lang='lat' dir='ltr'>cotidie</span> <span class='ocrx_word' id='word_1_260' title='bbox 1102 3685 1210 3752; x_wconf 84' lang='lat' dir='ltr'>variae</span> 
     </span>
     <span class='ocr_line' id='line_1_31' title="bbox 45 3800 1209 3888; baseline 0.004 -26"><span class='ocrx_word' id='word_1_261' title='bbox 45 3804 71 3864; x_wconf 86' lang='lat' dir='ltr'>ct</span> <span class='ocrx_word' id='word_1_262' title='bbox 92 3801 279 3888; x_wconf 89' lang='lat' dir='ltr'>inprovisae</span> <span class='ocrx_word' id='word_1_263' title='bbox 308 3801 562 3888; x_wconf 89' lang='lat' dir='ltr'>perturbationes</span> <span class='ocrx_word' id='word_1_264' title='bbox 589 3801 623 3867; x_wconf 93' lang='lat' dir='ltr'>in</span> <span class='ocrx_word' id='word_1_265' title='bbox 652 3801 714 3868; x_wconf 92' lang='lat' dir='ltr'>hoc</span> <span class='ocrx_word' id='word_1_266' title='bbox 741 3801 865 3868; x_wconf 87' lang='lat' dir='ltr'>saeculo</span> <span class='ocrx_word' id='word_1_267' title='bbox 895 3800 1077 3868; x_wconf 74' lang='lat' dir='ltr'>scandalism</span> <span class='ocrx_word' id='word_1_268' title='bbox 1105 3800 1209 3888; x_wconf 83' lang='lat' dir='ltr'>pleno,</span> 
     </span>
     <span class='ocr_line' id='line_1_32' title="bbox 45 3915 1211 4001; baseline 0.003 -21"><span class='ocrx_word' id='word_1_269' title='bbox 45 3915 139 3986; x_wconf 90' lang='lat' dir='ltr'>uultis</span> <span class='ocrx_word' id='word_1_270' title='bbox 168 3937 233 3984; x_wconf 88' lang='lat' dir='ltr'>nos</span> <span class='ocrx_word' id='word_1_271' title='bbox 256 3937 294 3986; x_wconf 91' lang='lat' dir='ltr'>ac</span> <span class='ocrx_word' id='word_1_272' title='bbox 315 3915 434 3986; x_wconf 90' lang='lat' dir='ltr'>crebris</span> <span class='ocrx_word' id='word_1_273' title='bbox 457 3918 635 3985; x_wconf 89' lang='lat' dir='ltr'>orationum</span> <span class='ocrx_word' id='word_1_274' title='bbox 657 3922 784 3984; x_wconf 78' lang='lat' dir='ltr'>tuoruum</span> <span class='ocrx_word' id='word_1_275' title='bbox 807 3915 965 4001; x_wconf 78' lang='lat' dir='ltr'>suffragiis</span> <span class='ocrx_word' id='word_1_276' title='bbox 989 3917 1140 3985; x_wconf 88' lang='lat' dir='ltr'>adiuvare</span> <span class='ocrx_word' id='word_1_277' title='bbox 1163 3917 1211 3984; x_wconf 91' lang='lat' dir='ltr'>di·</span> 
     </span>
    </p>
   </div>
   <div class='ocr_carea' id='block_1_3' title="bbox 45 4067 1211 4355">
    <p class='ocr_par' dir='ltr' id='par_1_5' title="bbox 45 4067 1211 4355">
     <span class='ocr_line' id='line_1_33' title="bbox 105 4067 1210 4128; baseline 0 -15"><span class='ocrx_word' id='word_1_278' title='bbox 105 4082 125 4113; x_wconf 69' lang='lat' dir='ltr'>n</span> <span class='ocrx_word' id='word_1_279' title='bbox 144 4067 301 4128; x_wconf 72' lang='lat' dir='ltr'>perfulgidam</span> <span class='ocrx_word' id='word_1_280' title='bbox 319 4071 373 4116; x_wconf 76' lang='lat' dir='ltr'>MC.</span> <span class='ocrx_word' id='word_1_281' title='bbox 463 4068 486 4115; x_wconf 93' lang='lat' dir='ltr'>b.</span> <span class='ocrx_word' id='word_1_282' title='bbox 507 4071 561 4114; x_wconf 78' lang='lat' dir='ltr'>runt</span> <span class='ocrx_word' id='word_1_283' title='bbox 577 4071 632 4116; x_wconf 75' lang='lat' dir='ltr'>MC.</span> <span class='ocrx_word' id='word_1_284' title='bbox 723 4081 743 4114; x_wconf 89' lang='lat' dir='ltr'>o.</span> <span class='ocrx_word' id='word_1_285' title='bbox 762 4069 872 4114; x_wconf 84' lang='lat' dir='ltr'>iussionis</span> <span class='ocrx_word' id='word_1_286' title='bbox 887 4071 923 4115; x_wconf 83' lang='lat' dir='ltr'>M.</span> <span class='ocrx_word' id='word_1_287' title='bbox 1009 4067 1032 4114; x_wconf 87' lang='lat' dir='ltr'>d.</span> <span class='ocrx_word' id='word_1_288' title='bbox 1052 4067 1167 4114; x_wconf 83' lang='lat' dir='ltr'>lltbelduu</span> <span class='ocrx_word' id='word_1_289' title='bbox 1184 4071 1210 4116; x_wconf 84' lang='lat' dir='ltr'>C.</span> 
     </span>
     <span class='ocr_line' id='line_1_34' title="bbox 46 4147 1211 4218; baseline 0.003 -28"><span class='ocrx_word' id='word_1_290' title='bbox 46 4157 62 4190; x_wconf 78' lang='lat' dir='ltr'>a</span> <span class='ocrx_word' id='word_1_291' title='bbox 78 4147 165 4218; x_wconf 60' lang='lat' dir='ltr'>muare</span> <span class='ocrx_word' id='word_1_292' title='bbox 183 4151 221 4195; x_wconf 76' lang='grc' dir='ltr'>ΙΙ.</span> <span class='ocrx_word' id='word_1_293' title='bbox 288 4148 305 4194; x_wconf 82' lang='lat' dir='ltr'>t</span> <span class='ocrx_word' id='word_1_294' title='bbox 324 4147 433 4195; x_wconf 78' lang='lat' dir='ltr'>idolatria</span> <span class='ocrx_word' id='word_1_295' title='bbox 447 4149 571 4196; x_wconf 76' lang='lat' dir='ltr'>ratuudurc</span> <span class='ocrx_word' id='word_1_296' title='bbox 589 4151 623 4196; x_wconf 75' lang='grc' dir='ltr'>Ι.</span> <span class='ocrx_word' id='word_1_297' title='bbox 690 4161 711 4205; x_wconf 77' lang='lat' dir='ltr'>g.</span> <span class='ocrx_word' id='word_1_298' title='bbox 732 4150 766 4194; x_wconf 75' lang='lat' dir='ltr'>cio</span> <span class='ocrx_word' id='word_1_299' title='bbox 782 4147 851 4194; x_wconf 82' lang='lat' dir='ltr'>codd.</span> <span class='ocrx_word' id='word_1_300' title='bbox 917 4148 939 4196; x_wconf 89' lang='lat' dir='ltr'>b.</span> <span class='ocrx_word' id='word_1_301' title='bbox 961 4150 1027 4208; x_wconf 80' lang='lat' dir='ltr'>rapta</span> <span class='ocrx_word' id='word_1_302' title='bbox 1043 4153 1083 4204; x_wconf 73' lang='lat' dir='ltr'>al,</span> <span class='ocrx_word' id='word_1_303' title='bbox 1098 4149 1164 4206; x_wconf 85' lang='lat' dir='ltr'>rapte</span> <span class='ocrx_word' id='word_1_304' title='bbox 1182 4148 1211 4202; x_wconf 84' lang='lat' dir='ltr'>V,</span> 
     </span>
     <span class='ocr_line' id='line_1_35' title="bbox 46 4207 1211 4295; baseline -0.001 -21"><span class='ocrx_word' id='word_1_305' title='bbox 46 4207 100 4295; x_wconf 56' lang='lat' dir='ltr'>aad}</span> <span class='ocrx_word' id='word_1_306' title='bbox 115 4229 141 4274; x_wconf 86' lang='lat' dir='ltr'>c.</span> <span class='ocrx_word' id='word_1_307' title='bbox 223 4227 240 4272; x_wconf 80' lang='lat' dir='ltr'>a</span> <span class='ocrx_word' id='word_1_308' title='bbox 260 4244 318 4274; x_wconf 68' lang='lat' dir='ltr'>een.</span> <span class='ocrx_word' id='word_1_309' title='bbox 333 4229 356 4273; x_wconf 75' lang='lat' dir='ltr'>a</span> <span class='ocrx_word' id='word_1_310' title='bbox 375 4227 441 4274; x_wconf 72' lang='lat' dir='ltr'>xant·</span> <span class='ocrx_word' id='word_1_311' title='bbox 457 4230 484 4276; x_wconf 83' lang='lat' dir='ltr'>c.</span> <span class='ocrx_word' id='word_1_312' title='bbox 560 4225 584 4274; x_wconf 78' lang='lat' dir='ltr'>k.</span> <span class='ocrx_word' id='word_1_313' title='bbox 605 4245 663 4274; x_wconf 66' lang='lat' dir='ltr'>eon.</span> <span class='ocrx_word' id='word_1_314' title='bbox 678 4229 701 4273; x_wconf 78' lang='lat' dir='ltr'>a·</span> <span class='ocrx_word' id='word_1_315' title='bbox 722 4227 879 4275; x_wconf 67' lang='lat' dir='ltr'>uniuersum</span> <span class='ocrx_word' id='word_1_316' title='bbox 895 4231 922 4277; x_wconf 85' lang='lat' dir='ltr'>c.</span> <span class='ocrx_word' id='word_1_317' title='bbox 999 4227 1015 4274; x_wconf 83' lang='lat' dir='ltr'>t</span> <span class='ocrx_word' id='word_1_318' title='bbox 1035 4243 1092 4275; x_wconf 69' lang='lat' dir='ltr'>mr.</span> <span class='ocrx_word' id='word_1_319' title='bbox 1108 4230 1131 4273; x_wconf 73' lang='lat' dir='ltr'>a</span> <span class='ocrx_word' id='word_1_320' title='bbox 1147 4227 1211 4285; x_wconf 70' lang='lat' dir='ltr'>gem·</span> 
     </span>
     <span class='ocr_line' id='line_1_36' title="bbox 45 4301 502 4355; baseline -0.004 -1"><span class='ocrx_word' id='word_1_321' title='bbox 45 4301 134 4354; x_wconf 69' lang='lat' dir='ltr'>mnas</span> <span class='ocrx_word' id='word_1_322' title='bbox 150 4309 178 4355; x_wconf 86' lang='lat' dir='ltr'>c.</span> <span class='ocrx_word' id='word_1_323' title='bbox 261 4319 292 4352; x_wconf 89' lang='lat' dir='ltr'>m.</span> <span class='ocrx_word' id='word_1_324' title='bbox 311 4305 457 4354; x_wconf 69' lang='lat' dir='ltr'>commitam</span> <span class='ocrx_word' id='word_1_325' title='bbox 474 4307 502 4354; x_wconf 82' lang='lat' dir='ltr'>V.</span> 
     </span>
    </p>
   </div>
   <div class='ocr_carea' id='block_1_4' title="bbox 106 4399 968 4474">
    <p class='ocr_par' dir='ltr' id='par_1_6' title="bbox 106 4399 968 4474">
     <span class='ocr_line' id='line_1_37' title="bbox 106 4399 968 4474; baseline 0.003 -19"><span class='ocrx_word' id='word_1_326' title='bbox 106 4403 130 4455; x_wconf 90' lang='lat'>1.</span> <span class='ocrx_word' id='word_1_327' title='bbox 152 4405 292 4470; x_wconf 85' lang='lat' dir='ltr'>pateram.</span> <span class='ocrx_word' id='word_1_328' title='bbox 382 4404 408 4458; x_wconf 75' lang='lat' dir='ltr'>t.</span> <span class='ocrx_word' id='word_1_329' title='bbox 432 4399 474 4458; x_wconf 80' lang='lat' dir='ltr'>Gi.</span> <span class='ocrx_word' id='word_1_330' title='bbox 495 4401 606 4472; x_wconf 83' lang='lat' dir='ltr'>„repti“</span> <span class='ocrx_word' id='word_1_331' title='bbox 626 4404 655 4458; x_wconf 91' lang='lat' dir='ltr'>lu</span> <span class='ocrx_word' id='word_1_332' title='bbox 671 4403 809 4474; x_wconf 78' lang='lat' dir='ltr'>Duoaugil</span> <span class='ocrx_word' id='word_1_333' title='bbox 827 4403 968 4473; x_wconf 58' lang='lat' dir='ltr'>morando.</span> 
     </span>
    </p>
   </div>
   <div class='ocr_carea' id='block_1_5' title="bbox 0 0 1516 4864">
    <p class='ocr_par' dir='ltr' id='par_1_7' title="bbox 0 0 1516 4864">
     <span class='ocr_line' id='line_1_38' title="bbox 0 0 1516 4864; baseline 0 2"><span class='ocrx_word' id='word_1_334' title='bbox 0 0 1516 4864; x_wconf 95' lang='lat' dir='ltr'> </span> 
     </span>
    </p>
   </div>
  </div>
 </body>
</html>
