3148 4846
412 323 598 372 norsnonrn
620 323 848 371 moenai-raon
871 323 907 368 aa.
924 323 953 368 ss
1199 303 1264 372 379

107 485 208 532 eoram
235 465 364 532 domino
390 485 448 532 suo
477 470 510 532 et
530 463 682 532 Romanis
710 463 823 549 legatis
850 463 952 532 libera
979 464 1040 532 sibi
1068 463 1269 532 adhiberetur
1292 471 1362 527 1099

106 581 270 648 onerosa
307 581 370 648 sto
392 581 568 668 temporo
591 578 758 668 vupoua
778 579 863 647 moe
884 581 945 648 om
967 579 1076 664 oeus,
1102 579 1185 647 malo
1208 581 1269 647 ool
1288 545 1369 592 Μ

106 698 240 781 oonstia,
270 699 386 764 timens
414 697 474 765 sibi
502 697 542 764 de
564 696 755 783 mnsoipula‚
778 696 905 783 'dirupit
926 695 1073 781 consilia,
1103 697 1270 783 dissipavit

105 814 242 897 decreta
272 813 403 880 violavit
429 813 572 897 foedera,
602 811 743 897 neglexit
771 816 983 895 saoramenta,
1015 812 1206 897 tandemque
1235 831 1270 880 se

105 929 206 1017 ipsum
228 929 363 996 eontulit
384 930 424 996 ad
446 929 656 996 hereticorum
678 927 820 995 latibula

188 1047 387 1113 Anotoritate
407 1044 505 1128 igitur
528 1044 742 1131 apostolorum
764 1043 836 1110 fulti
859 1048 891 1110 et
904 1047 1024 1127 nostra,
1048 1043 1088 1110 ab
1103 1043 1270 1112 oboedien-

104 1161 147 1228 tia
174 1163 242 1228 eiua
265 1181 321 1228 roa
344 1181 453 1228 omnes
476 1159 669 1228 absolvimus
691 1164 739 1243 et,
767 1164 804 1226 ut
827 1158 963 1246 amplius
985 1177 1078 1226 nemo
1101 1159 1163 1227 sibi
1185 1178 1270 1226 oom-

102 1279 249 1362 munioet,
272 1276 331 1344 sub
355 1277 554 1344 anathemate
575 1275 802 1344 interdicimus.
885 1273 970 1340 Data
991 1295 1049 1363 per
1070 1294 1183 1343 manus
1199 1275 1270 1342 Tie-

103 1391 179 1460 drioi
211 1393 403 1460 Albanensis
437 1393 576 1480 episeopi
604 1395 644 1458 4·
666 1390 736 1458 Kal.
764 1389 916 1475 Augusti,
951 1391 1097 1458 defuneto
1125 1387 1271 1458 Urbano¹

104 1504 159 1576 6⁵¹
181 1508 251 1576 Kal.
275 1509 411 1593 Augusti
435 1510 503 1576 sine
526 1509 640 1575 viatioo
663 1507 803 1594 eorporis
827 1512 860 1574 et
881 1507 1042 1591 sanguinis
1066 1507 1204 1574 Domini.

106 1721 166 1794 33.
188 1724 356 1790 Patauio
371 1724 414 1789 ΙΙ
429 1747 519 1810 papa
543 1723 706 1790 Rotbordo
729 1722 964 1808 archiepiscopo
980 1721 1168 1808 dispartiat
1191 1727 1269 1790 ιονι-

192 1841 237 1906 dal
264 1842 302 1906 de
332 1842 454 1906 diutino
482 1841 651 1906 auomdotia'
672 1841 823 1925 regnique
844 1839 996 1918 discidio,
1026 1860 1064 1904 ea
1085 1840 1271 1906 immitam

192 1969 313 2033 οοονιος
336 1959 375 2022 de
397 1957 518 2022 etauio
541 1968 570 2022 et
588 1957 742 2042 episeopis
758 1968 895 2041 terrtpore
909 1954 1082 2020 setonam
1099 1955 1270 2030 ordinatrb3

192 2075 232 2138 da
260 2074 392 2138 ooamlio
420 2085 477 2138 aad
503 2075 539 2138 t'n
569 2069 743 2140 (lennatio
770 2083 826 2136 aad
852 2074 888 2136 io
915 2071 1014 2138 Irata
1041 2070 1200 2148 hahenaim
1232 2071 1273 2136 de

192 2189 461 2256 arithmeticorum
484 2188 619 2256 acutat
640 2190 753 2254 tmen
776 2189 1023 2254 emouendos

192 2319 354 2388 Paschalis
383 2322 550 2410 episeopus
579 2339 689 2388 servus
718 2339 881 2388 servorum
903 2319 964 2387 Dei
986 2317 1158 2386 venerabili
1179 2319 1272 2386 fratri
1300 2329 1368 2385 1105

102 2438 264 2506 liethardo
286 2437 471 2523 hloguntino
500 2439 648 2526 episeopo
676 2435 810 2504 salutem
839 2441 872 2503 et
900 2435 1104 2523 apostolieum
1128 2435 1272 2504 banodio-
1288 2403 1346 2450 Μ’·
1355 2403 1384 2450 ¹¹

102 2555 232 2623 tionem.

194 2669 369 2738 Sacerdoti
397 2687 434 2736 ao
460 2669 550 2754 regni
578 2689 675 2753 maro
701 2669 766 2735 iam
795 2668 850 2736 diu
879 2668 1060 2736 scandalum
1084 2667 1160 2754 luit,
1188 2669 1272 2755 quia,

103 2787 328 2874 usurpantibus
355 2806 418 2852 non
441 2805 498 2852 rua
520 2785 661 2869 regibus,
690 2785 822 2852 eoolesia
845 2785 927 2869 quod
951 2803 1026 2851 suae
1049 2790 1098 2852 est
1118 2784 1273 2852 libertatis

103 2905 220 2970 amisit.
255 2901 345 2970 Hane
367 2903 507 2990 proiecto
530 2903 625 2986 dam,
648 2901 729 2967 hane
750 2901 878 2967 ianuam
898 2900 1058 2985 nequitiae
1072 2919 1148 2969 snae
1163 2899 1272 2967 Simon

102 3019 216 3104 hlagus
239 3019 369 3086 invenit.
404 3017 506 3086 Deum
531 3017 616 3085 euim
638 3037 702 3082 non
724 3017 786 3084 nisi
808 3037 865 3104 por
887 3016 1127 3103 praestigiosam
1142 3016 1272 3083 investi-

101 3143 210 3204 turam
238 3135 465 3202 eoolesiastioos
493 3133 626 3200 honores
656 3133 804 3221 adipisci,
833 3151 922 3200 mens
949 3132 1117 3200 ambitiosa
1138 3132 1271 3216 oredit⁴3

102 3261 136 3322 at
157 3273 193 3320 se
215 3253 318 3339 ipsam
342 3251 511 3318 curialibus
534 3249 641 3318 subdit
662 3249 835 3334 obsequiis,
867 3253 898 3314 et
919 3249 1041 3332 regium
1064 3269 1118 3316 eor
1140 3247 1273 3336 amplio-

101 3369 192 3437 ribus
220 3373 313 3455 parat
334 3367 486 3434 inolinaro
508 3366 699 3434 muneribus.
735 3365 821 3432 Haeo
842 3365 992 3432 nimirum
1015 3365 1163 3449 avaritia,
1192 3366 1274 3433 siunt

100 3486 136 3552 in
165 3505 276 3570 regum
304 3483 395 3550 libris
420 3483 550 3567 legitur,
579 3481 778 3568 antiquorum
802 3499 925 3566 quoque
947 3486 1126 3568 temporum
1147 3481 1273 3566 roligio-

100 3621 177 3669 nem
207 3601 334 3682 evertit;
364 3600 418 3668 sed
447 3619 523 3684 erga
547 3597 727 3666 huiusmodi
749 3601 1005 3684 praesumptores
1025 3617 1115 3682 regas
1138 3597 1272 3684 qualiter

101 3717 214 3784 divina
239 3717 388 3784 morierit
410 3715 599 3800 indignatio,
628 3714 662 3780 in
685 3713 802 3780 eisdem
826 3713 968 3800 apidibus
990 3733 1054 3781 non
1076 3712 1195 3780 siletur.
1229 3713 1273 3780 Et

99 3853 178 3901 vero
201 3853 352 3916 magnum
375 3836 424 3900 est
444 3829 508 3898 lilio
531 3831 701 3916 flagitium,
732 3835 865 3898 matrem
888 3829 1032 3898 addicere
1054 3829 1214 3915 servituti,
1236 3835 1272 3896 ut

98 3951 206 4018 inrita
225 3949 382 4016 thalamos
405 3949 501 4031 ineat,
525 3967 603 4033 quos
625 3951 759 4013 roousat.

177 4098 198 4130 a.
217 4083 259 4130 llll
276 4084 328 4130 cod.
405 4083 429 4129 b.
449 4081 480 4130 Vl
496 4082 549 4130 cod.
626 4094 646 4127 t.
667 4080 740 4126 edida
761 4081 870 4128 Gabaon
890 4083 913 4127 ιἰι
929 4079 1027 4127 mearat
1044 4082 1103 4126 aulis
1124 4080 1158 4126 ad
1173 4080 1274 4127 Aaaaelni

100 4165 272 4224 archiqriacopi
287 4165 456 4211 conuerteret
473 4163 590 4222 epistolar,
606 4162 630 4208 S.
644 4161 746 4208 Araeluri
760 4163 819 4220 opp.
830 4157 937 4218 (Pusam
949 4157 1019 4218 latu)
1032 4176 1057 4218 p.
1070 4159 1124 4207 b'lt.
1185 4158 1208 4205 d
1223 4171 1271 4206 tra-

98 4244 163 4292 didit
178 4245 214 4291 ad.

177 4342 201 4395 1.
226 4337 337 4395 Urbano
349 4337 376 4393 11
392 4353 475 4408 papa
564 4339 590 4392 2.
613 4337 695 4392 immo
713 4337 731 4390 4
749 4335 810 4390 Kal.
829 4333 917 4406 hug.;
935 4351 962 4390 v.
974 4335 1095 4405 Regssta
1111 4331 1270 4404 pontificum

98 4429 288 4486 Romanorum
305 4444 332 4498 p.
344 4427 406 4482 477.
