3142 4848
1 357 3 506 l

383 288 411 336 s.
426 289 603 338 uoumscu
624 291 669 338 sc
691 291 793 338 uuum
814 289 1002 340 1161616616
1233 276 1273 340 13

99 429 249 516 Namque
269 431 350 496 abiae
371 444 464 498 notos
484 435 532 497 aio
554 433 700 519 tepentia
722 445 811 498 sant:

166 569 197 610 a.
221 544 494 612 nrrscoun
512 593 520 611 .
538 547 735 614 enarr.
754 529 1211 615 nourrnrroersdo

318 661 563 730 anurnio
581 710 590 727 .
609 661 871 731 urrscoro
890 711 899 728 .
919 645 1062 731 noia

98 771 271 842 bLUL'
317 799 343 842 c.
365 772 717 846 GUNEBURGW.
763 780 795 843 d.
816 777 1017 846 BEILOC
1034 777 1106 846 ΕΤ
1123 771 1272 844 MAN‘.

99 892 145 957 Ac
172 894 313 958 11661616
330 892 532 978 seminatam
553 897 699 976 nomina,
730 917 810 980 qaae
837 897 984 981 copnooci
1007 917 1072 961 nan
1093 906 1272 981 pantaeni,

99 1011 132 1072 in
155 1009 294 1095 cpcbwla
315 1009 361 1074 95
383 1009 536 1076 almar
557 1010 657 1096 infra

189 1125 326 1190 Praeter
347 1127 424 1191 istos
448 1137 509 1190 aa
532 1127 663 1206 codices,
688 1147 823 1212 quonum
844 1126 923 1190 duaa
947 1126 990 1190 ad
1007 1127 1188 1190 coniunctas
1204 1146 1273 1189 ona·

99 1238 213 1304 borum
242 1240 458 1306 collectionum
486 1241 633 1326 pacato
662 1255 691 1308 ct
713 1245 837 1307 nciam
859 1242 903 1305 ad
924 1240 1025 1306 solam
1046 1244 1199 1308 maiorem
1220 1262 1273 1306 co·

98 1357 188 1440 61666
209 1355 384 1436 retulimus,
400 1354 538 1440 scanni
561 1359 654 1422 611666
678 1369 707 1422 et
720 1369 794 1422 cont
808 1356 883 1422 libri
896 1379 994 1422 osona
1008 1359 1130 1443 anipti,
1159 1357 1273 1444 qaibcn

99 1473 192 1535 annea
215 1474 352 1536 minoren
376 1469 453 1535 libri
474 1475 581 1558 capita
603 1485 753 1538 tenentur.

187 1587 361 1652 Eiuaniadi
383 1588 480 1652 codcc
503 1591 585 1654 enim
606 1587 729 1654 6666116
745 1587 802 1652 XI
813 1591 849 1652 in
871 1585 1064 1652 Fuldenei
1084 1591 1272 1654 monasterio

101 1703 256 1783 66616561,
287 1703 545 1790 6660111666,
577 1726 647 1770 cnon
673 1704 887 1788 recoquendae
914 1705 1091 1788 antiquiori
1111 1703 1275 1789 Bonifatii

99 1821 181 1884 ettae
202 1820 297 1884 daret
318 1814 476 1906 operam⁵,
504 1823 551 1885 ita
572 1842 647 1884 nana
671 1832 724 1899 cat,
748 1832 784 1884 nt
804 1841 843 1884 ne
865 1821 953 1905 ipsae
976 1819 1123 1906 66116166
1147 1820 1274 1906 quidem

100 1933 137 1998 de
162 1956 222 1999 sno
251 1956 369 2000 nocere
397 1937 563 2001 desiccaret.
606 1934 753 2001 Attamen
784 1936 859 2002 banc
886 1938 1014 2016 meruit,
1051 1937 1137 2020 qaod
1163 1957 1270 2015 unam,

1 2067 2 2108 l
100 2069 180 2133 quae
202 2049 266 2114 isac
288 2064 421 2137 spectat,
453 2051 616 2138 6111161666
639 2051 767 2117 aliunde
789 2073 853 2117 non
875 2065 983 2117 natam
1005 2051 1044 2116 ab
1067 2052 1195 2116 intuitu
1217 2051 1271 2116 de·

99 2159 225 2230 navet

186 2277 255 2361 (R)
296 2279 397 2346 Hand
410 2281 507 2348 nendo
523 2303 609 2347 66666
626 2283 723 2347 codea
741 2282 952 2348 Vaticanus
969 2279 1272 2358 1341666111·

101 2397 155 2480 pui
172 2395 242 2480 fol.
259 2396 450 2464 346-356
477 2399 687 2464 iuramentum
708 2398 872 2483 Bonifatii
897 2411 924 2463 et
942 2397 1127 2483 pontificum
1152 2397 1271 2462 Ronan-

100 2532 214 2576 nocum
246 2513 395 2598 aptitatus
425 2507 589 2594 continet',
613 2525 731 2580 nnetato
759 2514 885 2599 aliquid
912 2515 1038 2594 ordine,
1071 2533 1132 2598 qao
1162 2533 1214 2578 aaa
1235 2515 1272 2578 in

168 2695 194 2748 1.
218 2708 263 2763 ep.
283 2695 332 2764 553
356 2693 551 2751 6611111161.
570 2693 617 2750 sol.
634 2697 652 2750 2
669 2712 696 2750 v.
785 2697 811 2750 2.
835 2711 878 2764 sp.
898 2696 943 2765 76,
968 2695 1029 2750 cod.
1043 2693 1160 2752 Vindob.
1179 2693 1225 2751 iol.
1243 2696 1269 2750 4.

98 2781 122 2836 3.
146 2796 191 2850 ep.
203 2783 250 2851 41,
269 2782 331 2836 cod.
344 2783 426 2839 vind.
445 2781 491 2838 iol.
504 2784 529 2839 4.
557 2784 617 2838 Hoc
635 2797 734 2839 nomeu
752 2783 780 2838 iu
798 2783 859 2839 cod.
879 2782 1064 2838 carlsruheuai
1082 2783 1122 2838 ita
1139 2783 1270 2852 scriptum

98 2875 152 2924 eat:
175 2869 381 2940 ,Cunmurgst
469 2872 496 2926 4.
520 2886 563 2940 ep.
581 2872 629 2942 41,
655 2872 715 2928 cod.
728 2870 846 2928 Vindob.
866 2870 980 2927 sollu.
1013 2872 1045 2927 In
1069 2871 1163 2928 codice
1181 2871 1270 2926 Caris·

97 2957 208 3013 rubensi
226 2959 357 3027 legimus:
379 2959 512 3030 ,Begiloo
528 2964 557 3014 et
568 2959 658 3016 llan“.
738 2961 764 3015 5.
788 2959 921 3015 Othlonus
939 2960 966 3016 in
984 2961 1069 3015 vimm
1082 2958 1212 3015 Bonifatii
1228 2975 1270 3014 re-

98 3047 168 3116 cepit
188 3061 283 3116 ,quas
300 3045 440 3102 habebant
457 3046 628 3102 lmdemes“
649 3051 686 3114 (v.
699 3047 808 3103 Othloni
825 3046 1022 3117 praefationem
1041 3046 1121 3116 inira)
1140 3047 1270 3116 epistolas

97 3133 291 3190 tautummodo
309 3137 353 3190 26.
388 3136 463 3202 Quae
486 3151 580 3192 omnes
601 3136 739 3192 eminere
763 3137 922 3192 collectione
945 3135 1101 3192 manabant.
1133 3137 1171 3192 Et
1192 3151 1269 3206 repe·

96 3223 203 3278 ciuntur
221 3223 342 3294 quidem,
360 3224 384 3278 si
402 3238 450 3280 aaa
467 3225 587 3280 numeris
604 3224 704 3280 nostris
722 3224 823 3294 signas,
842 3224 895 3280 hoe
912 3225 1007 3282 ordine
1022 3225 1097 3296 apud
1109 3223 1268 3281 othlonum:

98 3315 138 3382 12,
152 3315 195 3382 17,
210 3314 245 3368 21
267 3310 313 3378 (cl.
332 3317 388 3368 not.
402 3314 419 3368 6
437 3311 526 3382 infra),
546 3313 589 3382 18,
608 3313 650 3382 19,
663 3313 706 3382 20,
720 3313 762 3382 26,
776 3314 818 3382 22,
832 3315 874 3384 28,
888 3315 931 3382 35,
944 3315 987 3384 36,
1000 3315 1043 3384 37,
1057 3315 1099 3384 38,
1113 3314 1156 3382 42,
1168 3314 1212 3382 43,
1224 3313 1268 3384 58,

96 3401 137 3472 50,
150 3403 195 3471 67,
209 3403 254 3470 52,
268 3401 312 3471 51,
326 3402 368 3472 63,
382 3403 424 3470 66,
439 3401 480 3470 79,
494 3402 537 3470 80,
550 3402 594 3468 81,
607 3401 656 3472 82,
680 3398 715 3456 61.
734 3415 818 3469 supra
838 3403 896 3471 p.8
913 3419 940 3456 n.
955 3404 980 3456 1.
1000 3431 1033 3442 -
1052 3403 1107 3456 Iste
1126 3402 1228 3470 codex,
1252 3416 1269 3458 6

95 3504 148 3559 quo
174 3489 312 3546 Otblonus
339 3488 502 3560 desumpsit,
530 3488 640 3544 videtur
665 3489 738 3544 idem
761 3488 859 3560 trisse,
887 3504 968 3559 quem
992 3489 1121 3546 Nicotaus
1144 3488 1269 3546 Securius

94 3579 249 3649 (Epistulae
268 3576 297 3632 S.
311 3575 446 3632 Boniiacii
463 3593 490 3646 p.
504 3579 566 3645 286)
585 3578 710 3647 quaritur
733 3577 768 3634 de
786 3579 952 3636 monasterio
969 3577 1099 3634 tuldensi
1118 3577 1175 3650 „ab
1192 3579 1269 3634 iuvo-

93 3667 168 3722 lautc
190 3666 319 3736 Harpyia
341 3665 568 3736 immundissima,
589 3666 746 3737 illyrico,
770 3665 908 3722 sublatum
930 3671 1081 3736 posteaque
1104 3667 1268 3724 661161666-

93 3761 183 3810 ratum
208 3761 239 3810 et
262 3755 458 3824 concissam,
482 3757 614 3826 cuiusque
637 3756 764 3826 reliquias
787 3755 882 3811 scribit
904 3755 932 3810 in
950 3754 1116 3811 bibliotheca
1133 3756 1268 3811 Helmsta-

93 3843 181 3900 116661
199 3843 279 3898 visas
297 3857 367 3898 esse.
397 3842 504 3900 Scimus
522 3848 623 3913 autem,
641 3843 784 3900 1161111661
797 3844 919 3899 11661166
936 3844 1074 3916 illyricum
1093 3844 1206 3915 eiusque
1225 3859 1268 3900 so·

93 3933 149 3988 cios
172 3934 203 3988 in
228 3929 396 4002 perficienda
415 3931 519 3988 Octava
543 3937 572 3988 et
591 3933 670 3990 Nona
694 3932 817 3988 66111116
840 3933 1042 3989 ecclesiastieae
1066 3933 1195 3990 historiae
1213 3947 1268 3988 nou

94 4023 181 4078 solum
210 4022 316 4078 minore
340 4021 518 4090 epistolarum
542 4022 701 4078 collectione
722 4035 788 4076 usos
811 4035 885 4090 6666,
912 4021 963 4076 661
986 4021 1029 4077 116
1052 4019 1135 4076 edam
1158 4021 1268 4078 maioris

95 4112 188 4180 copiae
214 4110 351 4180 epistolis,
376 4123 448 4178 quae
471 4109 499 4164 iu
516 4125 571 4166 uuo
590 4109 684 4166 codice
698 4108 905 4166 vindobonensi
923 4111 994 4174 (non
1012 4109 1213 4179 Oarlsruhensi,
1237 4113 1269 4164 ut

94 4198 253 4256 Dtlmffllcro
271 4195 418 4255 videbatur
436 4198 464 4253 in
480 4197 676 4268 Forschungeu
694 4214 742 4254 aur
759 4196 910 4254 deutschen
922 4197 1086 4253 Gescbichte
1098 4199 1125 4254 V
1136 4200 1187 4253 371
1201 4215 1228 4252 n.
1239 4198 1267 4264 2)

95 4285 172 4344 bodie
190 4288 378 4344 inveniuntur.
409 4288 507 4356 licque
523 4292 633 4357 praeter
649 4286 814 4343 Fnldsnsem
832 4287 955 4343 codicem
973 4288 1055 4342 ctiam
1073 4286 1127 4341 alia
1145 4284 1268 4342 subsidia

95 4374 143 4431 1116
160 4381 274 4448 praesto
292 4375 379 4433 11666
397 4375 492 4446 liquet.
582 4379 608 4432 6.
632 4391 675 4447 ep.
687 4377 731 4432 21.
822 4377 848 4431 7.
869 4375 997 4432 06116661
1012 4375 1177 4432 Vaticanum
1196 4371 1267 4430 affir-
