3024 4864
305 301 333 350 e.
349 301 526 350 normann
547 303 592 352 nr
613 303 717 351 nom
738 303 925 352 nemronnn
949 303 980 350 eo
1162 285 1228 354 225

145 440 323 530 Episcopus
345 449 452 511 eutem
474 443 735 532 condempnatus,
758 444 797 511 de
820 463 881 529 quo
904 443 1076 531 inquisisti,
1099 445 1154 529 qui
1169 465 1229 532 pu·
1262 453 1312 510 751

68 561 169 640 gnetor
191 563 224 624 et
244 559 419 626 fornicator
442 561 552 628 existit
574 567 667 646 atquo
690 581 741 628 ree
764 559 914 628 ecclesiae
935 566 1009 646 post
1030 560 1229 645 degradatio·
1248 527 1330 576 Nm

67 693 129 740 nem
151 673 213 740 sibi
236 675 398 744 vindicare
419 679 565 761 nitetur·,
588 677 641 742 hic
663 675 791 743 omnino
816 695 854 742 ac
876 675 1105 744 detestabiliter
1119 697 1230 764 respu-

67 788 154 856 endus
190 795 247 856 est
299 790 387 871 Quae
419 793 502 860 enim
537 791 641 878 portio
671 790 791 858 infideli
820 811 893 858 cum
920 789 1031 859 fidele?
1065 796 1121 860 ant
1150 812 1231 878 quae

65 907 236 972 communio
258 905 383 974 Chr-isto
412 916 444 975 et
465 903 605 976 Beliall¹
639 906 705 974 Hos
733 913 914 975 sanctorum
937 911 1064 995 patrum
1085 907 1231 975 traditio-

65 1041 113 1087 nca
134 1027 168 1088 et
191 1029 373 1090 sanctorum
395 1043 551 1090 emonem
573 1023 722 1092 instituta
744 1023 1064 1110 condempnaverunt

143 1136 196 1204 De
224 1139 421 1206 ordinatione
448 1141 545 1207 ctiam
574 1140 820 1226 presbiterorum
851 1144 883 1206 et
905 1139 1125 1224 diaconorum,
1154 1157 1232 1224 quoe

64 1259 188 1336 cogente
209 1255 398 1322 necessitate
420 1260 454 1323 et
468 1261 667 1343 paupertate,
690 1257 882 1342 rogantium,
906 1273 969 1322 non
986 1254 1137 1339 legitimis
1152 1259 1232 1322 tem·

62 1369 185 1453 poribus
210 1375 243 1437 et
265 1371 375 1440 diebus
398 1377 471 1439 ate
492 1371 735 1459 pervcncmnt⁵,
759 1373 787 1439 si
810 1371 949 1457 aliquem
971 1370 1103 1438 haberes
1119 1391 1158 1438 ex
1173 1370 1234 1436 hoc

64 1483 279 1572 offensionem,
303 1487 480 1554 insinuasti.
516 1487 658 1555 Dicimus
682 1492 787 1555 antem
810 1487 869 1554 tibi
892 1487 1004 1555 frater:
1036 1485 1115 1554 bene
1137 1486 1233 1570 noeti,

64 1601 138 1684 quod
161 1602 248 1668 sacri
270 1621 405 1670 canones
429 1603 552 1688 docent„
577 1601 660 1692 aptis
679 1603 874 1691 temporibus
891 1602 1069 1670 secerdotes
1085 1601 1235 1670 ordinan-

63 1715 127 1797 dos;
157 1722 301 1784 attamen
329 1719 364 1785 in
391 1739 443 1803 eo,
472 1720 556 1804 quod
587 1739 607 1786 a
631 1725 664 1787 te
686 1724 817 1806 propter
840 1717 926 1786 zelo·
948 1717 1024 1802 fidei
1047 1722 1152 1786 actum
1175 1723 1234 1802 est,

62 1831 228 1898 adomino
251 1831 319 1900 Deo
342 1840 451 1900 nostm
473 1835 702 1920 indulgentiam
725 1833 949 1922 postulemusl.

142 1947 196 2015 De
223 1967 320 2016 censu
346 1955 452 2017 summ
476 1951 714 2035 aecclesiarum,
744 1950 779 2016 id
802 1955 851 2016 est
873 1948 1009 2016 solidum
1032 1949 1071 2016 de
1094 1952 1234 2016 cessata·

61 2063 192 2152 suscipe,
217 2070 249 2132 et
271 2065 390 2134 nullam
413 2066 529 2135 babeas
552 2065 783 2148 esitationem'3
808 2065 883 2132 dum
906 2085 945 2132 cx
969 2085 1005 2133 eo
1028 2064 1148 2151 poteris
1167 2064 1233 2151 ely·

60 2179 214 2247 mosinam
254 2181 394 2248 tribuere
426 2189 459 2250 ot
492 2203 571 2270 opus
605 2181 756 2270 perlicere
793 2186 974 2248 sanctarum
1009 2179 1233 2248 aecclesiarum

60 2295 145 2364 iuxta
166 2315 327 2364 canonum
350 2299 505 2364 instituta

143 2413 181 2480 Si
207 2431 285 2498 quoe
309 2433 383 2480 vero
405 2411 609 2500 presbiteros,
633 2414 749 2500 quide
772 2412 861 2480 laicis
883 2413 1022 2500 promoti
1043 2412 1172 2480 fuerunt
1191 2416 1234 2498 ct,

61 2532 146 2595 ante·
161 2528 384 2597 criminalibus
406 2529 510 2597 causis
533 2529 684 2613 obvoluti,
708 2528 846 2596 celantes
870 2533 1034 2615 peccatum
1057 2547 1159 2612 suum,
1184 2547 1236 2596 or·

59 2643 156 2710 dicati
180 2649 267 2728 sunt„
291 2643 493 2730 postmodnm
509 2664 583 2712 vero
604 2645 807 2713 manifestata
822 2648 871 2712 est
886 2663 995 2712 eorum
1010 2643 1121 2730 iniqua
1136 2643 1235 2726 acti03

59 2757 121 2844 bes,
145 2781 167 2826 a
191 2759 382 2827 sacerdotali
403 2759 514 2828 habitu
536 2761 695 2848 privatos,
718 2761 932 2848 paenitentiae
954 2761 1126 2827 summitte.
1165 2759 1237 2826 Non

59 2875 137 2942 enim
163 2876 235 2944 odit
249 2875 336 2944 Deus
358 2881 541 2963 peccantem
565 2881 597 2944 ct
618 2875 829 2961 confitentem,
851 2877 906 2946 sed
929 2879 1114 2963 peccantem
1131 2881 1164 2944 et
1181 2895 1236 2942 ne-

59 2999 195 3075 gentem.

141 3108 230 3176 Nam
254 3112 287 3174 et
307 3106 367 3174 hoc
389 3104 541 3192 flagitasti
564 3129 583 3174 e
605 3107 713 3175 nobis:
738 3107 766 3176 si
788 3107 883 3176 bocet
904 3108 1155 3194 persecutionem
1179 3127 1236 3196 pa·

9 3291 12 3296 .
59 3243 212 3306 generum
235 3222 396 3307 ugiondi·
420 3243 461 3290 en
484 3243 556 3290 non.
592 3223 635 3290 Et
656 3243 715 3310 pro
738 3222 808 3308 hoc,
836 3223 945 3308 buter,
973 3223 1111 3292 salutare
1134 3223 1237 3292 consi-

59 3335 133 3406 lium
158 3339 284 3406 damus.
321 3338 356 3406 Si
379 3337 448 3406 ficri
470 3344 577 3425 potest
599 3345 632 3407 ct
653 3339 758 3408 locum
782 3340 950 3425 inveneris,
974 3340 1060 3407 insta
1082 3339 1124 3406 ed
1145 3360 1237 3427 prae-

59 3453 229 3522 dicendum
258 3454 348 3538 illis¹3
379 3455 407 3522 si
435 3461 541 3522 autem
568 3459 756 3543 supportare
785 3475 849 3522 non
871 3455 1008 3524 valueris
1032 3476 1141 3523 eorum
1163 3476 1237 3543 per·

59 3573 270 3656 secutionem,
299 3569 396 3638 hebee
423 3577 626 3659 pracceptum
657 3571 865 3656 dominicum,
895 3577 931 3639 ut
956 3571 990 3638 in
1013 3570 1110 3639 aliam
1132 3573 1237 3658 ingre·

59 3686 154 3754 diaria
179 3681 370 3754 civitatem¹.

144 3804 232 3870 Nam
256 3807 289 3869 ct
310 3802 370 3870 hoc
392 3802 566 3887 inquisisti:
591 3802 667 3888 quid
689 3801 827 3870 tiendum
851 3803 894 3869 sit
911 3801 950 3869 de
965 3804 1236 3870 excommunicato

61 3919 209 4006 episcopo
232 3924 266 3985 et
287 3917 460 4004 apostolice
476 3918 663 3984 auctoritate
678 3916 865 4002 neglegenti.
901 3917 962 3984 Hic
977 3918 1172 3987 detestabilis
1188 3924 1237 3987 est

61 4053 167 4102 eoram
191 4033 260 4102 Deo
287 4038 321 4102 et
341 4033 537 4118 hominibus,
565 4033 654 4102 cuius
678 4033 931 4102 condemnationi
953 4033 1236 4123 incondempnctus

128 4182 150 4215 ι
175 4183 232 4214 corr.
251 4170 274 4213 in
289 4167 370 4213 nititur
387 4169 412 4214 C.
483 4167 507 4214 b.
527 4169 680 4227 provenerunt
697 4169 723 4216 C·
794 4181 813 4214 c.
836 4167 1022 4215 corniculum
1040 4171 1066 4216 C.
1136 4168 1159 4214 d.
1180 4185 1236 4215 corr.

62 4248 81 4290 ιἰι
95 4245 241 4306 postulamus
260 4247 285 4294 C.
353 4259 373 4292 e.
394 4263 450 4292 corr.
467 4249 489 4293 ie
506 4247 582 4294 ceneta
599 4250 625 4295 C.
693 4246 710 4294 i.
731 4265 787 4294 corr.
801 4251 823 4294 to
840 4247 1000 4296 habitationem
1011 4248 1034 4295 1.
1096 4259 1118 4308 g.
1134 4249 1202 4294 antea
1214 4247 1236 4294 1.

61 4321 82 4371 b.
102 4343 160 4373 ωπ.
178 4329 203 4372 ia
218 4325 295 4384 lugere
312 4326 334 4372 1.
410 4325 427 4372 l.
448 4343 491 4374 om.
508 4329 531 4374 1.

129 4406 156 4459 1.
181 4401 332 4460 eccene.
345 4403 371 4472 e,
385 4403 427 4458 re.
516 4405 542 4461 a.
567 4403 663 4462 natm
677 4405 775 4475 ro‚se.

101 4499 187 4552 dani.
204 4503 347 4548 Bibliotheca
361 4501 401 4546 111.
989 4501 1023 4558 15
