3164 4842
296 297 362 366 516
649 316 839 366 umuourus
861 315 907 364 ou
930 315 957 364 s.
974 315 1105 364 suruso

225 469 278 524 836
383 457 518 524 Evoluto
541 462 646 524 autem
669 457 830 542 aliquanto
852 462 1003 544 tempore,
1026 457 1127 522 idem·
1149 457 1345 524 reuerendus
1361 455 1454 524 erubi-

295 573 422 660 praesul
449 573 613 658 olgerius,
649 573 758 641 volens
792 581 918 640 sanetas
946 573 1017 639 illas
1047 571 1196 658 reliquias
1225 571 1282 638 adb
1311 574 1455 638 maiorem

296 691 378 756 sacri
401 689 503 756 cultus
526 691 758 757 uenerationem
782 689 953 776 perlucere,
977 707 1050 756 osse
1071 690 1172 756 sancti
1195 688 1303 756 Severi
1326 693 1457 754 bendu-

295 805 334 871 lit
360 806 394 870 in
416 804 623 890 Thuringiam
653 806 693 871 ed
720 804 823 872 locum
852 805 1006 890 regalem,
1036 805 1090 890 qui
1113 810 1242 872 uocatur
1264 804 1457 891 Erphesluu,

210 981 214 996 ,
296 921 519 988 comitantibus
546 922 730 1008 presbiteris
753 927 784 987 et
806 920 928 988 clericis
951 921 1069 987 diuersi
1092 921 1210 988 ordinis
1233 921 1388 1005 turbaque
1405 939 1458 1006 po·

296 1039 363 1124 puli
393 1057 456 1105 non
485 1037 618 1104 modica
711 1037 773 1103 Sed
802 1043 968 1122 autequam
998 1037 1223 1104 sacratissimi⁰¹
1245 1038 1365 1104 cineres
1387 1035 1460 1102 illue

296 1155 506 1239 pervenirent,
530 1153 583 1219 iu‘¹
604 1153 717 1220 itinere
741 1153 847 1220 multis
855 1163 876 1238 ⁸,
900 1153 967 1220 Deo
984 1159 1144 1240 operante,
1168 1152 1328 1220 miraculis
1343 1152 1460 1218 clarue-

296 1275 386 1352 runt3
417 1289 550 1356 quorum
579 1289 681 1356 pauca
704 1268 742 1336 de
764 1268 907 1356 pluribus
930 1269 1067 1335 hicnon
1090 1269 1177 1356 piget
1199 1271 1346 1336 inserere.
1383 1267 1460 1334 Nam

298 1385 438 1453 -sicut
460 1385 507 1452 illi
529 1385 714 1470 retulerunt,
739 1385 792 1470 qui
815 1386 915 1453 eidem
937 1385 1137 1452 translationi
1160 1405 1194 1453 sc
1216 1385 1397 1452 interfuisse
1418 1389 1461 1450 te-

297 1501 373 1568 etati
395 1506 526 1568 sunt-
544 1521 668 1568 sorores
691 1507 839 1586 quattuor
861 1501 900 1567 de
923 1500 1097 1585 Thuringia
1119 1520 1191 1568 cum
1212 1506 1337 1568 caetera
1358 1499 1463 1566 multi·

297 1617 406 1686 tudine
435 1616 559 1684 obviem
590 1619 707 1684 sanctis
729 1621 883 1684 uenerunt
904 1617 1059 1702 reliquiis3
1089 1637 1221 1702 quarum
1244 1636 1357 1699 mam,
1387 1635 1464 1701 quse

296 1733 397 1800 maior
424 1738 502 1800 netu
530 1739 614 1817 eret,
644 1734 774 1820 spiritus
804 1733 959 1816 malignus
987 1733 1104 1798 inussit
1132 1737 1165 1798 et
1191 1751 1297 1798 coram
1320 1732 1463 1798 omuibus

298 1849 351 1934 qui
374 1849 506 1916 aderam
527 1850 666 1934 graviter
688 1849 824 1916 uexauit
919 1848 1000 1915 Erat
1026 1853 1131 1914 antem
1157 1849 1192 1913 in
1215 1847 1325 1914 eodem
1352 1849 1464 1914 itinere

297 1964 453 2052 presbiter
477 1967 604 2052 quidam
627 1967 754 2032 nomine
776 1965 995 2048 Reginhariue,
1021 1969 1132 2050 postes
1154 1962 1463 2050 chorepiscopus*-

298 2100 390 2165 quem
413 2087 449 2147 tu
472 2102 594 2167 quoque
617 2082 802 2169 saepissime
823 2081 933 2148 uidisti
947 2117 989 2128 —
1006 2081 1058 2147 cui
1079 2080 1234 2146 Dominus
1257 2085 1381 2146 taumm
1397 2099 1465 2163 gru·

297 2185 375 2262 uim
404 2199 436 2263 in
466 2197 615 2265 eiciendis
643 2197 816 2264 daemoniis
839 2197 987 2280 contulit,
1020 2203 1055 2262 ut
1080 2195 1185 2262 nullus
1208 2197 1237 2262 ci
1261 2197 1397 2264 daemon
1419 2215 1466 2262 re·

298 2313 409 2378 sistere
432 2313 576 2397 auderet,
605 2315 680 2398 quin
709 2315 816 2381 stetim
840 2313 880 2380 ad
901 2319 1014 2379 nutum
1037 2313 1104 2378 eius
1128 2312 1166 2378 eb
1190 2311 1316 2379 bomine
1337 2315 1465 2380 invaso*

298 2429 407 2494 exiret
444 2427 572 2496 Solebat
594 2429 679 2495 eninr
703 2429 815 2512 dicere,
840 2428 964 2514 quando
981 2429 1020 2494 ud
1035 2428 1194 2494 homiuem
1209 2427 1380 2495 daemonel
1396 2449 1466 2516 pos·

297 2563 419 2610 sessum
443 2545 602 2612 accessit‘:
631 2547 707 2612 Noa
729 2548 836 2627 nobb,
861 2547 1015 2626 Domine,
1045 2567 1109 2610 nou
1132 2546 1238 2625 uobis,
1268 2547 1324 2610 sed
1344 2525 1468 2612 omnini

298 2673 350 2727 tao
380 2664 422 2727 do
442 2663 590 2748 pluriam.
682 2661 711 2727 le
742 2681 812 2727 cum
835 2660 976 2728 libellum
1000 2661 1167 2726 exorcismi
1189 2680 1285 2747 super
1307 2660 1468 2727 demonia·

298 2795 368 2844 cam
390 2777 494 2861 legere
517 2779 661 2864 cepisset7
685 2779 816 2864 spiritus
839 2797 975 2861 nequam
997 2797 1055 2862 per
1077 2797 1112 2842 os
1135 2775 1276 2843 mulieris
1293 2777 1392 2843 dixit:
1417 2777 1469 2843 se

299 2898 373 2960 eicie
388 2871 443 2960 'me
465 2896 538 2960 binc
557 2918 619 2982 per
641 2897 768 2960 uerbmn
782 2895 918 2960 Demeae·
939 2906 968 2958 ei
988 2897 1100 2958 merito
1122 2895 1175 2958 eus'
1188 2893 1376 2979 confessoris
1382 2918 1393 2971 ς
1416 2895 1470 2959 sed

299 3025 469 3097 antequam
495 3014 539 3077 od
559 3011 751 3098 ldrpbesfm
768 3013 952 3098 per-uentus,
981 3012 1119 3075 inuenies
1141 3032 1190 3074 nee
1211 3031 1276 3076 noo
1298 3011 1394 3076 senet
1414 3031 1469 3075 ne·

300 3149 360 3214 que
381 3128 428 3192 bie
452 3127 511 3193 titi
531 3130 755 3193 odumeaureua
789 3125 909 3204 Quibus
932 3124 1034 3207 dictis,
1057 3145 1114 3192 uas
1137 3142 1317 3210 possessum
1332 3124 1470 3192 derelin-

300 3263 409 3328 quens,
432 3261 573 3309 sororem
595 3243 680 3309 illius
702 3243 863 3327 ingressus
887 3246 936 3308 est
958 3247 990 3307 et
1004 3240 1101 3307 simili
1116 3242 1209 3307 modo
1224 3241 1362 3308 uexauit.
1393 3240 1470 3308 Inde

300 3379 357 3446 per
386 3359 525 3426 divinum
553 3360 687 3442 gretiam
717 3359 883 3445 expulsus,
912 3357 1039 3424 tertiam
1067 3357 1202 3444 erripuit
1225 3363 1257 3424 et
1277 3377 1341 3424 uon
1363 3358 1471 3424 miuus

301 3476 432 3541 caeteris
460 3475 600 3542 insanire
625 3475 784 3561 compulit.
824 3474 892 3552 Qua
921 3474 1015 3540 eliam
1038 3493 1096 3560 per
1117 3473 1246 3540 Domini
1269 3473 1471 3540 clementiam

301 3590 350 3657 etk
373 3593 474 3657 sancti
502 3591 689 3658 confessoris
718 3591 766 3657 nui
795 3591 909 3656 merita
937 3596 1065 3674 senem,
1096 3595 1240 3675 quarum
1268 3589 1301 3656 id
1324 3595 1374 3656 est
1395 3589 1472 3655 ullu'·

300 3727 385 3773 mam
415 3706 585 3773 earundem
614 3727 757 3773 sororum
784 3707 903 3773 invasit
924 3712 956 3772 et
978 3706 1225 3793 supramodum
1247 3705 1473 3773 miserabiliter

301 3823 461 3890 cruciavit.
496 3823 584 3890 Tunc
605 3824 767 3910 praedicto
786 3823 980 3909 praesbitero
996 3821 1137 3889 libellum
1152 3823 1320 3890 exorcismi
1334 3821 1470 3906 legente,

301 3944 447 4026 apostata
473 3939 603 4026 spiritus
632 3941 727 4023 dixit,
763 3938 909 4006 audiente
944 3938 1042 4004 omui¹
1068 3937 1202 4025 populo,
1237 3940 1315 4024 qui*
1343 3937 1469 4005 ederat:

307 4057 371 4122 Vae
392 4057 482 4122 noble
504 4059 643 4136 misere,
667 4059 725 4143 qai
745 4058 825 4121 baruc
847 4060 1019 4143 repleberis,
1044 4057 1218 4121 diob'eau‘mo
1239 4082 1261 4121 o
1281 4057 1370 4122 eote
1391 4077 1469 4142 pos·

374 4201 394 4235 a.
415 4189 477 4235 idem
491 4212 516 4221 -
526 4188 579 4235 illes
596 4206 638 4234 om.
655 4207 675 4234 c.
742 4187 764 4234 b.
785 4188 815 4234 ad
828 4213 853 4220 -
866 4201 919 4235 osec
934 4205 977 4236 om.
994 4207 1014 4234 ο.
1082 4202 1101 4235 c.
1123 4189 1270 4235 secretissimi
1286 4189 1373 4235 cineris
1386 4205 1432 4234 on.
1449 4206 1468 4234 c.

319 4301 325 4314 .
346 4283 388 4315 om.
405 4286 425 4314 c.
491 4283 511 4314 e.
532 4267 609 4314 multis
623 4270 769 4327 -operante
786 4285 828 4314 om.
845 4287 864 4314 r.
930 4269 946 4314 f.
968 4281 1021 4315 vero
1038 4265 1160 4328 epiecopus
1176 4268 1212 4315 ed.
1225 4285 1268 4327 pro
1284 4267 1468 4328 chorepiscopum

316 4380 322 4392 .
380 4381 385 4394 .
402 4365 422 4393 c.
514 4347 538 4394 b.
560 4361 574 4394 ι
593 4347 702 4394 damone
724 4349 761 4395 ad.
852 4347 869 4394 i.
889 4349 1026 4395 accederet
1040 4349 1076 4394 ed.
1170 4347 1193 4396 k.
1214 4351 1238 4395 et
1251 4371 1276 4381 -
1288 4349 1369 4395 merita
1386 4363 1431 4394 οι.
1448 4365 1467 4393 c.

374 4443 416 4473 .c.
493 4439 523 4472 m.
544 4428 583 4486 qui
598 4427 677 4475 odorat
693 4445 736 4475 om.
752 4447 772 4474 r.
