3164 4842
383 305 543 356 mousom
564 307 751 356 mononem
765 309 852 356 urus
875 307 1048 356 sinuosus
1229 289 1295 358 oea

132 466 260 514 morum
283 447 494 532 oenobiorum,
518 458 729 534 quacumque·
744 448 944 533 mansitabat,
967 454 1000 518 et
1021 448 1208 518 memoriam
1226 447 1296 516 dui·

131 563 252 630 oediuis
274 568 307 632 et
327 565 463 632 iruotum
485 565 614 650 reliquit
634 565 844 650 pinguedinis.

139 710 142 723 ·
221 679 317 748 Dioet
337 699 421 747 nuno
443 679 557 766 aliquis
580 680 619 748 de
640 679 699 748 hoe
721 680 839 748 famulo
853 679 925 766 Dei,
946 687 1053 748 utrum
1070 680 1119 748 ilii
1132 679 1219 748 Deus
1233 680 1297 746 ier·

132 795 222 880 gieue
238 795 366 881 iergior,
389 815 430 863 an
445 797 497 863 hie
510 796 592 867 foret
606 795 773 864 humiliori
804 795 1088 884 Respondebimus:
1111 795 1212 864 maius
1229 795 1297 882 qui-

133 910 205 978 dem
228 931 285 978 noo
307 932 370 980 uon
393 911 527 996 novisse,
550 931 699 996 maguum
721 917 828 980 temen
850 917 1018 999 utrumque
1039 933 1147 994 nosse3
1171 917 1204 979 et
1225 911 1299 996 quia

132 1025 240 1111 largus
262 1027 432 1111 Dominus,
460 1027 587 1094 humilis
610 1033 679 1095 erat
699 1027 850 1113 famulus,
878 1033 911 1094 et
933 1029 1079 1114 quoniam
1102 1027 1229 1094 humilis
1251 1027 1298 1094 ia·

132 1141 248 1226 mulas,
271 1143 378 1228 largus
401 1147 470 1211 erat
483 1141 654 1225 Dominus3
679 1143 827 1230 quioquid
847 1150 954 1211 temen
974 1143 1034 1210 hoo
1054 1149 1132 1228 orat,
1154 1143 1215 1211 Dei
1230 1148 1300 1212 erat

133 1259 248 1342 gratie,
270 1243 306 1326 ut
328 1265 362 1328 et
381 1261 434 1328 hio
454 1259 582 1326 humilis
605 1265 689 1326 esset
709 1259 743 1326 iu
765 1259 972 1346 promerendo
995 1260 1118 1347 etipse
1139 1259 1246 1343 largus
1265 1259 1299 1326 in

134 1373 303 1442 reddendo.
394 1375 457 1444 Sed
485 1374 560 1461 quid
589 1374 721 1442 dioimus
749 1378 907 1442 reddendo
913 1423 923 1456 ,
959 1395 1031 1442 oum
1058 1376 1211 1462 seriphum
1238 1376 1298 1442 sit:

135 1491 204 1558 Aut
231 1496 301 1578 quoio
325 1497 421 1580 prior·
446 1494 533 1558 dedit
554 1495 597 1571 ei,
628 1503 656 1558 et
676 1493 863 1558 retr-idaeum
886 1486 954 1556 eit¹
989 1491 1149 1574 Quoniam
1171 1514 1208 1556 ee
1229 1494 1299 1578 ipro

135 1619 164 1673 et
180 1631 242 1695 per
263 1613 368 1696 ipram
391 1623 419 1676 et
440 1612 476 1675 eia
497 1611 568 1694 ipro
591 1621 665 1674 root
687 1612 805 1688 ornoe'o,
828 1611 895 1694 ipee'
915 1608 1015 1674 bonor
1038 1621 1066 1674 et
1082 1609 1188 1694 plor-ia
1202 1611 1237 1673 in
1252 1629 1299 1672 oe·

136 1725 209 1790 moto
235 1727 424 1806 recentem,
455 1718 580 1800 amen¹3
615 1723 668 1807 qui
696 1727 960 1807 transgressorem
989 1723 1130 1811 preoepti
1158 1722 1209 1788 sui
1236 1741 1299 1788 non

134 1839 228 1906 reieit
248 1841 303 1908 sed
325 1846 461 1924 rerooat,
484 1858 547 1905 uon
567 1837 672 1926 perdit
693 1837 748 1906 sed
769 1843 911 1925 reparat3
936 1838 990 1923 qui
1010 1837 1202 1925 promerent
1217 1836 1301 1906 mala

135 1955 274 2023 reddidit
288 1956 384 2038 bona;
401 1956 455 2042 qrri
471 1955 633 2022 sedatium
649 1955 815 2040 remonuit,
831 1956 985 2020 iaoentem
1000 1955 1115 2034 erexit3
1132 1953 1187 2039 qui
1200 1951 1301 2020 tilium

134 2071 183 2138 ire
196 2071 276 2138 fovit
288 2071 512 2154 miserioordia,
533 2091 660 2138 serrum
674 2071 795 2156 peooeti
809 2069 964 2137 libertatis
974 2069 1095 2162 =giorio;
1118 2069 1206 2136 euius
1221 2087 1301 2155 opus

135 2187 253 2274 pietas,
280 2187 439 2272 flagellum
467 2187 597 2270 oaritos,
625 2185 842 2253 misericordie
863 2186 1004 2270 iustiein,
1031 2185 1157 2252 iustitie
1178 2184 1302 2252 miseri·
1429 2235 1431 2240 ,

136 2303 259 2386 00ῑῶὃὲ
282 2304 371 2372 ouius
388 2303 532 2370 voluutas
549 2321 637 2389 opus,
661 2302 828 2390 imperium
844 2301 939 2386 salus,
962 2301 1120 2390 premium
1132 2298 1301 2386 ineffabile,
1401 2339 1406 2352 .

135 2419 300 2486 eonsilium
325 2418 529 2488 ammirabile.
564 2417 625 2497 Qui
648 2417 758 2485 saitem
779 2417 827 2484 illi
841 2418 967 2501 grates?
991 2419 1061 2502 quie
1076 2415 1195 2485 servit?
1229 2415 1302 2484 Ser·

135 2535 204 2604 rire
231 2537 276 2620 ei,
304 2556 438 2620 resuere
465 2539 522 2602 eet
556 2533 599 2601 Et
621 2534 691 2619 quis
714 2534 849 2602 seruiet?
882 2533 965 2602 Eooe
987 2533 1021 2600 iu
1043 2534 1106 2600 isto
1128 2552 1218 2600 serre
1241 2531 1302 2599 Dei
1355 2543 1363 2561 ·

136 2673 231 2738 queam
260 2651 368 2736 largus
395 2656 479 2736 esset
505 2670 567 2718 nou
598 2649 883 2736 reprehenderunt.
973 2648 1017 2716 Et
1045 2649 1120 2736 quid
1143 2648 1302 2716 dimmuei

135 2767 208 2835 Non
235 2772 360 2836 mutum
388 2765 564 2834 suffioiebat
591 2765 636 2850 ei,
666 2770 703 2833 ut
729 2764 796 2850 hio,
824 2785 919 2834 oerne
946 2767 980 2832 in
1002 2771 1088 2834 terra
1108 2764 1301 2849 gravidetur,

136 2883 258 2951 oeeium
273 2883 464 2952 inhabitaret
479 2882 603 2969 spiritu,
625 2881 688 2948 nisi
703 2883 798 2949 etiam
813 2883 893 2968 ipse,
916 2880 1158 2948 dementissime
1173 2879 1302 2948 deseen-

136 3000 230 3084 dens,
259 3001 325 3066 eius
347 2999 538 3066 inhabitaret
560 2997 716 3085 spiritum,
739 3003 776 3064 ut
796 2996 943 3085 impleret
966 2997 1049 3083 quod
1071 2998 1131 3064 ait:
1160 2997 1231 3084 Epo
1254 3009 1300 3064 eto

136 3119 181 3184 ad
209 3121 323 3184 eoem
351 3129 381 3182 ot
396 3117 511 3204 patrer
538 3117 568 3180 ei
593 3118 664 3201 qaia
686 3117 825 3180 audierat
844 3137 949 3180 eoeem
970 3135 1072 3180 oasam
1093 3125 1122 3180 et
1143 3116 1303 3200 apmoee'e
1449 3103 1454 3112 ⁸
1514 3079 1519 3089 .

135 3234 246 3315 miehi,
275 3233 401 3298 intrabo
430 3233 473 3296 ad
500 3253 569 3296 eum
597 3243 625 3297 et
646 3231 760 3298 oeeubo
784 3253 854 3296 eam
875 3224 959 3296 e'llo'.
1049 3226 1132 3296 Vere
1153 3228 1238 3296 enim
1261 3228 1302 3296 nd

136 3349 220 3416 huno
246 3348 298 3416 rel
324 3347 433 3433 poeius
461 3346 495 3412 in
522 3345 606 3413 huno
632 3346 779 3436 intrarit,
808 3364 902 3432 quem
928 3344 1040 3412 seoreti
1069 3344 1119 3410 sui
1142 3345 1301 3413 oousoium

135 3464 279 3532 iaeieudo
299 3461 476 3544 letificavit3
499 3467 544 3545 ut,
568 3461 642 3548 quia
656 3483 720 3528 uon
733 3461 868 3528 multum
884 3481 956 3528 eum
970 3459 1132 3528 letifioevit
1146 3465 1301 3547 potestate

135 3581 295 3663 terrestri,
322 3577 501 3663 letificaret,
523 3583 560 3645 ut
580 3578 710 3662 dignum
734 3581 816 3662 erat,
839 3577 1029 3664 presoieutia
1050 3575 1186 3645 caelesti
1220 3575 1300 3648 Rur-¹

135 3715 207 3764 uum
230 3696 344 3782 spiritu
366 3689 550 3781 prophetiae
571 3693 709 3761 reddidit
732 3713 803 3761 eum
818 3693 954 3776 olerum
977 3713 1098 3777 rursus,
1121 3693 1204 3778 quod
1218 3691 1300 3760 eleo·

135 3818 187 3880 tur
210 3817 243 3879 et
263 3809 438 3898 preeieetus
459 3815 543 3878 esset
565 3810 650 3895 apud
671 3827 716 3894 se,
740 3811 799 3876 etei
822 3810 963 3894 obseur'e,
985 3810 1061 3876 feeit
1082 3809 1221 3895 pianum.

225 3927 333 3994 Abbas
362 3926 445 3994 euim
465 3926 608 3992 'duorum
635 3926 776 3994 looorum
804 3945 875 3994 oum
904 3925 1137 4012 sollempnitate
1164 3924 1300 4010 quadem

136 4043 179 4112 ed
205 4064 313 4128 regem
339 4042 492 4125 venisset,
524 4047 611 4112 stans
637 4042 728 4110 iuxta
754 4043 890 4128 primos,
918 4047 1027 4130 utpote
1055 4040 1299 4129 arohipreeulem

136 4159 318 4244 hioguntiee
339 4158 528 4243 Arihouem,
557 4158 689 4242 eondgit
718 4178 792 4226 eum
817 4157 950 4226 ferulam
973 4177 1067 4244 quam
1091 4158 1244 4244 optimam
1266 4157 1300 4224 in

209 4315 229 4347 ι
251 4313 391 4361 quocumque
407 4319 427 4347 e.
504 4298 527 4346 h.
546 4303 588 4349 aie.
614 4301 748 4360 Papetmt
762 4303 866 4361 emti.-
881 4299 1101 4360 eompreheadimm.

209 4407 233 4459 1.
256 4405 334 4462 nom.
349 4406 392 4476 11,
403 4405 448 4462 ee.
536 4405 561 4462 a
585 4404 664 4462 nom.
678 4407 720 4476 11,
732 4405 776 4460 ee.
864 4405 891 4461 a.
914 4401 1123 4476 epaeneto.
