3148 4846
343 279 892 330 ministeriorum
914 279 987 328 osu.
1006 280 1045 328 m
1208 261 1274 330 437

196 419 267 488 111·.
312 420 382 490 Au*
408 421 587 506 generalem
615 442 689 506 ergo
720 422 894 492 cottidiana
912 420 1184 508 contemplationis
1209 422 1276 492 eius

104 537 243 606 formam
270 542 303 606 et
328 538 509 606 diuturnam
531 539 743 627 parsimoniae
765 539 991 606 metuentium
1014 557 1118 606 sermo
1143 557 1162 606 a
1183 537 1275 606 nobis

105 653 244 721 directus
261 654 487 741 aliquantisper
502 654 690 740 dirivatur⁶3
714 657 766 723 ut‘¹
780 677 839 744 por
854 654 993 740 singulos
1009 673 1148 740 quosque
1166 673 1274 722 asceu-

104 789 160 836 sus
183 769 332 838 sublimia
353 770 446 838 huius
469 773 570 840 sancti
584 773 646 840 uiri
664 793 761 859 opera
774 771 962 859 propensius
978 770 1189 857 compendiosa
1203 791 1274 837 ver-

104 886 218 956 borum
246 887 377 954 raritate
405 907 613 973 exequemur,
643 889 844 973 studiumque
865 887 950 954 ritae
971 907 1030 974 per
1053 886 1159 954 omnia
1180 905 1275 954 veno

103 1002 215 1072 rabilis
244 1003 345 1072 sancti
367 1001 518 1072 Bonifatii
541 1004 687 1073 subtilius
710 1002 888 1088 indagando
911 1021 1161 1089 prosequamur3·
1184 1007 1275 1070 utet

103 1139 206 1204 aequa
227 1118 404 1187 libraminis
426 1119 641 1188 moderatione
664 1120 825 1208 exemplar
847 1119 938 1186 uobis
960 1118 1155 1186 aeternitatis
1171 1123 1204 1184 et
1217 1137 1274 1204 pa-

102 1239 176 1302 teus
211 1233 268 1302 fiat
302 1235 491 1322 apostolicae
525 1236 709 1304 eruditionis
742 1255 863 1302 norma
909 1234 969 1314 Qui
1002 1253 1060 1322 per
1093 1238 1274 1302 sanctorum

102 1351 261 1438 exemplu,
284 1351 433 1419 arduam·
448 1351 592 1420 caelestis
614 1351 847 1436 intellegentiae
871 1351 1015 1418 semitam
1035 1349 1168 1418 feliciter
1183 1369 1273 1418 scan-

102 1466 183 1534 deus
211 1487 248 1534 ac
275 1468 440 1555 praevium
466 1467 592 1554 populis
621 1467 769 1534 ducatum
798 1466 970 1554 praebens,
999 1471 1125 1554 portam
1154 1466 1274 1534 demini
1386 1473 1388 1476 ’

101 1581 165 1651 Dei
187 1585 298 1667 nostri,
322 1603 416 1670 quam
438 1583 515 1650 iusti
536 1584 710 1668 intrabunt,
733 1583 801 1670 ipse
824 1583 983 1666 ingressus
1007 1582 1140 1668 aperuit
1175 1581 1218 1650 Et
1232 1582 1272 1650 ab

100 1699 240 1768 infantia
261 1719 318 1768 sua
340 1720 438 1786 usque
462 1700 502 1766 ad
525 1699 717 1785 decrepitam
741 1699 853 1767 aetatis
876 1703 1068 1766 senectutem
1085 1698 1272 1786 praeterito·

100 1835 175 1884 rum
196 1835 260 1882 nou
281 1815 482 1883 mediocriter
504 1821 631 1902 patrum
654 1817 843 1903 sapientiam
859 1815 1001 1882 imitatus
1021 1821 1084 1898 est;
1108 1815 1183 1881 dum
1198 1835 1271 1902 pro-

100 1931 269 2018 phetarum
296 1931 412 2016 iugiter
440 1936 472 1998 et
499 1931 713 2019 apostolorum
740 1931 854 2015 uerba,
889 1931 961 1997 stilo
991 1932 1168 1999 sanctitatis
1197 1949 1271 1998 con·

100 2049 237 2135 scripta,
266 2053 298 2114 et
319 2047 489 2132 gloriosam
510 2053 694 2136 martyrumv
708 2047 905 2134 passionem,
926 2046 1105 2114 litterarum
1128 2047 1270 2134 apicibus

100 2163 265 2248 insortam,
288 2163 343 2230 sed
365 2168 397 2230 et
420 2163 634 2248 euangelicam
656 2164 775 2230 domiui
790 2163 850 2230 Dei
872 2165 972 2230 nostri
987 2164 1188 2232 traditionem
1204 2169 1270 2232 oot-

100 2279 182 2364 tidiq
198 2279 438 2348 commendabat
451 2280 632 2364 memoriae,
656 2284 687 2347 et
699 2279 871 2347 secuudum
888 2280 1075 2367 apostolum,
1099 2281 1165 2348 siue
1180 2301 1271 2348 man·-

100 2396 249 2466 duoasset
270 2397 337 2464 siue
359 2394 491 2464 bibisset
512 2397 579 2463 sire
596 2375 686 2462 valind
710 2395 829 2482 aliquid
852 2397 967 2481 egisset
975 2392 992 2481 ¹,
1020 2396 1123 2463 laudis
1146 2417 1271 2485 semper

100 2512 303 2600 praeconium
335 2517 367 2579 et
395 2512 506 2581 deuote
533 2512 695 2596 fastigium
725 2511 917 2580 iubilationis
947 2519 1012 2580 tam
1041 2517 1147 2580 mento
1176 2533 1270 2599 quam

101 2630 197 2698 etiam
227 2649 281 2698 ore
309 2628 508 2715 persolvebat
529 2627 613 2713 Deo,
642 2629 733 2695 iuxta
757 2628 835 2695 illud
857 2628 1102 2717 psalmigraphi:
1131 2631 1268 2698 Resedi-

100 2769 171 2812 com
185 2747 361 2812 Dorninam
383 2749 418 2812 c'o
441 2750 527 2812 omni
548 2759 700 2834 temperer
723 2769 843 2833 semper
866 2747 936 2812 loce
959 2749 1024 2812 aas
1047 2748 1082 2812 io
1105 2769 1158 2812 ore
1173 2741 1267 2814 meo¹.

98 2861 135 2930 lu
157 2865 279 2928 tautum
304 2861 387 2928 enim
412 2863 639 2949 seripturarum
663 2861 782 2928 exarsit
803 2861 975 2945 desiderio,
1004 2864 1041 2926 ut
1062 2863 1148 2927 omni
1171 2881 1204 2928 se
1219 2863 1268 2928 in-

97 2977 238 3046 tentione
253 2997 362 3044 earum
375 2977 552 3046 imitatione
567 2983 599 3044 ot
614 2976 773 3044 auditione
788 2977 894 3065 sepius
909 2976 1127 3062 coniungeret;
1144 2982 1177 3045 et
1187 2997 1268 3063 quae

98 3093 138 3160 ob
166 3093 342 3160 doctrinam
369 3094 556 3180 populorum
579 3093 757 3179 conscripta
779 3097 867 3178 snut,
894 3093 964 3178 ipse
987 3093 1103 3178 quippe
1127 3092 1268 3180 populis'

96 3209 181 3276 mira
205 3208 321 3294 eloquii
343 3208 596 3278 dissertitudine·
619 3214 650 3276 et
673 3207 891 3276 sollertissima
913 3207 1136 3295 parabolarum
1160 3209 1266 3277 adeer-

96 3324 184 3392 tione
206 3323 373 3393 efficaciter
394 3325 604 3412 praedicando
627 3325 773 3392 retexuit.
809 3323 867 3390 Cui
890 3323 953 3390 tale
974 3323 1170 3392 discretionis
1185 3332 1265 3394 tem·

96 3446 316 3529 paramentum
337 3442 456 3526 inerat,
484 3442 538 3508 uth
562 3447 594 3510 et
615 3441 728 3526 vigori*
751 3439 958 3526 correptionis
980 3441 1204 3525 mansuetudo,
1233 3445 1266 3509 et

96 3558 186 3643 uigor
206 3557 451 3645 praedicationis
473 3557 725 3626 mansuetudini*
747 3577 811 3624 nou
834 3555 969 3639 deerat¹;
999 3556 1072 3640 sed,
1097 3577 1189 3642 quem
1212 3578 1265 3626 ze-

95 3673 144 3742 lus
169 3674 376 3742 accenderet*
391 3673 524 3759 uigoris,
552 3674 757 3742 mansuetudo
779 3671 964 3757 mitigabat¹¹
987 3673 1113 3740 amoris.
1147 3673 1264 3742 Diviti-

168 3831 189 3864 a
213 3817 293 3875 Quod
313 3816 468 3864 doctrinae
487 3815 603 3863 verbum
623 3815 754 3864 omuibus
774 3795 946 3875 praeberet,
971 3815 999 3861 et
1019 3814 1094 3874 qued
1113 3815 1188 3864 hauc
1207 3829 1263 3864 uon

96 3908 147 3946 no
169 3899 236 3944 ante
251 3897 364 3958 tempus
380 3897 487 3944 aetatis
504 3883 628 3943 arbitrio
645 3896 817 3956 arripuerat
841 3897 867 3951 F,
881 3898 907 3942 A.
969 3893 992 3941 b.
1013 3893 1060 3942 bed
1075 3897 1104 3942 B.
1167 3907 1187 3941 a.
1204 3912 1260 3942 cerr.

95 3979 117 4023 la
133 3977 250 4024 derivatur
260 3979 287 4024 A.
350 3975 373 4022 d.
389 3974 416 4022 tri
425 3979 452 4024 B.
515 3989 535 4022 e.
550 3975 645 4023 arduum
662 3993 717 4022 corr.
728 3979 751 4022 iu
766 3975 859 4022 arduam
869 3977 899 4032 1⁹3
915 3973 1007 4021 arduam
1017 3977 1046 4031 A,
1057 3977 1083 4021 B.
1146 3973 1221 4021 tem.
1233 3977 1261 4022 A.

95 4070 116 4116 g.
138 4057 299 4104 disertitudine
314 4061 343 4104 A.
422 4056 446 4102 h.
466 4057 492 4101 ut
508 4073 551 4102 om.
567 4057 595 4102 B.
672 4056 687 4101 i.
708 4055 785 4114 rigore
801 4057 827 4111 Ρ,
844 4057 876 4111 ll,
896 4055 969 4113 rigori
984 4058 1012 4102 A.
1089 4051 1112 4100 k.
1132 4055 1261 4100 ruminetu-

95 4137 148 4184 diue
159 4140 185 4194 F,
201 4135 370 4183 mansuetudini
379 4139 446 4193 Μ.
523 4135 539 4182 L
560 4135 651 4182 demeat
663 4139 691 4190 A,
707 4137 736 4182 Β.
812 4149 842 4181 m.
864 4133 1033 4191 accenderetl',
1049 4133 1222 4189 accenderatA,
1233 4133 1260 4180 B.

94 4229 117 4264 u.
136 4216 252 4275 mitigaret
266 4218 295 4265 B.

166 4303 191 4358 1.
215 4303 230 4358 1
244 4301 366 4358 Oorimh.
379 4303 421 4372 10,
434 4303 483 4358 31:
503 4300 589 4372 „Sive
601 4315 668 4371 ergo
679 4299 850 4356 manducatis
862 4301 921 4356 siue
933 4298 1026 4356 bibitis
1038 4299 1097 4356 sire
1110 4297 1183 4354 aliud
1195 4297 1261 4370 qnid

95 4387 194 4462 fecitis,
212 4391 304 4450 omnia
320 4391 349 4448 in
367 4391 481 4462 gloriam
499 4391 551 4448 Dei
568 4388 681 4448 leont
771 4390 796 4446 2.
820 4389 865 4446 Pa.
877 4388 960 4459 ddi.
1022 4403 1025 4410 ’
