3164 4842
305 279 371 354 508
662 299 851 347 nmrourus
872 299 919 345 nn
941 299 968 345 s.
985 299 1115 346 samso

305 441 437 510 recitata
463 440 705 508 retransmittas.
741 441 812 508 Tibi
841 441 958 508 etenim
985 440 1045 508 soli
1072 461 1159 508 meas
1184 459 1283 524 nugas
1306 438 1461 507 ostendere
1561 527 1562 530 Ἴ

304 578 486 647 praesumo,
515 557 662 643 quoniam
685 577 757 624 mos
778 558 924 642 rustica·‚
948 556 1039 642 qussi
1061 555 1194 624 aliorum
1216 555 1344 640 disemo,
1365 556 1462 640 legero
1561 557 1562 650 l

303 694 366 740 non
389 675 521 762 spernis.
556 673 635 740 Vale
656 673 795 758 itaquel,
817 673 936 740 faciens
959 674 1005 740 uti
1028 671 1168 760 postnlo;
1191 677 1224 739 et
1245 691 1297 739 me
1311 671 1369 740 tibi
1383 671 1463 738 fidis·

304 791 420 857 simum
442 791 476 856 in
498 790 643 857 omnibus
664 791 790 858 noveris
813 789 958 857 amicum

383 956 544 1079 Quodam
566 1001 708 1082 tempore
730 1017 813 1080 oum,
841 997 875 1064 in
898 995 1066 1062 secretiore
1087 993 1155 1061 loco
1178 994 1310 1080 positus,
1332 992 1468 1081 plurima

303 1111 342 1178 de
376 1112 463 1178 exitu
492 1112 669 1178 animarum
699 1118 731 1179 et
760 1113 800 1180 do
827 1113 952 1180 diversa
980 1109 1187 1178 retributione
1214 1111 1382 1178 earundem
1411 1131 1467 1198 pro

304 1227 455 1312 qualitate
483 1228 666 1294 meritorum
696 1230 729 1295 in
759 1228 892 1312 dialogis
915 1227 1017 1294 saneti
1040 1225 1184 1311 Gregorii
1206 1226 1401 1313 aliorumque
1423 1229 1468 1295 vi·

303 1344 443 1411 sionibus
471 1342 646 1428 legissem,
675 1345 788 1412 timore
815 1344 923 1411 iudicii
951 1349 984 1410 ot
1010 1342 1178 1410 formidine
1203 1363 1377 1430 poenarum
1398 1365 1469 1431 per-

303 1461 448 1543 territus,
476 1459 591 1527 debota
611 1460 784 1526 iuuentutis
806 1479 910 1546 meac,
941 1479 1022 1546 quae
1044 1459 1183 1526 bumana
1202 1458 1375 1542 fragilitate
1397 1479 1470 1526 eon·

303 1576 397 1660 bani,
419 1595 484 1642 non
506 1576 575 1643 sino
596 1575 735 1642 lacrimis
757 1576 798 1642 ad
811 1577 996 1644 memoriam
1011 1576 1165 1642 revocavi.
1202 1573 1264 1642 Sed
1279 1595 1350 1642 eum
1366 1581 1472 1644 mente

303 1691 450 1758 confusus
478 1691 683 1778 angrmtiaqne
706 1691 840 1760 vallatus
868 1693 1071 1776 cogitassem,
1102 1691 1237 1777 qualiter
1258 1690 1329 1775 illa,
1358 1692 1472 1777 quibus

302 1805 404 1874 Deum
428 1805 630 1892 offenderam,
654 1807 798 1876 abolered
812 1809 1015 1895 pecuinam,
1039 1809 1176 1877 occurrit
1198 1809 1318 1876 animo:
1341 1813 1379 1874 nt
1396 1828 1471 1894 apo-

302 1922 454 1991 stolorum
476 1923 588 1990 limina
610 1923 805 2010 aliorumque
828 1932 1008 1994 sanctorum
1023 1927 1185 1993 visitarem
1203 1929 1235 1992 et
1250 1944 1359 1991 eorum
1373 1923 1471 1990 inter-

302 2040 495 2108 ceesionibns
517 2040 608 2107 ionas
631 2046 831 2128 peccatorum
853 2061 995 2109 meorum
1017 2061 1139 2110 summo
1155 2040 1259 2108 studio
1273 2040 1472 2128 disrumpere

301 2176 514 2244 procurarem.
557 2157 701 2224 Velamen
731 2157 861 2224 etenim¹
882 2159 974 2226 iuxta
1000 2157 1189 2226 sententiam
1217 2156 1301 2224 beati
1323 2155 1379 2225 Iob
1406 2181 1471 2226 noa

303 2274 447 2340 babentes
476 2275 697 2361 ocoplooantur
719 2275 841 2363 lapidos
851 2269 868 2340 ¹.
956 2274 1099 2360 Accepto
1118 2273 1216 2358 igitur
1236 2273 1381 2358 licentia,
1410 2273 1471 2342 iter

302 2387 493 2457 laboriosum
517 2389 653 2475 arripui3
677 2395 719 2475 et,
741 2391 838 2460 variis
857 2389 1165 2458 incommoditatibus
1180 2389 1398 2474 maximoqne⁸
1412 2391 1470 2458 im·

303 2503 408 2572 brium
430 2504 685 2572 inundationibus
707 2506 833 2572 nimiish
849 2507 1061 2594 praepeditus,
1084 2507 1139 2573 vix
1161 2506 1283 2573 decima
1297 2505 1471 2574 ebdomada

302 2620 435 2688 Romam
460 2622 598 2706 perveni.
632 2620 741 2708 Ibique
763 2642 821 2708 per
844 2628 913 2689 octe
930 2623 997 2690 dies
1012 2623 1144 2709 positis,
1167 2621 1261 2689 modo
1276 2621 1362 2689 solus
1377 2621 1469 2690 medo

302 2757 374 2804 cum
397 2736 468 2804 aliis
491 2737 657 2805 comitibus
679 2757 784 2804 coram
808 2739 1021 2824 apostolorum
1044 2739 1198 2806 memoria
1216 2737 1378 2806 humiliter
1398 2759 1468 2826 pro-
1561 2753 1562 2816 ἶ

304 2858 432 2937 stratus,
455 2853 628 2920 Dominum
650 2853 725 2921 totis
748 2853 905 2940 postulavi
926 2854 1135 2941 praecordiis:
1159 2859 1195 2920 ut
1215 2855 1354 2939 gratuita
1367 2856 1470 2939 gratia

304 2963 371 3053 sua,
395 2974 427 3036 ot
448 2974 628 3036 sanctorum
651 2969 797 3056 precibus
820 2974 977 3054 exoratus,
1000 2969 1079 3036 mihi
1101 2971 1140 3037 de
1163 2971 1342 3058 praeteritis
1365 2971 1470 3038 crimi-

303 3085 396 3153 nibus
425 3086 550 3154 reniam
578 3086 670 3170 dare,
700 3085 739 3153 de
766 3085 985 3172 praesentibus
1013 3086 1238 3154 continentiam
1259 3087 1385 3171 largiri,
1413 3105 1469 3154 nae
1561 3135 1562 3164 q

302 3223 366 3270 non
397 3201 436 3269 de
457 3202 572 3270 bituris
595 3202 653 3269 sub
675 3201 760 3268 illius
783 3201 920 3268 tuicione
942 3201 1105 3270 inmunem
1126 3202 1301 3270 finetenus
1323 3223 1376 3270 me
1397 3221 1468 3271 con·
1561 3263 1562 3276 .

303 3337 429 3386 servare
462 3317 654 3402 dignaretur.
746 3317 809 3384 Sed
841 3317 890 3384 his
924 3320 1032 3404 paucis
1066 3320 1242 3388 necessario
1274 3318 1467 3406 praelibatis,
1561 3373 1562 3398 1

303 3435 367 3502 iam
391 3433 431 3500 ad
452 3434 624 3502 racionem*
647 3434 835 3502 veniendum
859 3441 917 3519 est
945 3455 1037 3520 quam
1062 3436 1120 3503 tibi
1142 3436 1311 3502 adiuvante
1331 3434 1468 3504 Domino

303 3549 462 3637 explicaro
483 3550 634 3637 disposui.

391 3667 481 3753 Aput
501 3665 684 3732 Ravennam
706 3666 816 3735 ltaliae
842 3669 954 3736 urbem
981 3666 1118 3754 positus,
1146 3667 1314 3753 diligente
1340 3669 1469 3736 investi·

303 3803 378 3870 gare
401 3782 508 3850 studui
530 3782 569 3850 de
590 3783 658 3850 uita
680 3789 869 3868 sanctorum,
894 3783 1001 3850 Severi
1018 3782 1164 3851 videlicet
1177 3783 1362 3852 Vincentiae
1377 3790 1469 3871 atque
1561 3791 1562 3794 ’

304 3899 519 3981 Innocentiam
547 3918 680 3984 quorum
702 3919 844 3986 corpora
867 3899 941 3966 indo
962 3899 1096 3984 sublata,
1118 3899 1153 3967 in
1174 3901 1269 3967 istam
1292 3901 1392 3970 versis
1413 3921 1468 3968 no-
1561 3923 1562 3984 l

303 4015 442 4083 minibus
474 4013 630 4082 trandata
662 4019 737 4082 sunt
769 4014 983 4102 parrochiam
1016 4016 1056 4083 de
1089 4035 1222 4102 quorum
1247 4016 1468 4102 translacione,

375 4170 396 4203 a
416 4157 531 4204 usticam
545 4157 581 4203 ed.
654 4156 678 4204 b.
701 4155 848 4203 dilectissimo
863 4157 899 4205 erl.
913 4173 957 4219 pro
972 4158 1057 4218 itaque.
1126 4171 1147 4205 e.
1166 4159 1266 4218 legerem
1281 4159 1317 4206 ed.
1387 4158 1411 4205 d.
1429 4157 1468 4205 ab·

303 4235 360 4284 olari
375 4255 396 4284 c.
484 4251 504 4282 e.
525 4237 654 4296 potuissent
674 4237 770 4282 corra'n
790 4237 951 4294 potuissene.
1042 4238 1059 4285 f.
1080 4239 1140 4286 enirn
1155 4239 1191 4285 ed.
1279 4249 1301 4296 g.
1321 4238 1417 4285 mammo
1432 4237 1468 4283 ed.

302 4314 326 4362 h.
347 4331 390 4362 on.
405 4315 441 4362 ad.
517 4316 705 4363 tumetium
719 4315 757 4363 ed.

374 4398 569 4471 amma
