3148 4846
344 318 549 368 wmumarmu
570 320 651 370 vura
673 317 700 368 e.
716 319 893 370 normann
913 319 988 368 oua.
1004 320 1030 372 u
1203 301 1270 372 435

103 493 147 506 -·
169 457 340 545 pueritiae·
360 459 554 528 iaoesseute'
575 457 721 548 lascivia,
749 465 782 528 et
808 460 982 548 pubertatis
1004 459 1172 530 inchoante
1195 459 1270 530 ado-

101 572 252 645 laaeemia
275 610 317 622 -
340 575 499 644 ardentior
526 576 634 646 illum·
663 575 813 662 ingenioli
846 575 895 642 sui
922 576 1068 646 voluutas
1096 575 1269 664 aooendit⁴,

102 695 139 758 ut
161 691 202 758 ed
223 689 359 759 finitima
381 713 504 780 quoque
526 693 734 778 monasterie,
762 691 968 776 magisteriali
989 692 1133 760 lectionis
1155 711 1269 780 proro-

100 809 190 876 oatus
212 807 355 894 penuria
377 827 449 874 oum
471 829 625 876 eonsensu
640 813 734 895 atque
748 808 878 878 oonsilio
894 828 1115 878 oonsersorum
1128 806 1269 876 fidelium

99 923 264 1009 patrisque
286 925 471 992 monasterii
492 925 682 1012 perveniret

189 1037 330 1126 Cumque
356 1046 429 1108 voto
451 1040 547 1108 simul
570 1044 601 1108 et
622 1045 727 1108 mente
750 1039 982 1128 Omnipotentis
1005 1039 1066 1107 sibi
1089 1038 1199 1108 edeam
1221 1039 1269 1105 in-

99 1159 260 1222 esseantm
292 1175 408 1240 magna
439 1175 569 1244 precum
602 1157 838 1244 perseverentia
871 1155 1054 1242 suffragium
1083 1154 1268 1244 postularet,
1329 1205 1332 1212 .

98 1269 237 1355 tandem,
261 1271 369 1340 divina
390 1271 520 1340 eealitus
542 1272 718 1358 inspirante
732 1272 846 1358 gratia,
870 1273 911 1340 ad
925 1272 1163 1357 monasterium,
1187 1269 1272 1359 quod

98 1405 200 1472 usquo
230 1386 322 1456 hodie
349 1388 465 1456 dieitur
492 1385 697 1473 Nhutseelle¹‚
726 1389 886 1476 pervenit3
923 1395 956 1455 et
981 1387 1073 1456 beate
1099 1387 1271 1455 memoriae

98 1499 344 1589 Wynberohtes·
366 1503 499 1589 abbatis,
523 1505 576 1590 qui
598 1503 819 1572 venerabiliter
840 1503 1037 1591 praediorum
1059 1503 1118 1571 sub
1132 1502 1272 1588 regelari

100 1618 268 1706 disciplina
288 1619 417 1706 regebat
439 1621 665 1687 monasterium
687 1619 885 1708 -spiritali
907 1619 1085 1686 litterarum
1108 1617 1272 1704 diligentia

99 1740 287 1821 provocatus
305 1735 458 1822 -elegit
477 1736 695 1822 magisterium
717 1736 923 1822 fratrumque,
947 1755 1054 1804 seeum
1076 1735 1110 1802 in
1132 1734 1270 1801 Domino

98 1851 283 1938 viventium,
306 1851 569 1920 eontubemium'.
603 1851 653 1919 Ae
675 1852 720 1918 sio
743 1871 905 1919 servorum
919 1851 981 1919 Dei
1002 1852 1127 1920 innotus
1143 1869 1270 1917 uonsor-

98 1967 160 2052 tio,
190 1967 337 2036 devotum
365 1967 491 2035 domino
520 1967 588 2034 Deo
618 1967 782 2036 servitium
811 1973 843 2036 et
868 1965 1059 2035 laboriosam
1088 1965 1269 2051 vigiliarum

98 2083 284 2152 metantium
306 2084 511 2171 lectionisque
534 2084 658 2152 divinae
680 2103 810 2172 operam
832 2083 954 2168 ingenti
974 2083 1187 2150 meditationis
1204 2087 1270 2150 stu·

98 2199 150 2268 dio
174 2199 331 2284 exhibuit;
355 2199 458 2268 itaut
479 2201 620 2268 maxime
642 2200 768 2268 demum
790 2200 1019 2288 seripturarum
1036 2197 1210 2267 eruditione
1226 2234 1268 2246 -

97 2321 163 2386 tau
186 2316 391 2402 grammatias
415 2317 492 2384 artis
515 2315 694 2402 eloquentia
716 2320 749 2382 et
771 2321 942 2384 metrorum
967 2313 1139 2382 medullata
1161 2315 1270 2382 iacun·

97 2431 169 2500 diae
191 2431 420 2518 modulatione,
451 2451 544 2518 quam
568 2431 664 2500 etium
685 2431 836 2500 historias
859 2431 996 2520 simplioi
1018 2431 1215 2518 expositione
1238 2435 1270 2500 et

96 2548 250 2636 spiritalis
272 2548 433 2636 tripertita
454 2547 687 2632 intellegentiae
710 2548 971 2636 interpretatione
993 2547 1122 2616 inbutus
1141 2583 1183 2594 -
1204 2546 1270 2616 die

96 2665 249 2750 taudique
271 2665 386 2750 peritia
407 2663 607 2732 laudabiliter
629 2663 751 2746 fulsit⁸;
775 2669 810 2730 ut
825 2665 921 2732 etiam
937 2665 1007 2732 aliis
1023 2663 1150 2731 demum
1164 2668 1269 2750 peter·

95 2800 209 2849 aarum
233 2780 356 2848 extitith
378 2779 558 2867 pedagogus
581 2779 787 2848 traditionum
809 2784 842 2847 et
864 2785 973 2848 auotor
994 2778 1185 2864 magisterii,
1215 2779 1269 2864 qui

97 2901 129 2965 et
148 2895 321 2983 disoipulus
341 2901 414 2964 ante
429 2895 476 2962 ea*
492 2895 703 2964 subiectorum
720 2915 867 2962 essenon
882 2894 1066 2963 reeusarit
1101 2892 1269 2974 Quoniam¹

96 3033 206 3082 noerae
233 3032 301 3080 mos
324 3018 373 3080 est
394 3012 655 3092 conversationisg
684 3016 720 3078 ut
742 3011 900 3100 praeferre
924 3032 958 3080 se
980 3010 1093 3078 esteris
1115 3009 1267 3098 pertime-

96 3136 181 3214 soat,
205 3128 259 3214 qui
282 3127 381 3196 subioi
404 3127 474 3196 aliis
496 3127 672 3209 rennuerit;
697 3126 771 3214 quia
793 3131 826 3194 et
847 3132 932 3194 reete
954 3127 1170 3196 oboedientiae
1193 3145 1267 3214 ope-

95 3265 166 3314 ram
195 3244 343 3312 subioetis
370 3243 542 3331 inpendere
570 3263 633 3312 uon
662 3241 794 3328 valebit,
830 3261 924 3328 quem
953 3262 1090 3330 superna
1116 3241 1267 3329 praelatis

95 3360 332 3448 dispensatione
353 3360 436 3427 iusto
458 3380 522 3428 uon
544 3358 737 3427 exhibebim.
776 3357 867 3426 Hane
888 3359 973 3426 euim
994 3359 1040 3426 ita
1055 3357 1210 3444 omnihus,
1233 3359 1267 3426 in

94 3496 262 3546 eommuue
289 3475 481 3561 viventibus,
511 3481 543 3542 et
569 3475 708 3540 mammo
736 3495 792 3541 suo
816 3511 857 3522 -
882 3473 940 3542 sub
962 3473 1100 3560 regulari
1123 3474 1268 3544 videlieet

94 3592 266 3680 discipline
288 3627 331 3640 -
354 3590 461 3658 abbati
488 3589 671 3658 monaohioe
698 3591 841 3658 subditus
865 3590 1063 3658 oboedientia
1085 3590 1265 3678 praebebat,

93 3715 132 3780 ut
159 3707 267 3780 labore
296 3728 444 3776 manuum
475 3707 644 3776 eottidieuo
668 3711 700 3774 et
722 3705 912 3793 disciplinali
934 3706 1109 3776 officiorum
1132 3707 1266 3774 admini-

1 3859 3 3878 ·
94 3827 248 3894 stratisue
274 3824 469 3892 inoessauter
497 3823 668 3890 seeundum
698 3821 895 3910 praohnitem
917 3821 1020 3890 boeti·
1042 3823 1143 3912 petris
1165 3823 1265 3892 Reue-

167 3972 188 4006 a.
208 3957 308 4020 pueritia
329 3974 386 4004 eon.
402 3960 425 4004 ia
440 3957 552 4018 pueritiae
568 3961 599 4014 Fi
615 3957 725 4016 pueritiae
741 3961 770 4014 A,
785 3960 814 4004 B.
891 3955 914 4004 b.
933 3955 1061 4004 mesano·
1076 3959 1103 4014 F,
1119 3959 1147 4014 B,
1168 3973 1225 4004 corr.
1242 3960 1263 4004 i·

92 4038 223 4087 maante
238 4041 266 4086 A.
339 4050 358 4083 a.
380 4037 480 4084 udentia
497 4041 573 4096 Apro
589 4035 704 4082 ardentior
718 4035 790 4082 illum.
860 4035 882 4082 d.
906 4035 1039 4082 aaaeaderst
1053 4039 1082 4084 A.
1152 4050 1173 4083 e.
1194 4037 1264 4096 Wyu-

92 4118 188 4167 berhtae
203 4121 232 4175 A,
247 4115 386 4164 Wintberhti
402 4119 428 4164 B.
490 4115 507 4163 t
527 4111 674 4162 eontuhernli
684 4117 710 4173 F,
726 4115 875 4162 contubernia
885 4118 913 4172 A,
929 4115 1078 4162 contubernii
1087 4119 1115 4164 B.
1177 4129 1199 4175 g.
1220 4117 1264 4164 lul·

93 4197 195 4247 10th-
287 4195 311 4243 h.
332 4195 408 4244 extitit
422 4198 448 4253 1,
465 4197 496 4252 B,
517 4195 618 4242 extiterit
632 4198 660 4242 A.
757 4196 772 4242 l.
795 4197 862 4242 ruba
876 4199 909 4252 A,
926 4197 954 4243 B.
1052 4194 1075 4242 k.
1096 4197 1223 4246 mmm
1238 4198 1264 4243 1.

92 4275 109 4324 l.
133 4277 188 4338 qula
202 4280 231 4333 Δ,
246 4277 276 4324 B.
351 4289 382 4322 m.
403 4274 523 4322 exhibebat
537 4277 566 4322 B.
643 4289 666 4322 u.
686 4275 812 4322 beatissimi
827 4279 895 4334 atque
910 4275 987 4322 mun
1001 4277 1030 4324 B.

166 4365 191 4418 1.
216 4361 390 4432 amimae
407 4376 430 4418 ι.
449 4360 587 4432 naming,
605 4361 777 4418 awrnenu
792 4361 864 4416 aar
881 4360 1049 4416 mennam
1067 4365 1097 4416 ee
1113 4360 1262 4432 moenem,
1389 4347 1395 4358 ‘

93 4469 112 4508 a
130 4451 331 4522 Southampton
347 4451 419 4507 tuter
436 4449 607 4507 oeoldeutem
625 4457 655 4506 et
671 4450 879 4520 nptenuioues.

987 4545 1049 4602 qga
