3148 4846
306 307 372 374 358
621 324 807 374 nrrsronan
829 325 1057 373 nocnnrnmn
1080 325 1118 370 aa.
1132 327 1162 372 aa

219 474 288 530 loct
307 487 367 553 quo
389 467 610 534 convenienter
632 465 786 534 silendum
809 467 889 534 mihi
910 487 1040 554 prorsus
1062 465 1261 534 iudicabitur.
1308 464 1368 532 Sed
1390 467 1467 534 cari·

307 588 367 666 tas,
390 587 427 648 ut
448 603 551 670 spero,
575 582 635 650 Dei
659 603 739 669 quae
759 582 910 650 iustificat
929 579 1080 670 impium¹
1094 589 1127 650 et
1141 583 1195 668 qui
1211 583 1301 649 docet
1314 583 1469 649 hominem

308 699 489 782 scientiam,
512 705 626 784 urguet
647 719 698 766 me
722 699 760 765 de
783 699 900 766 sanctis
924 699 991 765 eius
1013 698 1211 784 martiribus,
1235 699 1362 766 tametd
1383 703 1470 765 extra

306 815 473 881 materiam
495 814 546 882 vel
568 815 761 882 inconditum
786 814 871 900 quid
895 834 953 901 pro
976 814 1104 881 modulo
1121 835 1191 881 meo
1207 813 1304 880 effari
1338 811 1471 880 Proinde

306 930 450 997 intendat
465 935 497 996 et
512 929 626 997 caritas
641 931 838 1014 corrigentis,
862 930 970 996 audiat
985 936 1017 997 et
1032 930 1119 996 zelus
1134 931 1347 1016 corripientis:
1371 949 1472 1014 gram

306 1046 494 1114 maticorum
528 1066 585 1112 nos
618 1051 787 1131 utcumque
815 1045 866 1112 rel
894 1045 1052 1132 principia
1078 1046 1194 1114 libasse
1222 1065 1286 1112 non
1313 1065 1473 1130 negamus,

308 1161 535 1236 rethoricorum
558 1183 649 1246 roro,
679 1162 913 1229 dialecticorum
936 1162 987 1228 vel
1008 1162 1164 1229 maiorum
1186 1161 1398 1247 quorumlibet
1418 1181 1475 1228 nec

308 1277 485 1344 didascalos
500 1298 565 1370 nos
588 1298 646 1344 nec
669 1278 849 1345 scolasticos
872 1276 1071 1364 profitemnr3
1102 1295 1164 1344 non
1193 1283 1300 1344 tamen
1323 1277 1474 1344 omnimo-

307 1392 372 1478 dis,
396 1393 470 1478 quid
493 1392 593 1460 velint
615 1393 729 1479 quidve
751 1392 976 1481 profiteantur,
999 1393 1136 1477 ignaros
1149 1398 1303 1479 optamus.

395 1508 549 1576 Ausculta
570 1510 700 1595 inquam
724 1510 743 1576 ό
759 1516 804 1595 tu,
829 1511 989 1596 quisquis·
1005 1529 1158 1575 novorum
1173 1529 1224 1576 me
1239 1509 1371 1576 denotas
1387 1529 1474 1597 prae-

307 1632 521 1714 sumptorem:
556 1646 620 1693 non
653 1625 835 1713 praeiudico
867 1625 1009 1712 priorum
1042 1645 1183 1692 meorum
1219 1625 1311 1691 docto
1341 1625 1473 1710 silentio,

306 1763 370 1810 non
392 1762 476 1808 nova
498 1743 636 1826 antiquis
658 1741 841 1808 martiribus
864 1741 1081 1826 undecumque
1100 1742 1215 1807 merita
1231 1759 1392 1828 comparo,
1415 1761 1475 1807 non

306 1877 425 1946 usurpo
447 1857 613 1924 historiam
641 1864 764 1942 texere,
796 1877 890 1942 quam
913 1877 972 1923 nec
993 1858 1111 1944 scripto
1134 1875 1192 1923 nec
1214 1857 1353 1923 uedffico
1377 1857 1475 1924 relatu

307 1974 480 2041 didicerim.
515 1973 585 2039 Non
609 1973 689 2040 olam
714 1973 819 2040 defero
842 1971 1030 2039 christicolis
1054 1973 1277 2059 sacerdotibus,
1301 1973 1342 2040 de
1366 1975 1475 2059 quibus

306 2090 391 2175 lego:
420 2091 497 2156 Diis
521 2114 560 2156 ne
582 2086 756 2170 decrolros'‚
786 2109 917 2174 quorum
940 2088 973 2154 id
996 2088 1097 2155 solum
1121 2087 1215 2155 officii
1237 2093 1401 2172 autumas3
1424 2089 1476 2156 sed

307 2226 381 2274 rere
409 2211 446 2273 ut
472 2206 630 2272 antistites
658 2211 691 2272 et
720 2206 863 2272 doctores
892 2204 1095 2272 rationabiles
1124 2204 1185 2272 Dei
1214 2206 1318 2290 gregis
1346 2225 1476 2273 veneror

308 2321 404 2406 diligo
428 2327 460 2389 et
483 2321 664 2408 amplector.
699 2319 898 2407 Maximeque
921 2328 1081 2408 pastorem
1103 2327 1135 2388 et
1149 2321 1307 2407 presulem
1323 2328 1476 2406 nostruin,

308 2437 520 2506 venerabilem
543 2435 734 2521 Willigisum
763 2439 1048 2525 archiepiscopum
1077 2438 1166 2504 cuius
1192 2437 1407 2504 inerrabundo
1428 2457 1477 2505 mo

308 2554 390 2621 dedo
412 2553 528 2620 iudicio
551 2573 683 2638 meaque
706 2555 736 2620 ei
758 2554 968 2621 examinanda
990 2554 1075 2620 dicta
1097 2553 1217 2637 dedico,
1242 2574 1261 2620 a
1283 2573 1345 2639 quo
1362 2561 1477 2642 etpre-

310 2669 500 2759 sumptionis
523 2669 649 2735 veniam
672 2675 704 2737 et
727 2671 862 2754 gratiam
885 2669 1166 2736 commendationis
1189 2669 1334 2757 imploro.

398 2785 500 2853 Huius
524 2805 607 2852 anno
630 2787 829 2873 episcopatus
853 2788 911 2869 35,
940 2791 1092 2870 regnante
1113 2785 1341 2870 gloriosissimo
1365 2787 1478 2853 domno

310 2903 480 2970 Heinricho
503 2921 576 2986 rege
600 2921 681 2968 anno
697 2905 729 2984 5,
752 2901 927 2968 dominicae
942 2922 1016 2968 vero
1032 2902 1258 2968 incarnationis
1274 2901 1377 2970 adhuc
1397 2903 1476 2970 1007

310 3019 389 3086 hacc
409 3019 484 3085 licet
504 3017 620 3084 frivola
640 3037 704 3083 non
727 3017 766 3083 de
788 3037 860 3083 mea
882 3018 938 3084 sed
961 3022 1141 3084 sanctorum
1163 3025 1290 3105 patrum
1305 3019 1480 3086 orthodoxa

311 3135 460 3219 scientia,
483 3134 617 3201 veritate
639 3138 747 3200 tamen
769 3133 877 3199 divina
898 3134 1048 3217 subnixa,
1072 3133 1272 3220 adstipulavi.

315 3349 376 3422 23.
399 3349 501 3416 Asido
531 3349 783 3436 archiepiscopus
812 3349 1018 3434 Mogontiaco
1045 3349 1299 3435 Mepansdordcm
1319 3349 1343 3415 Ι
1361 3352 1480 3438 arbro

397 3488 479 3553 pam
503 3463 786 3552 Wrzeburpensom
814 3467 858 3530 ud
885 3465 1041 3550 synodum
1066 3477 1165 3530 cocat.
1199 3465 1252 3530 De
1273 3467 1440 3534 interdicto
1461 3491 1482 3531 a

397 3605 490 3669 papa
512 3585 547 3646 in
569 3582 746 3668 reprobato
771 3579 936 3647 consilians
958 3581 1023 3645 sias
1046 3578 1228 3666 mmccccl.

191 3727 261 3783 1024
402 3713 539 3782 Domino
568 3721 600 3781 et
628 3714 779 3781 contatri
806 3707 1047 3798 Megunhardo³,
1071 3711 1355 3798 wirtzeburgensis
1385 3713 1482 3781 eccle·

145 3803 198 3849 mu
212 3801 380 3900 lbi'¹⁸siae
413 3829 554 3920 pontifici
581 3828 834 3914 venerabillimo,
869 3828 968 3896 Aribo
997 3827 1200 3911 Moguntinae
1227 3831 1311 3896 sedis
1338 3831 1482 3917 provisor

314 3949 458 4036 quamvis
480 3947 628 4030 indignus
651 3946 813 4013 servitutis
836 3950 868 4012 et
889 3944 1041 4010 drudonis
1064 3944 1131 4010 sine
1154 3946 1328 4013 cessatione
1345 3945 1480 4012 devotis·

313 4065 409 4131 simos
432 4067 572 4130 conatus.

386 4209 407 4244 a.
427 4197 502 4256 quitq-
518 4187 537 4243 c.
625 4195 648 4241 b.
668 4213 698 4242 ex
712 4195 790 4241 codice
805 4209 846 4241 ma.
862 4197 943 4241 montis
959 4196 983 4241 S.
995 4195 1058 4240 Petri
1071 4195 1194 4250 Ersords’u
1215 4197 1350 4254 ductarum
1366 4213 1382 4239 ο
1396 4193 1480 4242 Sclua-

314 4289 368 4326 nalo
390 4279 449 4324 hanc
470 4278 588 4336 eps'stolom
609 4275 682 4322 edidis
702 4275 830 4322 Henaton
852 4275 957 4322 concita
975 4277 1109 4320 Germaniae
1125 4275 1220 4330 11161,·
1243 4277 1327 4336 repetiit
1342 4271 1478 4320 Gbedreelr

315 4357 394 4404 Gsscd.
410 4357 450 4403 dar
467 4355 567 4404 mci.
583 4357 708 4402 Karberaeit
725 4351 769 4412 (ed.
784 4352 859 4412 tertia)
876 4357 901 4401 11
916 4353 969 4400 670.

387 4445 412 4503 1.
435 4443 515 4502 Prov.
530 4443 572 4514 17,
586 4443 628 4498 15.
718 4441 743 4500 2.
767 4441 855 4498 Exod.
869 4441 968 4512 2228.
1057 4439 1083 4498 3.
1106 4440 1128 4512 1,
1148 4439 1335 4496 lore-1034.
