3142 4848
291 279 335 344 34
532 295 559 344 s.
575 295 753 344 sormam
774 297 819 344 nn
840 297 943 345 cunm
964 296 1152 345 arreuourn
1175 297 1228 342 ar

131 445 273 502 oua—'105
291 437 402 503 sertim
423 455 495 504 cum
518 436 707 522 astrologiae
729 438 808 505 artis
829 439 947 526 peritia
962 443 994 506 et
1009 437 1212 506 difficillima·
1228 437 1371 524 orosocpi
1387 456 1461 503 con-

291 552 414 638 putatio
437 551 620 620 elucubrata
643 553 780 621 doctoris
803 554 1005 638 indagatione
1028 559 1129 638 egeat.

378 667 483 736 Haecb
505 669 638 754 idcirco,
668 671 831 738 carissime
852 675 959 757 pater,
982 670 1115 754 cursim,
1139 669 1366 758 pedetemptim
1388 689 1462 756 per-

289 785 487 870 strinximus,
508 806 573 852 non
588 786 714 870 garrulo
734 786 935 853 verbositatis
951 785 1086 872 strepitu
1100 784 1223 867 inlecti3
1248 786 1304 852 sed
1318 791 1354 852 ut
1368 787 1462 870 scias,

289 905 380 966 tanta
400 922 507 968 rerum
531 901 668 969 archana
682 903 857 969 examusim
873 923 936 968 non
951 923 1045 990 posse
1059 901 1211 986 intellegi,
1234 901 1298 970 nisi
1311 903 1461 987 frequens

290 1021 323 1083 et
343 1016 469 1103 prolixa
490 1018 655 1085 meditatio
676 1019 774 1085 fuerit
796 1017 946 1086 adhibita

379 1132 521 1200 Salutate
543 1134 578 1199 in
600 1132 726 1200 Christo
749 1154 875 1202 omnem
905 1133 1061 1202 sodalium
1089 1153 1232 1199 meorum
1259 1137 1417 1200 catervam
1442 1153 1464 1198 a

289 1249 421 1315 minimo
443 1268 543 1336 usque
566 1250 606 1316 ed
628 1251 812 1316 maximum.
859 1250 943 1329 Quos
966 1251 1094 1317 obsecro
1125 1254 1157 1315 et
1186 1249 1295 1315 adiuro
1319 1269 1375 1336 per
1398 1248 1463 1316 cle·

289 1366 443 1433 mantiam
465 1365 598 1432 Christi:
622 1369 657 1432 ut
678 1385 737 1453 pro
760 1386 829 1451 me,
852 1371 1054 1453 peccatorum
1077 1365 1216 1453 pondere
1239 1370 1271 1432 et
1293 1365 1464 1432 criminum

290 1481 416 1548 sarcina
438 1500 604 1568 oppresso,
628 1501 737 1568 preces
760 1482 897 1550 Domino
920 1483 1063 1549 fundant.

292 1694 328 1764 4.
359 1695 483 1764 Scottus
512 1698 644 1783 quidem
670 1697 874 1763 Aldhelmcm
900 1710 1010 1784 rapot,
1039 1709 1075 1762 ct
1103 1717 1136 1762 se
1163 1697 1280 1761 doceat.
1327 1694 1464 1760 labrum

357 1815 498 1878 manaa
519 1816 635 1899 epa.
1199 1791 1303 1894 (sar,
1326 1807 1367 1876 w
1384 1810 1463 1892 reo)

132 1950 273 2006 688-705
380 1945 516 2013 Domino
547 1949 671 2029 sancto,
702 1945 952 2033 sapientissimo,
988 1944 1114 2012 Christo
1142 1942 1269 2030 quidem
1297 1942 1462 2010 carissimo

290 2061 458 2128 Aldhelmo
482 2060 609 2128 Scottus
631 2061 732 2145 ignoti
754 2061 891 2128 nominis
912 2061 947 2127 in
968 2060 1037 2128 Deo
1061 2065 1187 2127 aeterno
1211 2059 1354 2126 salutem.

380 2177 466 2244 Dum
493 2182 527 2243 te
553 2181 747 2264 prestantem
769 2178 895 2261 ingenio
918 2177 1127 2263 facundiaque
1149 2175 1290 2242 Romana
1313 2193 1350 2240 ac
1371 2173 1463 2240 vario

289 2291 588 2377 derelictorum,
620 2292 716 2360 etiam
740 2290 912 2360 Grecorum
940 2313 1043 2378 more,
1072 2312 1137 2359 non
1159 2291 1314 2375 nesciam,
1343 2309 1383 2356 ex
1405 2307 1464 2356 oro

290 2415 361 2493 tuo,
389 2409 477 2475 fonte
504 2407 651 2475 videlicet
678 2409 828 2475 scientiae
856 2409 1042 2496 purissimo,
1074 2407 1214 2475 discered
1236 2405 1335 2490 malo,
1365 2425 1463 2489 quarn

291 2545 331 2591 ex
360 2524 464 2609 aliquo
492 2524 633 2610 quolibet
659 2529 769 2611 potare
797 2524 979 2592 turbulento
1007 2525 1169 2609 magistro.
1206 2521 1378 2590 Presertim
1400 2520 1465 2588 hoo

289 2660 496 2727 prenoscens,
525 2641 631 2725 scito⁰,
661 2641 743 2724 quod
771 2640 889 2707 idcirco
916 2646 949 2708 te
972 2640 1160 2708 fiducialiter
1182 2639 1228 2706 ita
1250 2638 1395 2705 obsecro:
1425 2643 1465 2704 ut

289 2775 341 2823 me
363 2755 516 2843 suscipias
540 2757 724 2842 doceasque.
763 2756 918 2835 Quoniam
940 2756 1043 2841 fulgor
1065 2793 1107 2803 -
1128 2777 1186 2824 ceu
1208 2755 1328 2822 dictum
1350 2759 1399 2820 est
1418 2789 1462 2800 -—

289 2873 464 2959 sapientiae
487 2892 544 2959 pre
571 2872 680 2939 multis
707 2872 741 2937 in
769 2876 801 2938 te
826 2872 927 2956 fulget
947 2871 1133 2957 lectoribus,
1164 2891 1200 2938 ac
1222 2871 1464 2958 peregrinorum

289 2993 422 3073 mentes,
437 2987 633 3076 cupientium
649 2988 838 3074 sapientiam
853 2987 984 3073 discere,
1001 2989 1178 3072 cognoscis3
1203 2989 1278 3073 quia
1291 2992 1327 3053 tu
1342 2985 1466 3054 Romae

290 3103 413 3170 advena
438 3103 526 3170 fuisti
535 3100 553 3188 ¹,
581 3103 712 3190 insuper
741 3103 824 3188 quod
847 3104 1025 3188 aquodam
1049 3110 1158 3171 sancto
1181 3099 1267 3171 viro‘
1290 3103 1330 3170 de
1352 3107 1464 3168 nostro

289 3239 404 3303 genere
431 3220 570 3287 nutritus
593 3239 637 3286 es.
676 3219 763 3286 Haec
785 3219 953 3307 conpendii
975 3237 1072 3287 causa
1094 3218 1301 3304 significant'3
1325 3217 1408 3302 quia,
1434 3219 1467 3284 si

289 3334 472 3402 humiliter⁸
497 3355 556 3422 per
589 3336 754 3402 caritatem
781 3335 919 3403 volueris
953 3335 1139 3421 adtendere,
1173 3356 1237 3402 non
1266 3335 1372 3401 minus
1400 3353 1465 3420 per

288 3471 391 3538 pauca
418 3451 515 3518 verba
545 3471 639 3537 quam
669 3473 728 3538 per
760 3451 914 3540 plurimas
949 3453 1242 3537 sermocinationes,
1276 3450 1464 3539 perspicies.

289 3565 375 3633 Haec
391 3566 450 3633 tibi
468 3587 591 3652 quoque
607 3567 770 3635 sinceriter
786 3568 922 3636 dissero:
944 3568 1086 3635 libellum
1103 3569 1270 3653 quendam,
1294 3587 1386 3654 quern
1402 3587 1466 3652 ego

288 3682 370 3749 n0n¹¹
385 3681 496 3767 habeo,
520 3683 575 3767 qui
594 3703 657 3750 non
679 3688 728 3751 est
743 3685 844 3750 maior
860 3683 1036 3771 acceptorio
1052 3684 1185 3751 duarum
1201 3683 1466 3771 septimanarum,

362 3838 383 3870 a.
404 3824 513 3884 perplexa
529 3827 598 3873 WM.
690 3825 713 3871 h.
735 3825 923 3887 Haec—preces
943 3826 1036 3872 domino
1056 3825 1153 3873 fundant
1169 3843 1211 3872 ona
1230 3829 1297 3874 WM.
1391 3838 1412 3871 c.
1433 3844 1467 3872 a:

291 3906 316 3955 7
326 3905 456 3953 25-250.
487 3908 592 3952 Lemma.-
612 3905 669 3952 Item
689 3903 794 3965 epistole.
889 3905 912 3952 d.
933 3905 1017 3952 ducite
1034 3907 1060 3953 V.
1155 3921 1175 3954 e.
1198 3906 1256 3952 scito
1276 3917 1415 3965 prenoscens
1435 3905 1467 3954 7.

287 3983 304 4031 f.
324 3983 456 4032 sicrifficant
473 3986 501 4032 V.
578 3999 600 4044 g.
620 3984 729 4032 humiliter
747 3985 774 4031 V.
851 3984 874 4031 lr.
895 3999 941 4032 non
957 3986 1049 4033 addidi.

360 4082 385 4134 1.
410 4078 462 4134 snb
481 4078 577 4148 Sergio
593 4079 608 4134 Ι
624 4095 697 4150 papa
715 4079 887 4147 (oar-701).
916 4080 950 4136 V.
969 4081 1068 4136 Fericii
1085 4081 1152 4138 Vita
1168 4079 1306 4136 Aldhelmi
1323 4080 1415 4148 capt
1434 4081 1468 4138 in

289 4165 427 4222 Aldhelmi
450 4181 513 4238 opp.
538 4168 581 4222 ed.
605 4167 681 4222 Giles
703 4185 731 4237 p.
749 4169 802 4222 360
826 4172 855 4222 et
871 4167 1009 4224 Wilhelmi
1030 4167 1204 4224 Malmesbur.
1229 4169 1263 4223 de
1285 4166 1468 4239 pontificibus

289 4255 360 4312 L.V
379 4271 422 4325 ap.
441 4255 509 4311 Gale
527 4256 597 4311 Hiet.
617 4255 684 4310 Brit.
703 4254 752 4311 SS.
769 4255 783 4310 l
801 4257 862 4311 350.
953 4259 979 4312 2.
1003 4255 1191 4328 allaildulfo,
1215 4256 1372 4312 monasterii
1393 4255 1468 4312 liel-

289 4342 484 4399 mesburiensis
501 4348 620 4400 auctore.
649 4345 683 4401 V.
696 4343 834 4401 wilhelmi
845 4344 986 4402 Melmesb.
1005 4346 1041 4402 de
1058 4343 1233 4417 pontificibus
1250 4345 1282 4401 L.
1293 4345 1321 4402 V
1337 4345 1356 4400 l.
1367 4344 1385 4400 t
1398 4345 1469 4417 338,

290 4435 318 4487 et
334 4431 463 4488 Mabillon
481 4431 553 4489 Acte
571 4431 619 4490 SS.
638 4433 697 4489 ord.
715 4435 783 4490 Ben.
802 4449 875 4490 saec.
887 4435 928 4490 111
946 4435 1003 4490 P.I
1019 4452 1047 4506 p.
1060 4434 1146 4491 223⁹.
