3176 4846
213 317 215 321 v
318 301 398 348 vrri
420 299 574 348 sancum
596 300 858 350 eacnmeiscorr
878 301 1075 350 nocurvunn
1211 283 1277 352 cio

111 459 219 508 corum
248 439 350 508 adhuc
376 446 556 510 uterentur·
577 441 708 510 consilio
736 446 769 510 at
790 441 858 510 Deo
887 448 920 512 et
947 443 1008 512 sibi
1031 445 1367 531 satisfacerent',1160

111 562 144 624 et
165 556 244 624 alios
267 557 418 642 quosdam
440 557 561 627 nobiles
584 578 657 626 suos
672 556 779 626 fideles
795 557 989 644 Mogentiam
1006 560 1183 628 advocaret.
1206 561 1278 648 lpse
1381 627 1385 636 ,

112 678 227 757 autem,
250 672 413 760 paululum
437 693 490 740 eos
513 674 695 761 precedens,
718 694 828 742 versus
851 675 1010 744 civitatem
1033 697 1067 744 se
1082 697 1154 744 cnm
1169 678 1277 764 paucis

111 789 300 856 accinxerat.

201 906 264 976 Sed
291 906 346 974 nbi
368 905 410 973 ad
432 910 569 972 essum
595 925 686 974 auum
708 905 940 992 Ameneburg·,
968 907 1052 991 quod
1074 927 1094 974 a
1115 906 1277 992 Magantia
1294 920 1342 968 vm

110 1023 210 1091 ferme
233 1023 353 1090 duabus
376 1021 469 1090 dietis
492 1021 603 1105 distat,
626 1023 785 1108 pervenit,
808 1029 951 1091 verentes
973 1024 1152 1110 principum
1173 1030 1277 1092 tanto·

111 1161 182 1207 rum
206 1144 238 1206 et
259 1140 359 1226 ipsine
382 1138 501 1205 domini
524 1137 575 1204 sui
597 1136 707 1206 offensi
729 1140 931 1225 presentiam,
955 1140 1054 1206 missa
1074 1139 1230 1224 legatione
1244 1141 1278 1206 in

111 1276 228 1340 magna
250 1255 443 1342 deceptionis
464 1252 666 1338 fraudisque⁴
681 1254 847 1324 dolositate
867 1255 969 1322 denuo
984 1275 1094 1342 pacem
1109 1255 1278 1340 rogabant3

112 1372 247 1456 obsides,
271 1377 348 1457 quot
369 1375 402 1439 et
423 1375 557 1455 quantos
578 1375 612 1437 st
630 1369 738 1456 quales
754 1370 793 1437 de
808 1372 935 1438 civitate
948 1371 1089 1458 placeret
1103 1372 1279 1458 admittere,

111 1509 170 1576 pro
192 1488 296 1572 gratia
317 1507 376 1554 sua
397 1486 618 1574 pollicitantes.
708 1486 863 1556 Dominus
886 1493 1001 1572 autem,
1025 1488 1126 1554 sciens
1149 1488 1188 1555 de
1210 1488 1279 1573 lege

111 1604 311 1672 mandatumz
344 1605 396 1672 Ne
430 1608 474 1670 eie
507 1625 625 1670 mernor
656 1606 773 1671 intorte
800 1607 917 1672 aetem
943 1618 1068 1672 tuorum
1077 1600 1094 1686 ¹,
1125 1606 1279 1690 quamvis,

112 1721 227 1788 totiens
250 1726 284 1787 et
303 1723 369 1786 tam
392 1719 529 1803 maligne
552 1719 711 1806 deceptus,
734 1739 793 1786 nec
815 1730 865 1786 se·
886 1719 965 1806 ipsis
980 1721 1107 1787 credere
1122 1740 1180 1788 nec
1194 1721 1280 1807 ipso-

111 1857 182 1904 rum
205 1835 311 1904 verbis
332 1834 470 1923 poterat‘
491 1835 525 1904 in
547 1840 689 1902 tantum⁸
710 1834 804 1902 fidem
828 1836 985 1918 adhibere,
1007 1841 1124 1920 tamen,
1147 1857 1187 1903 ne
1205 1857 1279 1924 snp-

112 1953 296 2040 plicautium
326 1951 531 2019 confunderet
556 1951 663 2018 vultus
692 1957 724 2019 et
751 1951 835 2018 iusta
863 1951 1019 2018 diceretur
1048 1959 1279 2039 contempnere,

113 2068 200 2136 omni
228 2069 341 2136 conisa
370 2067 409 2134 ad
436 2067 553 2135 bonum
574 2069 662 2155 pacis
686 2067 851 2153 anhelans,
880 2067 960 2136 tales
983 2067 1107 2136 obsides
1129 2088 1201 2136 cum
1223 2069 1280 2136 tali

112 2185 327 2254 satisfactione
356 2189 389 2252 et
415 2184 474 2252 hac
500 2185 570 2252 vice
591 2183 733 2252 laudavit
755 2185 905 2271 accipere.
994 2183 1038 2252 lit
1059 2186 1204 2272 protinus
1226 2185 1280 2254 de·

112 2302 267 2370 mandans
282 2301 488 2388 principibus,
511 2305 547 2366 ut
561 2300 683 2368 modice
699 2306 858 2388 oporteret
872 2301 1053 2386 subsistere,
1073 2299 1172 2370 donec
1187 2321 1282 2389 snper

112 2420 173 2488 boc
194 2418 290 2487 verbo
314 2421 530 2501 cognoscerem
554 2417 624 2504 ipse
646 2417 724 2485 haut
745 2419 779 2484 iu
801 2417 1003 2486 multitudiue
1026 2437 1142 2502 magna
1155 2416 1282 2486 Bliden·

113 2540 179 2604 etat
205 2535 246 2602 ad
268 2533 432 2604 cenobium
461 2533 631 2618 quoddam,
661 2533 788 2619 deinde,
817 2533 857 2602 ad
884 2534 986 2601 levam
1009 2533 1205 2619 Magantianu
1227 2534 1282 2602 ob-

112 2653 259 2736 mittens,
288 2652 333 2718 cis
356 2649 477 2717 Renum
506 2649 727 2738 progrediens,
758 2657 891 2736 quatuor
913 2650 1089 2718 miliaribus
1113 2670 1132 2716 a
1154 2651 1282 2718 civitate

112 2767 298 2852 Pinguiam,
321 2786 412 2834 suum
437 2764 594 2851 quoddam
616 2771 769 2850 castrum,
793 2764 877 2832 ultra
898 2765 1019 2834 Renum
1043 2767 1199 2833 transivit

201 2883 376 2951 Heliricum
398 2888 503 2950 autem
527 2883 698 2969 quendam,
727 2881 955 2949 vicedominum
979 2900 1073 2948 suum
1093 2889 1126 2950 et
1146 2879 1281 2965 fidelem,

112 2999 310 3086 lingentium
332 3019 428 3087 super
450 2999 609 3066 obsidibus
632 2997 828 3066 sciscitandie
852 3003 883 3065 et
904 2997 1110 3084 procurandis
1133 2997 1282 3064 transmi-

113 3121 208 3186 serat
243 3116 315 3204 lpso
338 3115 440 3182 enimi
464 3114 650 3202 particulam
666 3115 823 3200 quandam
837 3115 974 3181 civitatis
988 3114 1093 3182 valida
1108 3114 1281 3182 munitione

113 3239 146 3302 et
168 3233 276 3317 magni
303 3233 386 3300 muri
413 3231 526 3300 robore
554 3233 711 3315 cinxerat,
741 3235 773 3298 et
799 3231 935 3316 presidio
963 3231 1050 3298 totis¹
1073 3230 1192 3298 viribus
1215 3229 1281 3297 suis

113 3351 228 3418 domno
265 3348 499 3434 archiepiscopo
534 3353 610 3414 erat
700 3346 915 3430 Argutiesima
943 3365 1018 3413 vero
1046 3346 1218 3414 calliditate
1245 3365 1282 3414 ac

113 3465 305 3552 impiissima
318 3463 496 3548 Maguntini
511 3468 634 3530 umntes
649 3461 890 3530 renunciabant:
914 3468 1042 3549 paratos
1058 3484 1093 3530 se
1107 3463 1185 3548 iore,
1207 3469 1283 3548 quot

114 3587 147 3652 at
170 3581 277 3668 quales
301 3581 424 3648 obsides
446 3577 650 3668 preciperet,
674 3585 707 3646 et
728 3599 852 3646 emnem
875 3579 1120 3646 satisfactionem
1142 3585 1174 3646 et
1194 3599 1282 3647 secu·

112 3699 243 3766 ritatem
265 3697 392 3765 domino
415 3717 471 3764 suo
496 3696 740 3783 archiepiscopo,
763 3694 932 3762 dummodo
947 3695 1013 3762 eine
1029 3701 1283 3782 promererentur

113 3815 260 3900 gratiam,
284 3813 447 3895 exhibere;
471 3832 670 3899 summopere
693 3817 725 3878 et
747 3810 880 3878 eundem
903 3811 1132 3878 vicedominum
1151 3829 1283 3878 exoran-

113 3937 172 4015 tes,
196 3937 233 3998 nt
255 3931 300 3997 eis
322 3930 355 3996 in
379 3935 467 3998 tantu
489 3929 616 4013 negotio
639 3927 831 4015 patrocinari
846 3927 1043 4012 dignatatum
1069 3929 1143 4015 quia
1157 3928 1202 3996 nil
1216 3933 1282 3994 tam

187 4156 208 4191 a
228 4145 367 4192 utereturi.
466 4142 489 4188 b.
509 4141 667 4190 aafisiaaarent
683 4140 709 4198 i,
729 4139 870 4188 minaret
885 4143 907 4188 t.
1003 4155 1022 4188 a
1043 4139 1203 4200 Amenebnrpk
1219 4142 1244 4198 1,
1261 4143 1284 4188 2.

114 4225 137 4274 d.
158 4223 273 4272 irmdisve
289 4227 312 4270 1.
394 4238 413 4270 e.
434 4237 463 4270 ne
479 4235 505 4270 ae
522 4225 543 4269 1.
624 4221 749 4268 terata.
827 4233 848 4280 p.
869 4221 998 4279 miani,
1018 4222 1189 4280 inbutum&
1213 4221 1283 4268 eain

72 4367 75 4372 ,
114 4307 162 4351 tam
178 4305 240 4363 pravi
256 4305 296 4350 rai
372 4302 396 4350 b.
417 4303 484 4349 etiam
500 4303 522 4349 2.
599 4301 616 4348 i.
635 4301 710 4348 weida
727 4302 749 4348 1.
825 4299 849 4348 k,
870 4301 983 4362 reciperat
997 4303 1020 4348 2.

187 4409 414 4479 amma
