3024 4864
258 292 285 341 s.
302 291 478 342 sormam
498 294 544 342 nn
566 295 668 342 nunni
690 293 981 343 rememorasse
1142 277 1208 344 245

65 432 110 506 96.
129 437 308 522 Respuent
324 437 514 503 Denedcrdo
536 438 719 524 presbytero
736 437 907 504 Attcllcsre
921 459 1054 519 seeum,
1079 461 1209 504 ascrae

130 555 306 634 declarans,
330 555 554 620 commessdot‘.
843 551 879 634 (S
896 554 949 637 30,
973 550 1013 619 W
1029 555 1082 637 99,
1107 551 1207 636 Ges)

127 683 302 752 Bonilacius
331 705 441 753 servus
470 705 633 753 servornm
663 685 724 754 Dei
752 684 942 754 Denehardo
970 686 1145 774 presbitero
1173 687 1207 754 in
1216 714 1240 754 c.
1251 699 1376 755 732-756

58 801 160 868 mmo
182 801 326 868 salutem.

127 915 239 984 liando
260 915 331 1001 tibi,
354 916 532 1002 sadanma,
556 918 595 985 de
618 917 803 1004 praesente*
828 937 927 1005 puero
949 915 1156 985 Athalhere‘:
1180 919 1208 984 si

55 1031 107 1098 ili*
125 1033 293 1100 necessitas
316 1033 351 1098 in
374 1053 431 1098 sua
454 1051 549 1100 causa
572 1032 742 1118 contingat,
766 1039 802 1100 nt
818 1053 889 1101 eum
906 1031 1055 1100 adiuvare
1070 1033 1208 1118 studeas,

55 1150 120 1216 deut
139 1151 310 1234 ingenuum
331 1149 506 1231 hominem3
530 1155 563 1216 et
585 1151 631 1216 sic
654 1169 712 1236 pro
734 1149 789 1216 illo
813 1149 981 1235 promittas
1005 1150 1114 1216 amieis
1130 1149 1208 1234 eius,

52 1285 103 1331 non
123 1267 210 1352 qnasi
233 1274 312 1352 pro·
335 1284 435 1331 servo.
471 1263 515 1332 Et
537 1286 594 1349 ego
618 1266 663 1332 sic
686 1265 888 1351 conprobavi‚
913 1265 987 1351 quia
1009 1265 1210 1353 disponsare‘

54 1381 102 1447 sibi
121 1381 278 1468 disponit⁸
301 1382 482 1465 coniugem3
506 1386 627 1449 utnon
651 1381 771 1466 timeat
795 1381 878 1468 quod
902 1402 1012 1448 servus
1034 1381 1084 1448 sit.
1130 1381 1209 1450 Vale

51 1495 228 1564 inchristo.
515 1587 727 1598 -

52 1707 100 1778 ti.
122 1711 238 1778 Mltos
253 1711 469 1797 Lcobppthom
491 1723 604 1792 mona,
628 1731 668 1775 oe
691 1712 730 1776 dc
751 1733 809 1776 suo
833 1733 909 1798 erpa
933 1733 1001 1777 cam
1018 1715 1135 1799 pietate
1149 1715 1208 1778 du-

124 1828 206 1894 bitet.
257 1825 329 1909 Quo
358 1849 392 1893 re
419 1829 576 1912 indipcut,
609 1849 671 1914 per
703 1823 919 1895 Gusdwisom
946 1829 1122 1914 sipepicare'
1149 1829 1212 1894 sios·

121 1943 215 2008 sulci.
797 1941 833 2023 (S
849 1943 903 2028 46,
927 1940 967 2009 W
985 1941 1085 2027 1021),
1109 1939 1138 2009 G
1153 1943 1209 2023 92)

121 2075 234 2142 Sorori
260 2075 294 2142 in
322 2073 448 2142 Christo
479 2073 663 2142 carissimae
686 2071 906 2163 Leobgythae¹
927 2073 1038 2142 Lullus
1066 2076 1378 2160 eximendae-aee

46 2209 140 2258 seruos
164 2199 274 2258 autem
297 2191 405 2257 domni
420 2189 577 2258 Bonilacii
599 2191 837 2278 discipulorum,
860 2192 894 2257 in
909 2190 1046 2259 Domino
1064 2192 1207 2259 salntem.

119 2307 192 2374 Non
216 2309 424 2374 inmemorem
448 2313 522 2374 tuae
545 2307 726 2392 sagacitatis
753 2307 942 2375 industriam
973 2309 1084 2376 estimo
1113 2329 1210 2375 euan-

44 2421 149 2506 gelicae
173 2423 364 2506 sententiae,
387 2443 450 2508 qua
473 2423 602 2489 dicitur:
627 2425 723 2490 Beati
733 2449 891 2511 pauperes
907 2428 1033 2514 spirite,
1059 2430 1210 2514 possiam

46 2541 173 2626 psoram
198 2554 247 2608 ese
268 2563 398 2628 ceperum
422 2533 606 2605 cacloram¹.
643 2537 700 2605 llla
720 2545 891 2627 paupertas
907 2542 1065 2628 patienter
1079 2541 1211 2609 ferenda

44 2661 90 2740 esi,
111 2657 225 2723 eodem
251 2655 444 2740 euangelista
467 2659 613 2739 testante,
638 2656 691 2741 qui
708 2656 767 2722 ait:
792 2657 833 2722 In
844 2661 1001 2744 pumentia
1017 2672 1118 2723 oestro
1129 2682 1208 2746 pos·

42 2774 169 2841 adelisa
186 2778 315 2840 animas
330 2767 476 2838 cessas&
512 2770 592 2837 lllnd
608 2767 802 2838 Daviticum'
816 2767 827 2800 ⁸
843 2771 935 2838 corde
950 2771 1119 2857 retinere,
1135 2774 1210 2858 quia

43 2889 203 2956 secundum
228 2888 464 2954 multitudinem
487 2887 631 2953 dolorum
653 2892 780 2953 tuorum
810 2888 1038 2955 consolationes
1061 2887 1122 2955 Dei
1143 2887 1209 2955 loe·

41 3001 245 3072 dicaverunt'
269 3005 407 3070 animam
436 3009 533 3068 tuam.
572 3001 638 3068 Nec
660 3003 745 3072 enim
769 3005 962 3090 contemptui
986 3005 1036 3071 vel
1058 3004 1209 3071 oblivioni

42 3123 114 3187 mam
144 3123 306 3188 sinceram
340 3119 374 3186 in
402 3117 539 3185 Domino
570 3119 810 3201 germanitatem
840 3120 1005 3186 deditamm
1034 3120 1208 3205 arbitreris,

42 3238 172 3318 quamvis
203 3257 264 3324 per
291 3235 449 3302 indutias¹¹
472 3239 650 3321 temporum
682 3234 838 3322 corporali
862 3237 1041 3322 praesentia
1064 3257 1208 3303 secema-

41 3369 106 3419 mur.
153 3351 271 3438 Neque
299 3351 333 3417 in
361 3351 424 3416 tuis
451 3351 692 3418 necessitatibus
720 3351 839 3417 fessum
862 3371 913 3418 me
937 3373 1005 3419 esse
1027 3351 1091 3418 ullo
1114 3352 1208 3419 modo

42 3473 210 3550 autumes⁰;
238 3467 294 3534 sed
315 3471 438 3533 tantum
462 3466 653 3534 diabolicae'
675 3467 796 3533 fraudis
813 3467 930 3535 astutia
945 3474 1208 3555 praeoccupatum

41 3591 119 3668 atque
148 3584 392 3652 ministrorum*
420 3583 486 3650 eiua
516 3583 649 3650 subdola
676 3583 883 3649 insectatione
911 3584 1080 3669 fatigatum
1115 3585 1207 3669 scias,

98 3741 117 3773 a
140 3746 171 3774 a:
191 3731 222 3774 M
240 3725 398 3782 roes-mo,
422 3727 516 3779 Cttn,
542 3725 565 3772 V
579 3725 615 3771 19.
644 3727 750 3772 lamma:
771 3724 826 3770 ltem
846 3725 944 3785 epistola
963 3725 1074 3773 Boniiaeii
1095 3727 1207 3787 archiepi-

41 3807 92 3864 sapi
107 3807 187 3855 HCV.
271 3805 294 3850 b.
316 3807 411 3851 corais
432 3805 547 3864 praesenti
565 3807 590 3852 C.
670 3819 689 3851 e.
710 3803 817 3850 Athslero
835 3807 861 3852 C.
939 3805 962 3852 d.
985 3803 1105 3853 Alhslsres
1122 3806 1157 3853 illi
1173 3811 1207 3854 Μ.

41 3895 176 3944 operam
195 3888 226 3933 C·
292 3884 310 3931 i.
331 3883 437 3944 disponffi
455 3887 510 3932 MC.
577 3897 598 3942 ς.
619 3884 728 3943 disponet
743 3885 801 3937 ΜΡ,
818 3875 925 3944 disponet
942 3889 968 3933 C.
1037 3885 1060 3932 ir.
1082 3904 1110 3932 ss
1128 3887 1208 3935 0109

43 3967 131 4019 -ioem
155 3967 182 4013 V
196 3967 259 4012 ὅθεν.
291 3966 423 4011 mmsis:
447 3963 551 4024 Epistola
572 3963 613 4010 iul
638 3963 666 4010 ad
688 3963 825 4022 Leobgidam
847 3967 878 4021 C,·
902 3963 957 4012 item
981 3965 1080 4026 epistola
1099 3965 1158 4013 Lnlil
1180 3967 1207 4012 V.

41 4041 162 4092 tllsuitici
183 4058 242 4092 cum
260 4043 288 4092 V.
350 4043 373 4089 k.
393 4045 427 4089 asc
445 4044 514 4090 codd.
577 4043 591 4090 l.
609 4043 767 4090 testificaverint
784 4046 809 4090 C·
873 4058 902 4090 m.
923 4045 1022 4092 debitam
1040 4049 1066 4093 C.
1124 4059 1146 4092 n.
1167 4059 1208 4105 par

39 4120 160 4172 Men
180 4125 211 4172 V.
294 4137 315 4170 ο.
337 4126 442 4170 summus
460 4124 487 4170 V.
565 4137 587 4184 p.
609 4123 735 4170 diabolicos
753 4123 781 4170 V.
859 4137 882 4184 q.
903 4125 1056 4172 ministrarum
1073 4126 1101 4174 V.

99 4223 122 4274 1.
146 4238 170 4275 s.
190 4218 314 4287 Liobae,
338 4223 436 4288 postea
457 4217 613 4274 abbatissae
631 4219 903 4288 Biscopesheimensi.
993 4221 1018 4275 2.
1043 4220 1109 4276 Luc.
1124 4221 1149 4289 6,
1161 4221 1205 4274 20.

40 4305 60 4360 3.
79 4309 201 4380 Lucil,
217 4309 263 4364 19.
347 4309 373 4362 4.
398 4309 442 4362 Ps.
456 4309 498 4377 93,
514 4309 559 4363 19:
581 4307 758 4378 „Secundum
777 4307 979 4362 multitudinem
998 4307 1121 4363 dolorum
1133 4322 1206 4362 meo-

41 4408 89 4450 rum
104 4399 131 4452 in
149 4399 241 4454 corde
259 4412 320 4453 meo
339 4397 539 4454 consolationes
557 4402 622 4452 tuae
639 4395 858 4452 laetificaverunt
874 4397 992 4452 ammam
1011 4395 1131 4452 meam“.
