3176 4846
319 271 386 338 880
728 291 809 340 vm
831 293 1025 342 numus
1044 293 1072 342 n

232 436 300 490 1128
474 429 543 498 linc
562 431 660 516 igitur
681 439 788 520 peste,
811 435 944 504 [rutrum
967 434 1082 502 celebri
1103 455 1200 521 grege
1220 437 1303 505 fecte

376 562 406 612 ec
429 546 590 614 claustrali
611 550 696 632 iure,
718 547 853 636 prelatio
875 548 1110 636 preponiturne¹

428 659 540 730 cessit¹
560 664 745 732 Adelberte:
768 665 878 732 Olenus
901 665 989 733 sedet
1010 666 1119 733 ordine
1139 671 1241 751 certe;

428 779 530 866 primo
552 781 708 846 meierum
730 781 822 846 levor
840 781 924 850 hunc
945 782 1037 867 legit,
1060 781 1134 850 inde
1155 785 1322 869 mineum,

427 915 560 980 cumque
581 895 651 983 puri
673 901 745 963 roto
767 915 827 984 per
849 903 898 964 est
918 897 1008 965 iuver
1028 899 1064 966 in
1085 919 1180 983 grege
1200 905 1266 967 tute

427 1017 460 1078 et
481 1031 540 1098 pur
561 1031 730 1080 consensus
752 1012 803 1080 rel
824 1033 885 1099 per
906 1015 1073 1082 cencerdiu
1095 1033 1215 1084 sensns.

376 1145 407 1194 so
428 1126 503 1212 Qui,
527 1128 573 1194 sic
594 1128 727 1212 electus,
750 1129 872 1196 studuit
891 1130 987 1196 iudex
1009 1130 1077 1196 fere
1099 1135 1213 1216 rectus,

425 1261 488 1308 neu
510 1243 616 1331 tepide
638 1261 781 1330 queeque
803 1246 989 1333 dispensans
1010 1243 1161 1314 iratribus
1184 1265 1272 1332 eque.

469 1357 546 1444 Qui,
567 1360 805 1428 fundamentum
826 1380 947 1448 ponens
970 1362 1073 1430 uerbis
1095 1364 1284 1449 sapientum,

425 1475 517 1542 dictis
539 1475 702 1544 docturum
723 1475 992 1565 superedificundo
1014 1479 1166 1564 priorum,

426 1589 580 1660 Sexcniee
602 1598 709 1678 pur-tes
732 1593 826 1677 adiit,
849 1593 933 1678 qued
954 1593 1091 1661 disceret
1112 1599 1209 1678 arten
1230 1629 1271 1642 -

371 1725 401 1772 es
468 1707 546 1775 urbe
566 1707 644 1775 licet
661 1708 766 1795 petris
786 1709 906 1776 luceret
927 1708 1127 1798 philosophie

424 1842 462 1890 ue
483 1824 569 1891 scole
588 1823 729 1910 floreret,
752 1843 815 1910 que
835 1823 957 1892 doctor
979 1845 1048 1893 esse
1071 1827 1199 1912 valeret

424 1939 452 2005 si
474 1959 538 2005 nun
560 1957 636 2006 eura
657 1938 744 2006 chori
765 1941 848 2007 feret
869 1942 941 2010 huie
961 1941 1065 2008 invisa
1085 1941 1187 2011 labori

422 2075 481 2123 nec
501 2055 588 2140 rigor
609 2055 761 2124 ecclesius
782 2055 873 2124 duret
893 2057 1120 2144 impedimenta
1141 2057 1286 2144 sophim

422 2192 497 2240 nem
518 2171 697 2259 psalmodia
718 2173 914 2240 disconvenit
936 2179 1031 2260 etque
1053 2173 1173 2261 sophie

372 2306 402 2353 rc
424 2287 516 2372 Quis,
538 2305 665 2374 precer,
688 2294 757 2356 erte
779 2289 849 2376 peri
870 2291 989 2376 peterit
1009 2288 1096 2356 locus
1117 2288 1274 2372 irrudieri,

422 2423 515 2490 quum
539 2401 657 2470 Romae
678 2404 792 2472 similis
813 2403 992 2492 Mcguntiu,
1015 2411 1117 2474 meter
1137 2405 1265 2472 herilis?

420 2519 481 2588 Hic
503 2519 641 2587 studium
664 2522 785 2588 crescit
820 2519 880 2588 Hic
901 2521 1100 2608 philosophie
1120 2522 1248 2588 virescit

422 2653 481 2703 nec
502 2635 579 2703 sinit
599 2635 669 2703 hic·
691 2635 784 2724 plene
799 2637 948 2705 'consumi
970 2643 1095 2724 tempus
1116 2635 1220 2721 inune,

421 2749 508 2820 utilis
531 2751 702 2838 indigenis,
726 2758 775 2820 set
795 2752 959 2820 commoda
981 2753 1051 2840 plus
1075 2751 1200 2835 alienis3

370 2887 400 2933 re
421 2887 496 2935 num
517 2871 608 2934 iuxta
628 2887 750 2935 morem
772 2867 948 2956 predictum
970 2870 1037 2936 sive
1058 2873 1200 2936 tenorem

420 3004 483 3052 uon
504 2984 589 3052 velet
608 2983 758 3069 indigens
778 2983 865 3052 reici
887 2983 1050 3052 dulcedine
1073 2985 1176 3072 plenu,

421 3100 472 3166 hic
493 3099 634 3168 invitetis
658 3121 752 3187 quum
775 3099 829 3167 dat
851 3101 1007 3188 sepientis
1029 3101 1143 3186 gretie3

421 3235 516 3303 quus,
540 3235 681 3283 sunnon
705 3234 799 3302 perce
821 3217 904 3283 bone
926 3215 1019 3301 dens,
1042 3217 1131 3284 sedet
1151 3217 1239 3284 urbis
1259 3217 1294 3283 in
1316 3235 1399 3300 aree,

422 3335 572 3400 convocet
594 3337 626 3399 et
648 3337 772 3416 gentes,
795 3331 881 3399 refici
903 3353 962 3420 per
983 3333 1097 3417 dogma
1117 3333 1266 3401 uolentes.

369 3467 399 3514 ee
465 3447 533 3515 Huc
554 3447 650 3532 igitur
671 3453 764 3536 pactu
786 3467 849 3516 nun
873 3449 1025 3534 segniter,
1050 3449 1141 3516 exule
1162 3449 1245 3517 lecte

419 3564 479 3630 hoc
501 3564 713 3649 adolescente,
737 3585 787 3631 res
809 3563 921 3649 dignus
944 3566 1024 3632 scire
1045 3565 1178 3650 volente,

419 3679 641 3748 Hildeneehem
663 3681 796 3768 petitur,
819 3680 906 3749 scole
927 3681 1041 3749 nobilis
1063 3681 1150 3749 urbis
1173 3680 1280 3748 initur.

418 3797 501 3866 Hinc
521 3798 602 3886 petit
624 3796 804 3883 ecclesium,
827 3798 962 3885 supplex
983 3797 1102 3865 orande
1124 3795 1267 3882 Marium,

418 3913 561 3982 iusticiue
584 3913 683 3981 selem
706 3934 785 4000 quae
806 3913 939 4003 pretulit
959 3915 1079 3982 innuba
1099 3913 1231 4003 prolem.

379 4125 400 4159 ι.
420 4113 455 4160 etc
471 4115 567 4158 currat
581 4127 661 4160 ιαιυο
677 4111 941 4162 aliuruw.111.·hec.

379 4219 404 4271 1.
427 4213 456 4271 S.
469 4215 571 4271 Murice
588 4213 778 4272 Erierdiensis.
852 4217 878 4272 2.
902 4231 973 4272 enno
993 4217 1070 4272 1128.
1098 4215 1132 4272 V.
1151 4213 1272 4271 Annales
1289 4211 1317 4270 S.
1329 4211 1404 4268 Petri
1425 4211 1477 4268 Er·

307 4301 377 4364 ford
390 4305 460 4362 1128
477 4307 507 4358 et
525 4305 594 4362 1138
613 4304 694 4372 (nou.
711 4303 802 4362 Germ.
821 4303 1007 4371 88111118)
1026 4309 1055 4360 et
1070 4303 1239 4362 Adultertil
1255 4301 1370 4372 uetieu
1389 4301 1477 4360 tebu-

308 4393 362 4448 lsm
380 4407 425 4464 up.
444 4390 642 4464 sumptiose
659 4392 820 4464 linguntine
836 4410 864 4464 p.
878 4395 920 4450 15.
