3164 4842
265 303 331 368 482
672 319 788 368 PASSIO
812 319 837 368 s.
855 319 1030 367 nonunru

265 456 456 544 Willigisus¹
479 465 584 528 autem
606 460 697 528 beate
719 461 871 526 memorie
893 465 999 545 pater,
1022 456 1180 526 mediante
1203 457 1330 524 domino
1352 457 1434 523 Bur·

265 577 380 643 chardo
403 577 575 642 camerario
598 576 685 644 urbis
709 581 741 643 et
760 577 920 663 preposito
938 575 1045 642 Sancti
1060 575 1205 656 Victoris,
1230 593 1433 660 suppremam

266 694 367 760 eidem
391 693 534 777 ecclesie,
559 692 666 758 divina
688 692 790 775 gratia
813 691 1014 777 inspirante·,
1037 690 1188 777 imposuit
1210 711 1354 773 manum3
1378 710 1434 756 no·

266 829 339 875 vum
364 815 395 875 et
418 810 577 892 egregium
600 809 644 874 ibi
667 809 860 874 constituens
883 806 1123 889 monasterium,
1154 813 1185 872 et
1207 807 1318 889 viginti
1341 825 1433 872 cano·

157 917 165 934 ⁸
264 924 427 992 nieorum¹¹
451 925 483 990 in
506 923 566 990 Dei
596 925 724 990 servitio
755 925 948 990 constituens
971 922 1116 1008 pervigili
1140 943 1215 988 cura
1238 922 1432 1006 obsequium.

264 1039 404 1125 Eiusque
432 1040 562 1106 ecclesie
585 1039 813 1106 dedicationem
838 1039 877 1104 ob
900 1039 1084 1104 memoriam
1109 1038 1191 1104 beati
1215 1039 1315 1124 patrie
1338 1037 1434 1103 Boni-

264 1157 339 1222 laoii
358 1157 458 1243 ipsius
482 1157 623 1242 passioni
650 1150 872 1238 continuavit',
901 1161 1047 1240 presente
1071 1155 1163 1220 tertio
1187 1153 1309 1220 Othone
1334 1154 1435 1240 impc-

265 1280 379 1339 ratcre.
416 1271 476 1350 Qui
499 1273 620 1358 etipse
644 1293 700 1338 suo
723 1270 832 1358 predio
855 1271 889 1336 in
912 1271 1064 1352 Turingia
1086 1269 1146 1336 sito
1171 1269 1336 1336 ecclesiam
1360 1291 1435 1336 esn-

266 1388 354 1470 dem,
382 1388 440 1454 suh
469 1389 676 1474 impressione
699 1385 889 1473 cyrographi
912 1386 1033 1452 dotem⁰
1058 1385 1261 1469 confirmans,
1287 1381 1434 1467 ditavit⁸3

265 1509 417 1588 regnante
440 1504 566 1570 domino
590 1510 697 1569 nostro
721 1503 791 1570 Iesu
814 1503 949 1583 Christo,
975 1503 1029 1587 qui
1052 1521 1123 1568 cnm
1146 1502 1240 1568 Patre
1264 1508 1296 1568 et
1313 1501 1436 1587 Spiritu

266 1627 373 1687 sancto
398 1621 477 1688 vivit
500 1627 532 1686 et
553 1625 665 1703 regnat
686 1620 763 1686 deus
786 1640 844 1705 per
863 1619 969 1684 omnia
984 1618 1089 1685 secula
1104 1617 1289 1684 seculorum.
1320 1619 1434 1684 Amen.

354 1736 538 1824 Explicit
566 1737 696 1823 passio
726 1735 853 1802 sancti
875 1733 1076 1802 Bonifacii
1104 1734 1284 1820 episcopi
1314 1739 1353 1800 ct

725 1851 975 1920 confessoris.

455 2258 521 2334 EX
550 2257 763 2392 cTHLcNJ
789 2257 903 2336 VITA
932 2259 967 2335 S.
990 2256 1245 2334 BONIFATll.

354 2426 562 2494 Petitionibus
585 2427 709 2510 vestris,
732 2428 846 2494 fratres
862 2427 1045 2510 Fuldenses,
1069 2432 1164 2512 prout
1184 2427 1333 2494 scientiae
1348 2447 1438 2492 meae

265 2545 406 2629 parvitas
428 2545 582 2629 permisit,
606 2565 718 2630 parere
742 2544 857 2610 studui.
893 2543 1020 2610 Petistis
1045 2545 1140 2626 enim,
1163 2552 1199 2608 ut
1218 2543 1320 2610 sancti
1335 2543 1438 2628 patris

265 2660 366 2726 nostri
387 2659 542 2726 Bonifacii
563 2661 672 2743 vitam,
694 2695 735 2704 —-
755 2660 923 2746 praecipuo
948 2659 1072 2744 quidem
1097 2659 1304 2744 elegantique,
1328 2664 1440 2745 utpote

266 2777 367 2842 sancti
389 2771 589 2860 Williboldi‘,
618 2776 690 2842 stilo
714 2777 887 2859 antiquitus
912 2775 1044 2858 editam,
1075 2774 1186 2842 sedin
1209 2775 1285 2842 locis
1309 2775 1439 2859 quibus-

266 2893 338 2960 dam
362 2894 408 2959 ita
429 2892 554 2960 infirmo
578 2891 751 2958 intellectui
774 2893 950 2975 obscuram,
973 2899 1009 2956 ut
1024 2890 1151 2958 difficile
1167 2896 1275 2976 pateat
1290 2911 1351 2976 quo
1368 2911 1439 2956 ora·

265 3009 310 3074 tio
346 3009 455 3074 tendat
478 3043 519 3052 —-
543 3007 624 3074 hanc
658 3028 715 3090 ego
744 3008 901 3074 sententia
929 3007 1079 3094 apertiori
1106 3027 1290 3073 reserarem.
1336 3005 1439 3084 Quam

265 3125 415 3190 nimirum
438 3125 626 3211 peticionem
649 3123 683 3190 in
707 3124 818 3210 primis
838 3159 879 3170 -
900 3125 1032 3190 miratus
1055 3143 1119 3206 cur,
1145 3129 1192 3188 tot
1213 3123 1357 3208 patribus
1381 3142 1437 3208 pe-

267 3240 337 3306 ritis
359 3245 426 3306 tam
447 3241 530 3308 inter
553 3261 608 3306 vos
633 3260 727 3324 quam
750 3239 991 3324 circumquaque
1015 3239 1279 3306 commorantibus
1302 3239 1363 3304 huc
1386 3259 1438 3304 cs·

269 3377 328 3440 que
350 3355 479 3439 relictis,
502 3357 578 3420 mihi
602 3356 748 3442 imperito
773 3363 804 3420 et
823 3355 962 3422 liberalis
978 3356 1127 3422 scientiae
1144 3354 1311 3420 admodum
1326 3355 1438 3436 maro

268 3477 334 3536 tam
351 3470 483 3536 arduum
499 3491 578 3557 opus
592 3471 756 3556 iniungere
771 3472 821 3538 vel
836 3472 1087 3554 excogitaveritis
1104 3507 1145 3516 —
1163 3491 1220 3558 pro
1236 3469 1334 3536 nihilo
1350 3471 1437 3536 duxi.

269 3587 400 3671 Deinde,
424 3606 494 3652 cum
511 3587 639 3673 quidam
655 3608 694 3654 ex
710 3587 797 3654 vobis
814 3587 892 3653 milri
907 3588 1048 3672 sesemet,
1068 3589 1132 3654 iam
1148 3593 1241 3654 antea
1255 3607 1313 3672 pro
1329 3588 1438 3654 eodem

202 3765 209 3776 ,
269 3722 364 3789 opere
391 3702 568 3769 laboratum
595 3703 692 3770 fuisse
720 3705 803 3789 apud
831 3711 974 3770 sanctum
998 3700 1149 3770 Leonem⁶
1173 3722 1305 3790 papam,
1335 3704 1383 3770 ita
1405 3709 1440 3770 ut

269 3819 435 3885 nonnullos
458 3819 566 3901 libros,
590 3821 673 3885 unde
696 3820 818 3906 plenius
836 3820 876 3886 ad
892 3821 950 3885 hoc
965 3819 1183 3902 instrueretur,
1206 3818 1304 3886 abbas
1318 3819 1439 3902 Egber·

270 3931 337 4000 tus⁶
361 3937 609 4022 scriptoremque
632 3935 726 4002 simul
749 3937 778 4002 ei
800 3936 933 4002 Romam
955 3937 1197 4020 transmisisset,
1220 3937 1307 4023 ipsos
1330 3935 1438 4019 libros,

342 4145 362 4178 a.
383 4131 515 4191 imepirantc
531 4149 551 4177 c.
629 4131 651 4178 h.
673 4133 799 4177 canicorum
817 4149 836 4177 c.
913 4145 934 4178 c.
955 4131 1009 4178 dote
1025 4151 1045 4177 c.

342 4237 366 4290 l.
394 4235 565 4290 ara-1011.
689 4237 715 4290 2.
743 4235 882 4290 dedicarit
907 4235 990 4304 igitur
1018 4235 1161 4290 ecclesiam
1188 4234 1274 4290 diod
1302 4251 1338 4290 m.
1359 4235 1437 4290 lunii.

271 4325 297 4377 3.
321 4323 366 4377 die
385 4325 417 4377 17
436 4323 497 4378 Iulii
514 4324 575 4378 997.
603 4324 637 4379 V.
657 4323 776 4394 diploma
798 4341 841 4395 ap.
861 4324 960 4380 Guden
983 4325 1049 4382 eod.
1068 4325 1133 4394 dipl.
1146 4324 1186 4380 IV
1203 4325 1265 4380 842.
1354 4325 1382 4382 4.
1405 4324 1437 4380 V.

272 4425 355 4480 supra
371 4427 398 4479 p.
411 4412 464 4466 422
482 4429 509 4466 n.
522 4413 547 4465 3.
636 4413 661 4467 5.
685 4413 942 4482 1x‚1048-1054.
1027 4415 1053 4470 6.
1076 4413 1229 4485 Fuldcnsis,
1248 4415 1437 4470 rote—1058.
