<?xml version="1.0" encoding="UTF-8"?>
<!DOCTYPE html PUBLIC "-//W3C//DTD XHTML 1.0 Transitional//EN"
    "http://www.w3.org/TR/xhtml1/DTD/xhtml1-transitional.dtd">
<html xmlns="http://www.w3.org/1999/xhtml" xml:lang="en" lang="en">
 <head>
  <title>
</title>
<meta http-equiv="Content-Type" content="text/html;charset=utf-8" />
  <meta name='ocr-system' content='tesseract 3.04.00' />
  <meta name='ocr-capabilities' content='ocr_page ocr_carea ocr_par ocr_line ocrx_word'/>
</head>
<body>
  <div class='ocr_page' id='page_1' title='image "./bibliothecareru03jaffgoog_0150.png"; bbox 0 0 3090 4848; ppageno 0'>
   <div class='ocr_carea' id='block_1_1' title="bbox 290 243 1209 310">
    <p class='ocr_par' dir='ltr' id='par_1_1' title="bbox 290 243 1209 310">
     <span class='ocr_line' id='line_1_1' title="bbox 290 243 1209 310; baseline 0.002 -2"><span class='ocrx_word' id='word_1_1' title='bbox 290 243 354 308; x_wconf 85' lang='lat'>130</span> <span class='ocrx_word' id='word_1_2' title='bbox 536 259 562 308; x_wconf 90' lang='lat' dir='ltr'>s.</span> <span class='ocrx_word' id='word_1_3' title='bbox 581 259 757 308; x_wconf 73' lang='lat' dir='ltr'>eosmssn</span> <span class='ocrx_word' id='word_1_4' title='bbox 780 262 822 308; x_wconf 81' lang='lat' dir='ltr'>ss</span> <span class='ocrx_word' id='word_1_5' title='bbox 845 263 947 309; x_wconf 80' lang='lat' dir='ltr'>annm</span> <span class='ocrx_word' id='word_1_6' title='bbox 969 263 1156 310; x_wconf 76' lang='lat' dir='ltr'>srrsronsn</span> <span class='ocrx_word' id='word_1_7' title='bbox 1179 263 1209 310; x_wconf 75' lang='lat' dir='ltr'>es</span> 
     </span>
    </p>
   </div>
   <div class='ocr_carea' id='block_1_2' title="bbox 127 401 1531 3271">
    <p class='ocr_par' dir='ltr' id='par_1_2' title="bbox 127 401 1457 723">
     <span class='ocr_line' id='line_1_2' title="bbox 127 401 1455 490; baseline 0.004 -27"><span class='ocrx_word' id='word_1_8' title='bbox 127 407 268 463; x_wconf 84' lang='grc'>743-744</span> <span class='ocrx_word' id='word_1_9' title='bbox 287 402 427 468; x_wconf 88' lang='lat' dir='ltr'>nesteria</span> <span class='ocrx_word' id='word_1_10' title='bbox 449 405 522 468; x_wconf 82' lang='lat' dir='ltr'>ante</span> <span class='ocrx_word' id='word_1_11' title='bbox 544 405 686 468; x_wconf 77' lang='lat' dir='ltr'>tencmes</span> <span class='ocrx_word' id='word_1_12' title='bbox 710 402 1001 488; x_wconf 76' lang='lat' dir='ltr'>coinquinaverunt,</span> <span class='ocrx_word' id='word_1_13' title='bbox 1025 403 1236 490; x_wconf 85' lang='lat' dir='ltr'>praecipimus</span> <span class='ocrx_word' id='word_1_14' title='bbox 1258 404 1332 469; x_wconf 93' lang='lat' dir='ltr'>inde</span> <span class='ocrx_word' id='word_1_15' title='bbox 1347 401 1455 469; x_wconf 89' lang='lat' dir='ltr'>tollere</span> 
     </span>
     <span class='ocr_line' id='line_1_3' title="bbox 152 480 1456 604; baseline 0 -20"><span class='ocrx_word' id='word_1_16' title='bbox 152 480 239 528; x_wconf 56' lang='lat' dir='ltr'>Hm</span> <span class='ocrx_word' id='word_1_17' title='bbox 288 523 320 584; x_wconf 91' lang='lat' dir='ltr'>et</span> <span class='ocrx_word' id='word_1_18' title='bbox 350 518 389 584; x_wconf 91' lang='lat' dir='ltr'>ed</span> <span class='ocrx_word' id='word_1_19' title='bbox 412 518 642 604; x_wconf 84' lang='lat' dir='ltr'>peonitentiam</span> <span class='ocrx_word' id='word_1_20' title='bbox 664 518 821 602; x_wconf 81' lang='lat' dir='ltr'>redigere3</span> <span class='ocrx_word' id='word_1_21' title='bbox 851 524 883 585; x_wconf 93' lang='lat' dir='ltr'>et</span> <span class='ocrx_word' id='word_1_22' title='bbox 911 519 938 584; x_wconf 93' lang='lat' dir='ltr'>si</span> <span class='ocrx_word' id='word_1_23' title='bbox 965 525 1038 604; x_wconf 88' lang='lat' dir='ltr'>post</span> <span class='ocrx_word' id='word_1_24' title='bbox 1060 518 1140 585; x_wconf 89' lang='lat' dir='ltr'>hanc</span> <span class='ocrx_word' id='word_1_25' title='bbox 1164 518 1402 586; x_wconf 84' lang='lat' dir='ltr'>diffinitionem·</span> <span class='ocrx_word' id='word_1_26' title='bbox 1424 519 1456 584; x_wconf 90' lang='lat' dir='ltr'>in</span> 
     </span>
     <span class='ocr_line' id='line_1_4' title="bbox 286 633 1457 723; baseline 0.001 -24"><span class='ocrx_word' id='word_1_27' title='bbox 286 634 405 700; x_wconf 80' lang='lat' dir='ltr'>crimen</span> <span class='ocrx_word' id='word_1_28' title='bbox 427 633 643 700; x_wconf 76' lang='lat' dir='ltr'>seminationis</span> <span class='ocrx_word' id='word_1_29' title='bbox 666 635 716 701; x_wconf 87' lang='lat' dir='ltr'>vel</span> <span class='ocrx_word' id='word_1_30' title='bbox 740 634 887 702; x_wconf 84' lang='lat' dir='ltr'>adulterii</span> <span class='ocrx_word' id='word_1_31' title='bbox 909 633 1095 718; x_wconf 80' lang='lat' dir='ltr'>ceciderint,</span> <span class='ocrx_word' id='word_1_32' title='bbox 1118 635 1233 721; x_wconf 84' lang='lat' dir='ltr'>prioris</span> <span class='ocrx_word' id='word_1_33' title='bbox 1256 634 1387 723; x_wconf 78' lang='lat' dir='ltr'>synodib</span> <span class='ocrx_word' id='word_1_34' title='bbox 1410 636 1457 700; x_wconf 91' lang='lat' dir='ltr'>iu·</span> 
     </span>
    </p>

    <p class='ocr_par' dir='ltr' id='par_1_3' title="bbox 286 749 1244 819">
     <span class='ocr_line' id='line_1_5' title="bbox 286 749 1244 819; baseline 0.004 -5"><span class='ocrx_word' id='word_1_35' title='bbox 286 749 403 816; x_wconf 92' lang='lat' dir='ltr'>dicium</span> <span class='ocrx_word' id='word_1_36' title='bbox 427 752 612 818; x_wconf 87' lang='lat' dir='ltr'>sustineant</span> <span class='ocrx_word' id='word_1_37' title='bbox 660 751 812 819; x_wconf 79' lang='lat' dir='ltr'>Similiter</span> <span class='ocrx_word' id='word_1_38' title='bbox 835 756 868 816; x_wconf 87' lang='lat' dir='ltr'>et</span> <span class='ocrx_word' id='word_1_39' title='bbox 890 750 1036 818; x_wconf 89' lang='lat' dir='ltr'>monaehi</span> <span class='ocrx_word' id='word_1_40' title='bbox 1058 757 1090 816; x_wconf 88' lang='lat' dir='ltr'>ct</span> <span class='ocrx_word' id='word_1_41' title='bbox 1112 771 1244 818; x_wconf 86' lang='lat' dir='ltr'>nonnae.</span> 
     </span>
    </p>

    <p class='ocr_par' dir='ltr' id='par_1_4' title="bbox 286 865 1531 2460">
     <span class='ocr_line' id='line_1_6' title="bbox 376 865 1459 953; baseline 0.001 -22"><span class='ocrx_word' id='word_1_42' title='bbox 376 865 551 934; x_wconf 87' lang='lat' dir='ltr'>Statuimus</span> <span class='ocrx_word' id='word_1_43' title='bbox 585 889 708 953; x_wconf 89' lang='lat' dir='ltr'>quoque</span> <span class='ocrx_word' id='word_1_44' title='bbox 744 888 815 934; x_wconf 93' lang='lat' dir='ltr'>cum</span> <span class='ocrx_word' id='word_1_45' title='bbox 845 866 975 934; x_wconf 90' lang='lat' dir='ltr'>consilio</span> <span class='ocrx_word' id='word_1_46' title='bbox 1005 887 1168 933; x_wconf 85' lang='lat' dir='ltr'>servorum</span> <span class='ocrx_word' id='word_1_47' title='bbox 1197 867 1258 934; x_wconf 84' lang='lat' dir='ltr'>Dei</span> <span class='ocrx_word' id='word_1_48' title='bbox 1286 873 1318 934; x_wconf 89' lang='lat' dir='ltr'>et</span> <span class='ocrx_word' id='word_1_49' title='bbox 1348 866 1459 953; x_wconf 91' lang='lat' dir='ltr'>populi</span> 
     </span>
     <span class='ocr_line' id='line_1_7' title="bbox 286 981 1459 1070; baseline 0.003 -25"><span class='ocrx_word' id='word_1_50' title='bbox 286 981 451 1048; x_wconf 88' lang='lat' dir='ltr'>christiani</span> <span class='ocrx_word' id='word_1_51' title='bbox 477 988 608 1069; x_wconf 89' lang='lat' dir='ltr'>propter</span> <span class='ocrx_word' id='word_1_52' title='bbox 637 983 823 1050; x_wconf 83' lang='lat' dir='ltr'>inminentia</span> <span class='ocrx_word' id='word_1_53' title='bbox 853 982 934 1050; x_wconf 89' lang='lat' dir='ltr'>bella</span> <span class='ocrx_word' id='word_1_54' title='bbox 962 988 993 1049; x_wconf 87' lang='lat' dir='ltr'>et</span> <span class='ocrx_word' id='word_1_55' title='bbox 1018 983 1253 1070; x_wconf 87' lang='lat' dir='ltr'>persecutiones</span> <span class='ocrx_word' id='word_1_56' title='bbox 1282 989 1459 1050; x_wconf 84' lang='lat' dir='ltr'>ceterarum</span> 
     </span>
     <span class='ocr_line' id='line_1_8' title="bbox 286 1098 1460 1186; baseline 0.001 -24"><span class='ocrx_word' id='word_1_57' title='bbox 286 1098 438 1180; x_wconf 81' lang='lat' dir='ltr'>gentium,</span> <span class='ocrx_word' id='word_1_58' title='bbox 462 1119 542 1184; x_wconf 90' lang='lat' dir='ltr'>quae</span> <span class='ocrx_word' id='word_1_59' title='bbox 565 1098 599 1164; x_wconf 89' lang='lat' dir='ltr'>in</span> <span class='ocrx_word' id='word_1_60' title='bbox 621 1099 755 1166; x_wconf 90' lang='lat' dir='ltr'>circuitu</span> <span class='ocrx_word' id='word_1_61' title='bbox 778 1104 886 1165; x_wconf 90' lang='lat' dir='ltr'>nostro</span> <span class='ocrx_word' id='word_1_62' title='bbox 903 1105 990 1166; x_wconf 89' lang='lat' dir='ltr'>sunt:</span> <span class='ocrx_word' id='word_1_63' title='bbox 1015 1105 1051 1166; x_wconf 95' lang='lat' dir='ltr'>ut</span> <span class='ocrx_word' id='word_1_64' title='bbox 1066 1102 1123 1168; x_wconf 92' lang='lat' dir='ltr'>sub</span> <span class='ocrx_word' id='word_1_65' title='bbox 1139 1101 1299 1186; x_wconf 59' lang='lat' dir='ltr'>precario*</span> <span class='ocrx_word' id='word_1_66' title='bbox 1316 1104 1347 1166; x_wconf 94' lang='lat' dir='ltr'>et</span> <span class='ocrx_word' id='word_1_67' title='bbox 1362 1119 1460 1166; x_wconf 89' lang='lat' dir='ltr'>censu</span> 
     </span>
     <span class='ocr_line' id='line_1_9' title="bbox 287 1213 1474 1300; baseline 0.001 -21"><span class='ocrx_word' id='word_1_68' title='bbox 287 1213 425 1298; x_wconf 86' lang='lat' dir='ltr'>aliquem</span> <span class='ocrx_word' id='word_1_69' title='bbox 459 1219 582 1300; x_wconf 91' lang='lat' dir='ltr'>partem</span> <span class='ocrx_word' id='word_1_70' title='bbox 617 1215 789 1282; x_wconf 89' lang='lat' dir='ltr'>ecclesialis</span> <span class='ocrx_word' id='word_1_71' title='bbox 824 1215 975 1300; x_wconf 87' lang='lat' dir='ltr'>pecuniae</span> <span class='ocrx_word' id='word_1_72' title='bbox 1009 1217 1042 1281; x_wconf 92' lang='lat' dir='ltr'>in</span> <span class='ocrx_word' id='word_1_73' title='bbox 1076 1217 1266 1283; x_wconf 85' lang='lat' dir='ltr'>adiutorium</span> <span class='ocrx_word' id='word_1_74' title='bbox 1302 1215 1474 1282; x_wconf 80' lang='lat' dir='ltr'>exercitus</span> 
     </span>
     <span class='ocr_line' id='line_1_10' title="bbox 286 1329 1462 1418; baseline 0.002 -24"><span class='ocrx_word' id='word_1_75' title='bbox 286 1329 388 1394; x_wconf 90' lang='lat' dir='ltr'>nostri</span> <span class='ocrx_word' id='word_1_76' title='bbox 415 1349 488 1396; x_wconf 92' lang='lat' dir='ltr'>cum</span> <span class='ocrx_word' id='word_1_77' title='bbox 515 1331 712 1414; x_wconf 79' lang='lat' dir='ltr'>indulgentia</span> <span class='ocrx_word' id='word_1_78' title='bbox 734 1330 794 1398; x_wconf 88' lang='lat' dir='ltr'>Dei</span> <span class='ocrx_word' id='word_1_79' title='bbox 822 1330 983 1416; x_wconf 81' lang='lat' dir='ltr'>eliquanto</span> <span class='ocrx_word' id='word_1_80' title='bbox 1011 1337 1153 1418; x_wconf 89' lang='lat' dir='ltr'>tempore</span> <span class='ocrx_word' id='word_1_81' title='bbox 1181 1333 1392 1412; x_wconf 86' lang='lat' dir='ltr'>retineamus;</span> <span class='ocrx_word' id='word_1_82' title='bbox 1425 1351 1462 1396; x_wconf 88' lang='lat' dir='ltr'>ea</span> 
     </span>
     <span class='ocr_line' id='line_1_11' title="bbox 287 1445 1462 1532; baseline 0.001 -21"><span class='ocrx_word' id='word_1_83' title='bbox 287 1445 481 1529; x_wconf 86' lang='lat' dir='ltr'>conditione,</span> <span class='ocrx_word' id='word_1_84' title='bbox 510 1452 546 1512; x_wconf 93' lang='lat' dir='ltr'>ut</span> <span class='ocrx_word' id='word_1_85' title='bbox 575 1447 665 1512; x_wconf 90' lang='lat' dir='ltr'>annis</span> <span class='ocrx_word' id='word_1_86' title='bbox 688 1446 820 1530; x_wconf 83' lang='lat' dir='ltr'>singulis</span> <span class='ocrx_word' id='word_1_87' title='bbox 844 1446 883 1512; x_wconf 92' lang='lat' dir='ltr'>de</span> <span class='ocrx_word' id='word_1_88' title='bbox 905 1467 1091 1532; x_wconf 89' lang='lat' dir='ltr'>unaquaque</span> <span class='ocrx_word' id='word_1_89' title='bbox 1114 1448 1238 1514; x_wconf 78' lang='lat' dir='ltr'>casatad</span> <span class='ocrx_word' id='word_1_90' title='bbox 1262 1447 1399 1530; x_wconf 86' lang='lat' dir='ltr'>solidus,</span> <span class='ocrx_word' id='word_1_91' title='bbox 1428 1446 1462 1512; x_wconf 94' lang='lat' dir='ltr'>id</span> 
     </span>
     <span class='ocr_line' id='line_1_12' title="bbox 288 1560 1460 1644; baseline 0 -16"><span class='ocrx_word' id='word_1_92' title='bbox 288 1567 336 1628; x_wconf 89' lang='lat' dir='ltr'>eet</span> <span class='ocrx_word' id='word_1_93' title='bbox 360 1561 524 1629; x_wconf 89' lang='lat' dir='ltr'>duodecim</span> <span class='ocrx_word' id='word_1_94' title='bbox 547 1561 686 1644; x_wconf 84' lang='lat' dir='ltr'>denarii,</span> <span class='ocrx_word' id='word_1_95' title='bbox 718 1560 757 1626; x_wconf 91' lang='lat' dir='ltr'>ad</span> <span class='ocrx_word' id='word_1_96' title='bbox 781 1561 944 1628; x_wconf 88' lang='lat' dir='ltr'>ecclesiam</span> <span class='ocrx_word' id='word_1_97' title='bbox 969 1563 1019 1630; x_wconf 91' lang='lat' dir='ltr'>vel</span> <span class='ocrx_word' id='word_1_98' title='bbox 1041 1565 1269 1632; x_wconf 84' lang='lat' dir='ltr'>monesterium</span> <span class='ocrx_word' id='word_1_99' title='bbox 1291 1564 1460 1644; x_wconf 82' lang='lat' dir='ltr'>reddatur3</span> 
     </span>
     <span class='ocr_line' id='line_1_13' title="bbox 288 1675 1462 1764; baseline -0.001 -19"><span class='ocrx_word' id='word_1_100' title='bbox 288 1699 324 1745; x_wconf 91' lang='lat' dir='ltr'>eo</span> <span class='ocrx_word' id='word_1_101' title='bbox 340 1678 444 1762; x_wconf 86' lang='lat' dir='ltr'>medo,</span> <span class='ocrx_word' id='word_1_102' title='bbox 462 1683 507 1762; x_wconf 77' lang='lat' dir='ltr'>ut</span> <span class='ocrx_word' id='word_1_103' title='bbox 525 1678 553 1744; x_wconf 92' lang='lat' dir='ltr'>si</span> <span class='ocrx_word' id='word_1_104' title='bbox 567 1677 722 1744; x_wconf 88' lang='lat' dir='ltr'>moriatur</span> <span class='ocrx_word' id='word_1_105' title='bbox 737 1675 801 1761; x_wconf 83' lang='lat' dir='ltr'>ille,</span> <span class='ocrx_word' id='word_1_106' title='bbox 821 1679 871 1744; x_wconf 90' lang='lat' dir='ltr'>cui</span> <span class='ocrx_word' id='word_1_107' title='bbox 886 1679 1020 1763; x_wconf 86' lang='lat' dir='ltr'>pecunia</span> <span class='ocrx_word' id='word_1_108' title='bbox 1035 1680 1250 1746; x_wconf 80' lang='lat' dir='ltr'>commodete⁰</span> <span class='ocrx_word' id='word_1_109' title='bbox 1264 1681 1336 1764; x_wconf 87' lang='lat' dir='ltr'>fuit,</span> <span class='ocrx_word' id='word_1_110' title='bbox 1360 1679 1462 1746; x_wconf 89' lang='lat' dir='ltr'>eccle-</span> 
     </span>
     <span class='ocr_line' id='line_1_14' title="bbox 288 1793 1464 1881; baseline 0 -20"><span class='ocrx_word' id='word_1_111' title='bbox 288 1794 336 1862; x_wconf 90' lang='lat' dir='ltr'>sia</span> <span class='ocrx_word' id='word_1_112' title='bbox 362 1813 433 1860; x_wconf 90' lang='lat' dir='ltr'>oum</span> <span class='ocrx_word' id='word_1_113' title='bbox 456 1795 586 1881; x_wconf 89' lang='lat' dir='ltr'>propria</span> <span class='ocrx_word' id='word_1_114' title='bbox 607 1793 743 1879; x_wconf 85' lang='lat' dir='ltr'>pecunia</span> <span class='ocrx_word' id='word_1_115' title='bbox 764 1794 929 1860; x_wconf 82' lang='lat' dir='ltr'>revestita&#39;</span> <span class='ocrx_word' id='word_1_116' title='bbox 951 1796 1002 1862; x_wconf 87' lang='lat' dir='ltr'>sit.</span> <span class='ocrx_word' id='word_1_117' title='bbox 1049 1795 1092 1864; x_wconf 89' lang='lat' dir='ltr'>Et</span> <span class='ocrx_word' id='word_1_118' title='bbox 1113 1797 1244 1880; x_wconf 83' lang='lat' dir='ltr'>iterum,</span> <span class='ocrx_word' id='word_1_119' title='bbox 1274 1797 1300 1862; x_wconf 90' lang='lat' dir='ltr'>si</span> <span class='ocrx_word' id='word_1_120' title='bbox 1324 1794 1464 1862; x_wconf 88' lang='lat' dir='ltr'>necessi-</span> 
     </span>
     <span class='ocr_line' id='line_1_15' title="bbox 289 1909 1464 1997; baseline 0.001 -22"><span class='ocrx_word' id='word_1_121' title='bbox 289 1915 339 1975; x_wconf 88' lang='lat' dir='ltr'>tas</span> <span class='ocrx_word' id='word_1_122' title='bbox 363 1915 468 1994; x_wconf 84' lang='lat' dir='ltr'>cogat,</span> <span class='ocrx_word' id='word_1_123' title='bbox 498 1915 535 1976; x_wconf 90' lang='lat' dir='ltr'>ut</span> <span class='ocrx_word' id='word_1_124' title='bbox 556 1910 703 1997; x_wconf 85' lang='lat' dir='ltr'>princeps</span> <span class='ocrx_word' id='word_1_125' title='bbox 727 1909 848 1994; x_wconf 87' lang='lat' dir='ltr'>iubeat,</span> <span class='ocrx_word' id='word_1_126' title='bbox 872 1912 1050 1995; x_wconf 89' lang='lat' dir='ltr'>precarium</span> <span class='ocrx_word' id='word_1_127' title='bbox 1073 1918 1270 1978; x_wconf 78' lang='lat' dir='ltr'>removetur⁸</span> <span class='ocrx_word' id='word_1_128' title='bbox 1293 1916 1325 1978; x_wconf 88' lang='lat' dir='ltr'>ct</span> <span class='ocrx_word' id='word_1_129' title='bbox 1346 1911 1464 1977; x_wconf 87' lang='lat' dir='ltr'>rescri-</span> 
     </span>
     <span class='ocr_line' id='line_1_16' title="bbox 286 2025 1465 2111; baseline -0.001 -19"><span class='ocrx_word' id='word_1_130' title='bbox 286 2025 381 2092; x_wconf 87' lang='lat' dir='ltr'>batur</span> <span class='ocrx_word' id='word_1_131' title='bbox 403 2045 530 2092; x_wconf 89' lang='lat' dir='ltr'>novum.</span> <span class='ocrx_word' id='word_1_132' title='bbox 579 2025 623 2092; x_wconf 91' lang='lat' dir='ltr'>Et</span> <span class='ocrx_word' id='word_1_133' title='bbox 647 2026 774 2092; x_wconf 91' lang='lat' dir='ltr'>omnino</span> <span class='ocrx_word' id='word_1_134' title='bbox 803 2025 1001 2111; x_wconf 85' lang='lat' dir='ltr'>observetur,</span> <span class='ocrx_word' id='word_1_135' title='bbox 1030 2032 1066 2094; x_wconf 89' lang='lat' dir='ltr'>ut</span> <span class='ocrx_word' id='word_1_136' title='bbox 1094 2028 1244 2096; x_wconf 88' lang='lat' dir='ltr'>ecclesiae</span> <span class='ocrx_word' id='word_1_137' title='bbox 1272 2027 1323 2095; x_wconf 87' lang='lat' dir='ltr'>rel</span> <span class='ocrx_word' id='word_1_138' title='bbox 1350 2045 1465 2093; x_wconf 88' lang='lat' dir='ltr'>mone·</span> 
     </span>
     <span class='ocr_line' id='line_1_17' title="bbox 288 2121 1531 2230; baseline -0.002 -20"><span class='ocrx_word' id='word_1_139' title='bbox 288 2143 386 2210; x_wconf 87' lang='lat' dir='ltr'>steria</span> <span class='ocrx_word' id='word_1_140' title='bbox 407 2143 573 2228; x_wconf 85' lang='lat' dir='ltr'>penuriam</span> <span class='ocrx_word' id='word_1_141' title='bbox 598 2146 630 2206; x_wconf 89' lang='lat' dir='ltr'>et</span> <span class='ocrx_word' id='word_1_142' title='bbox 651 2147 872 2228; x_wconf 80' lang='lat' dir='ltr'>paupertatem</span> <span class='ocrx_word' id='word_1_143' title='bbox 893 2163 957 2210; x_wconf 93' lang='lat' dir='ltr'>non</span> <span class='ocrx_word' id='word_1_144' title='bbox 980 2144 1152 2229; x_wconf 87' lang='lat' dir='ltr'>patiantur,</span> <span class='ocrx_word' id='word_1_145' title='bbox 1177 2163 1310 2229; x_wconf 91' lang='lat' dir='ltr'>quorum</span> <span class='ocrx_word' id='word_1_146' title='bbox 1326 2143 1468 2230; x_wconf 86' lang='lat' dir='ltr'>pecunia</span> <span class='ocrx_word' id='word_1_147' title='bbox 1528 2121 1531 2128; x_wconf 41' lang='lat'><strong>⁴</strong></span> 
     </span>
     <span class='ocr_line' id='line_1_18' title="bbox 286 2258 1469 2345; baseline 0.001 -21"><span class='ocrx_word' id='word_1_148' title='bbox 286 2258 320 2324; x_wconf 92' lang='lat' dir='ltr'>in</span> <span class='ocrx_word' id='word_1_149' title='bbox 343 2259 486 2345; x_wconf 87' lang='lat' dir='ltr'>precario</span> <span class='ocrx_word' id='word_1_150' title='bbox 510 2258 665 2344; x_wconf 87' lang='lat' dir='ltr'>praestita</span> <span class='ocrx_word' id='word_1_151' title='bbox 686 2259 743 2340; x_wconf 84' lang='lat' dir='ltr'>sit3</span> <span class='ocrx_word' id='word_1_152' title='bbox 768 2259 838 2342; x_wconf 89' lang='lat' dir='ltr'>sed,</span> <span class='ocrx_word' id='word_1_153' title='bbox 868 2260 896 2326; x_wconf 89' lang='lat' dir='ltr'>si</span> <span class='ocrx_word' id='word_1_154' title='bbox 925 2265 1094 2345; x_wconf 72' lang='lat' dir='ltr'>paupertas</span> <span class='ocrx_word' id='word_1_155' title='bbox 1118 2265 1225 2345; x_wconf 82' lang='lat' dir='ltr'>cogat,</span> <span class='ocrx_word' id='word_1_156' title='bbox 1256 2259 1410 2328; x_wconf 87' lang='lat' dir='ltr'>ecclesiae</span> <span class='ocrx_word' id='word_1_157' title='bbox 1435 2264 1469 2326; x_wconf 86' lang='lat' dir='ltr'>ct</span> 
     </span>
     <span class='ocr_line' id='line_1_19' title="bbox 288 2372 988 2460; baseline 0.003 -22"><span class='ocrx_word' id='word_1_158' title='bbox 288 2373 395 2440; x_wconf 90' lang='lat' dir='ltr'>domui</span> <span class='ocrx_word' id='word_1_159' title='bbox 418 2372 480 2439; x_wconf 89' lang='lat' dir='ltr'>Dei</span> <span class='ocrx_word' id='word_1_160' title='bbox 502 2373 652 2440; x_wconf 88' lang='lat' dir='ltr'>reddatur</span> <span class='ocrx_word' id='word_1_161' title='bbox 674 2372 799 2457; x_wconf 77' lang='lat' dir='ltr'>integra</span> <span class='ocrx_word' id='word_1_162' title='bbox 820 2375 988 2460; x_wconf 91' lang='lat' dir='ltr'>possessio.</span> 
     </span>
    </p>

    <p class='ocr_par' dir='ltr' id='par_1_5' title="bbox 288 2489 1471 2925">
     <span class='ocr_line' id='line_1_20' title="bbox 377 2489 1470 2576; baseline 0.002 -22"><span class='ocrx_word' id='word_1_163' title='bbox 377 2489 531 2558; x_wconf 87' lang='lat' dir='ltr'>Similiter</span> <span class='ocrx_word' id='word_1_164' title='bbox 554 2490 783 2576; x_wconf 86' lang='lat' dir='ltr'>praecipimus:</span> <span class='ocrx_word' id='word_1_165' title='bbox 808 2497 843 2556; x_wconf 89' lang='grc' dir='ltr'>ιιι</span> <span class='ocrx_word' id='word_1_166' title='bbox 864 2492 955 2558; x_wconf 84' lang='lat' dir='ltr'>iuxta</span> <span class='ocrx_word' id='word_1_167' title='bbox 978 2492 1104 2559; x_wconf 87' lang='lat' dir='ltr'>decreta</span> <span class='ocrx_word' id='word_1_168' title='bbox 1126 2511 1282 2558; x_wconf 87' lang='lat' dir='ltr'>canonum</span> <span class='ocrx_word' id='word_1_169' title='bbox 1305 2490 1470 2557; x_wconf 87' lang='lat' dir='ltr'>adulteria</span> 
     </span>
     <span class='ocr_line' id='line_1_21' title="bbox 288 2606 1471 2694; baseline 0.002 -22"><span class='ocrx_word' id='word_1_170' title='bbox 288 2611 320 2672; x_wconf 91' lang='lat' dir='ltr'>et</span> <span class='ocrx_word' id='word_1_171' title='bbox 348 2606 485 2672; x_wconf 84' lang='lat' dir='ltr'>incesteh</span> <span class='ocrx_word' id='word_1_172' title='bbox 508 2607 727 2689; x_wconf 84' lang='lat' dir='ltr'>matrimonia,</span> <span class='ocrx_word' id='word_1_173' title='bbox 757 2626 836 2690; x_wconf 90' lang='lat' dir='ltr'>quae</span> <span class='ocrx_word' id='word_1_174' title='bbox 866 2627 929 2672; x_wconf 90' lang='lat' dir='ltr'>non</span> <span class='ocrx_word' id='word_1_175' title='bbox 952 2609 1026 2674; x_wconf 77' lang='lat' dir='ltr'>sinti</span> <span class='ocrx_word' id='word_1_176' title='bbox 1049 2607 1205 2692; x_wconf 83' lang='lat' dir='ltr'>legitima,</span> <span class='ocrx_word' id='word_1_177' title='bbox 1234 2606 1471 2694; x_wconf 85' lang='lat' dir='ltr'>prohibeantur</span> 
     </span>
     <span class='ocr_line' id='line_1_22' title="bbox 289 2722 1471 2810; baseline 0.002 -23"><span class='ocrx_word' id='word_1_178' title='bbox 289 2727 321 2787; x_wconf 93' lang='lat' dir='ltr'>et</span> <span class='ocrx_word' id='word_1_179' title='bbox 343 2722 549 2788; x_wconf 88' lang='lat' dir='ltr'>emendentur</span> <span class='ocrx_word' id='word_1_180' title='bbox 572 2722 791 2808; x_wconf 88' lang='lat' dir='ltr'>episcoporum</span> <span class='ocrx_word' id='word_1_181' title='bbox 814 2722 946 2805; x_wconf 90' lang='lat' dir='ltr'>iudicio;</span> <span class='ocrx_word' id='word_1_182' title='bbox 977 2729 1009 2790; x_wconf 92' lang='lat' dir='ltr'>et</span> <span class='ocrx_word' id='word_1_183' title='bbox 1039 2729 1074 2790; x_wconf 93' lang='lat' dir='ltr'>ut</span> <span class='ocrx_word' id='word_1_184' title='bbox 1101 2724 1261 2810; x_wconf 88' lang='lat' dir='ltr'>meneipie</span> <span class='ocrx_word' id='word_1_185' title='bbox 1288 2723 1471 2790; x_wconf 85' lang='lat' dir='ltr'>christiane</span> 
     </span>
     <span class='ocr_line' id='line_1_23' title="bbox 288 2836 705 2925; baseline -0.002 -21"><span class='ocrx_word' id='word_1_186' title='bbox 288 2837 421 2925; x_wconf 82' lang='lat' dir='ltr'>paganis</span> <span class='ocrx_word' id='word_1_187' title='bbox 443 2859 506 2904; x_wconf 92' lang='lat' dir='ltr'>non</span> <span class='ocrx_word' id='word_1_188' title='bbox 530 2836 705 2904; x_wconf 89' lang='lat' dir='ltr'>tradantur.</span> 
     </span>
    </p>

    <p class='ocr_par' dir='ltr' id='par_1_6' title="bbox 288 2951 1473 3271">
     <span class='ocr_line' id='line_1_24' title="bbox 377 2951 1472 3042; baseline 0.003 -22"><span class='ocrx_word' id='word_1_189' title='bbox 377 2953 582 3020; x_wconf 83' lang='lat' dir='ltr'>Decrerimus</span> <span class='ocrx_word' id='word_1_190' title='bbox 607 2973 745 3039; x_wconf 86' lang='lat' dir='ltr'>quoque,</span> <span class='ocrx_word' id='word_1_191' title='bbox 769 2952 853 3038; x_wconf 89' lang='lat' dir='ltr'>quod</span> <span class='ocrx_word' id='word_1_192' title='bbox 876 2959 908 3020; x_wconf 91' lang='lat' dir='ltr'>et</span> <span class='ocrx_word' id='word_1_193' title='bbox 929 2951 1038 3040; x_wconf 89' lang='lat' dir='ltr'>peter¹</span> <span class='ocrx_word' id='word_1_194' title='bbox 1060 2951 1167 3022; x_wconf 79' lang='lat' dir='ltr'>meus²</span> <span class='ocrx_word' id='word_1_195' title='bbox 1190 2961 1264 3023; x_wconf 87' lang='lat' dir='ltr'>ante</span> <span class='ocrx_word' id='word_1_196' title='bbox 1286 2955 1472 3042; x_wconf 86' lang='lat' dir='ltr'>praecipie-</span> 
     </span>
     <span class='ocr_line' id='line_1_25' title="bbox 288 3069 1473 3156; baseline 0.002 -20"><span class='ocrx_word' id='word_1_197' title='bbox 288 3069 359 3136; x_wconf 86' lang='lat' dir='ltr'>bat:</span> <span class='ocrx_word' id='word_1_198' title='bbox 383 3075 433 3155; x_wconf 88' lang='lat' dir='ltr'>ut,</span> <span class='ocrx_word' id='word_1_199' title='bbox 458 3069 512 3154; x_wconf 93' lang='lat' dir='ltr'>qui</span> <span class='ocrx_word' id='word_1_200' title='bbox 534 3088 676 3156; x_wconf 83' lang='lat' dir='ltr'>paganas</span> <span class='ocrx_word' id='word_1_201' title='bbox 700 3069 933 3136; x_wconf 85' lang='lat' dir='ltr'>observationes</span> <span class='ocrx_word' id='word_1_202' title='bbox 956 3071 989 3137; x_wconf 91' lang='lat' dir='ltr'>in</span> <span class='ocrx_word' id='word_1_203' title='bbox 1013 3069 1120 3156; x_wconf 86' lang='lat' dir='ltr'>alique</span> <span class='ocrx_word' id='word_1_204' title='bbox 1141 3091 1177 3138; x_wconf 86' lang='lat' dir='ltr'>re</span> <span class='ocrx_word' id='word_1_205' title='bbox 1198 3071 1324 3156; x_wconf 83' lang='lat' dir='ltr'>fecerit,</span> <span class='ocrx_word' id='word_1_206' title='bbox 1348 3072 1473 3138; x_wconf 88' lang='lat' dir='ltr'>multe-</span> 
     </span>
     <span class='ocr_line' id='line_1_26' title="bbox 288 3180 944 3271; baseline -0.002 -20"><span class='ocrx_word' id='word_1_207' title='bbox 288 3190 341 3252; x_wconf 89' lang='lat' dir='ltr'>tur</span> <span class='ocrx_word' id='word_1_208' title='bbox 363 3190 395 3253; x_wconf 91' lang='lat' dir='ltr'>et</span> <span class='ocrx_word' id='word_1_209' title='bbox 417 3185 584 3252; x_wconf 86' lang='lat' dir='ltr'>damnetur</span> <span class='ocrx_word' id='word_1_210' title='bbox 607 3185 784 3271; x_wconf 91' lang='lat' dir='ltr'>quindecim</span> <span class='ocrx_word' id='word_1_211' title='bbox 808 3180 944 3252; x_wconf 80' lang='lat' dir='ltr'>solidis⁸.</span> 
     </span>
    </p>
   </div>
   <div class='ocr_carea' id='block_1_3' title="bbox 290 3468 1477 3686">
    <p class='ocr_par' dir='ltr' id='par_1_7' title="bbox 290 3468 1477 3686">
     <span class='ocr_line' id='line_1_27' title="bbox 362 3468 1475 3531; baseline 0.004 -15"><span class='ocrx_word' id='word_1_212' title='bbox 362 3484 383 3516; x_wconf 85' lang='lat' dir='ltr'>e.</span> <span class='ocrx_word' id='word_1_213' title='bbox 404 3469 561 3516; x_wconf 83' lang='lat' dir='ltr'>diffinitionem</span> <span class='ocrx_word' id='word_1_214' title='bbox 579 3471 639 3524; x_wconf 87' lang='lat' dir='ltr'>MC,</span> <span class='ocrx_word' id='word_1_215' title='bbox 655 3469 805 3515; x_wconf 77' lang='lat' dir='ltr'>dilinidonem</span> <span class='ocrx_word' id='word_1_216' title='bbox 824 3470 851 3516; x_wconf 77' lang='lat' dir='ltr'>V.</span> <span class='ocrx_word' id='word_1_217' title='bbox 937 3468 959 3514; x_wconf 93' lang='lat' dir='ltr'>b.</span> <span class='ocrx_word' id='word_1_218' title='bbox 981 3469 1076 3528; x_wconf 79' lang='lat' dir='ltr'>synodis</span> <span class='ocrx_word' id='word_1_219' title='bbox 1093 3474 1132 3526; x_wconf 82' lang='grc' dir='ltr'>Μ,</span> <span class='ocrx_word' id='word_1_220' title='bbox 1153 3471 1246 3530; x_wconf 77' lang='lat' dir='ltr'>synodis</span> <span class='ocrx_word' id='word_1_221' title='bbox 1264 3475 1292 3527; x_wconf 84' lang='lat' dir='ltr'>C,</span> <span class='ocrx_word' id='word_1_222' title='bbox 1314 3470 1423 3531; x_wconf 75' lang='lat' dir='ltr'>synodus</span> <span class='ocrx_word' id='word_1_223' title='bbox 1445 3474 1475 3520; x_wconf 77' lang='lat'>7.</span> 
     </span>
     <span class='ocr_line' id='line_1_28' title="bbox 291 3548 1477 3608; baseline 0.005 -14"><span class='ocrx_word' id='word_1_224' title='bbox 291 3563 309 3594; x_wconf 84' lang='lat' dir='ltr'>c</span> <span class='ocrx_word' id='word_1_225' title='bbox 331 3551 358 3594; x_wconf 87' lang='lat' dir='ltr'>ut</span> <span class='ocrx_word' id='word_1_226' title='bbox 373 3549 479 3608; x_wconf 74' lang='lat' dir='ltr'>superer-io</span> <span class='ocrx_word' id='word_1_227' title='bbox 496 3553 530 3604; x_wconf 80' lang='lat' dir='ltr'>M,</span> <span class='ocrx_word' id='word_1_228' title='bbox 547 3551 572 3596; x_wconf 86' lang='lat' dir='ltr'>ut</span> <span class='ocrx_word' id='word_1_229' title='bbox 588 3549 717 3608; x_wconf 70' lang='lat' dir='ltr'>supremis</span> <span class='ocrx_word' id='word_1_230' title='bbox 735 3552 760 3597; x_wconf 86' lang='lat' dir='ltr'>C.</span> <span class='ocrx_word' id='word_1_231' title='bbox 831 3548 853 3593; x_wconf 87' lang='lat' dir='ltr'>d.</span> <span class='ocrx_word' id='word_1_232' title='bbox 876 3550 965 3595; x_wconf 83' lang='lat' dir='ltr'>cessata</span> <span class='ocrx_word' id='word_1_233' title='bbox 981 3552 1007 3596; x_wconf 85' lang='lat' dir='ltr'>C.</span> <span class='ocrx_word' id='word_1_234' title='bbox 1074 3565 1093 3596; x_wconf 90' lang='lat' dir='ltr'>e.</span> <span class='ocrx_word' id='word_1_235' title='bbox 1116 3550 1272 3597; x_wconf 82' lang='lat' dir='ltr'>commendate</span> <span class='ocrx_word' id='word_1_236' title='bbox 1288 3555 1323 3597; x_wconf 85' lang='lat' dir='ltr'>M.</span> <span class='ocrx_word' id='word_1_237' title='bbox 1390 3551 1411 3598; x_wconf 79' lang='lat' dir='ltr'>f.</span> <span class='ocrx_word' id='word_1_238' title='bbox 1435 3565 1477 3600; x_wconf 85' lang='lat' dir='ltr'>re-</span> 
     </span>
     <span class='ocr_line' id='line_1_29' title="bbox 290 3628 1397 3686; baseline 0.003 -13"><span class='ocrx_word' id='word_1_239' title='bbox 290 3629 373 3674; x_wconf 86' lang='lat' dir='ltr'>vertite</span> <span class='ocrx_word' id='word_1_240' title='bbox 388 3629 467 3675; x_wconf 86' lang='lat' dir='ltr'><em>MCV.</em></span> <span class='ocrx_word' id='word_1_241' title='bbox 545 3642 566 3686; x_wconf 84' lang='lat' dir='ltr'>g.</span> <span class='ocrx_word' id='word_1_242' title='bbox 589 3646 645 3674; x_wconf 83' lang='lat' dir='ltr'>corr.</span> <span class='ocrx_word' id='word_1_243' title='bbox 662 3631 683 3674; x_wconf 81' lang='lat' dir='ltr'>in</span> <span class='ocrx_word' id='word_1_244' title='bbox 701 3630 822 3674; x_wconf 81' lang='lat' dir='ltr'>renovetur</span> <span class='ocrx_word' id='word_1_245' title='bbox 838 3631 873 3674; x_wconf 85' lang='lat' dir='ltr'>M.</span> <span class='ocrx_word' id='word_1_246' title='bbox 951 3628 974 3674; x_wconf 88' lang='lat' dir='ltr'>b.</span> <span class='ocrx_word' id='word_1_247' title='bbox 994 3629 1083 3676; x_wconf 88' lang='lat' dir='ltr'>incerte</span> <span class='ocrx_word' id='word_1_248' title='bbox 1099 3632 1176 3678; x_wconf 66' lang='grc' dir='ltr'>ΜΝ.</span> <span class='ocrx_word' id='word_1_249' title='bbox 1254 3631 1270 3676; x_wconf 94' lang='lat' dir='ltr'>i.</span> <span class='ocrx_word' id='word_1_250' title='bbox 1291 3633 1345 3677; x_wconf 87' lang='lat' dir='ltr'>sunt</span> <span class='ocrx_word' id='word_1_251' title='bbox 1360 3634 1397 3677; x_wconf 84' lang='lat' dir='ltr'>M.</span> 
     </span>
    </p>
   </div>
   <div class='ocr_carea' id='block_1_4' title="bbox 290 3731 1482 4428">
    <p class='ocr_par' dir='ltr' id='par_1_8' title="bbox 290 3731 1482 4428">
     <span class='ocr_line' id='line_1_30' title="bbox 363 3731 1477 3806; baseline 0.004 -20"><span class='ocrx_word' id='word_1_252' title='bbox 363 3734 387 3787; x_wconf 91' lang='lat'>1.</span> <span class='ocrx_word' id='word_1_253' title='bbox 415 3731 528 3787; x_wconf 82' lang='lat' dir='ltr'>Carolus</span> <span class='ocrx_word' id='word_1_254' title='bbox 551 3733 699 3786; x_wconf 86' lang='lat' dir='ltr'>lllertellus.</span> <span class='ocrx_word' id='word_1_255' title='bbox 799 3733 824 3787; x_wconf 80' lang='lat'>2.</span> <span class='ocrx_word' id='word_1_256' title='bbox 852 3731 896 3786; x_wconf 81' lang='lat' dir='ltr'>Ex</span> <span class='ocrx_word' id='word_1_257' title='bbox 918 3731 1010 3788; x_wconf 87' lang='lat' dir='ltr'>vorbis</span> <span class='ocrx_word' id='word_1_258' title='bbox 1033 3733 1089 3788; x_wconf 89' lang='lat' dir='ltr'>his:</span> <span class='ocrx_word' id='word_1_259' title='bbox 1121 3733 1322 3803; x_wconf 79' lang='lat' dir='ltr'>„Decrerimus</span> <span class='ocrx_word' id='word_1_260' title='bbox 1344 3749 1477 3806; x_wconf 88' lang='lat' dir='ltr'>quoque,</span> 
     </span>
     <span class='ocr_line' id='line_1_31' title="bbox 290 3819 1478 3894; baseline 0.003 -19"><span class='ocrx_word' id='word_1_261' title='bbox 290 3819 365 3889; x_wconf 92' lang='lat' dir='ltr'>quod</span> <span class='ocrx_word' id='word_1_262' title='bbox 383 3826 411 3876; x_wconf 90' lang='lat' dir='ltr'>et</span> <span class='ocrx_word' id='word_1_263' title='bbox 433 3827 533 3890; x_wconf 88' lang='lat' dir='ltr'>peter</span> <span class='ocrx_word' id='word_1_264' title='bbox 557 3836 651 3875; x_wconf 87' lang='lat' dir='ltr'>meus</span> <span class='ocrx_word' id='word_1_265' title='bbox 676 3825 738 3875; x_wconf 89' lang='lat' dir='ltr'>ento</span> <span class='ocrx_word' id='word_1_266' title='bbox 756 3819 962 3890; x_wconf 84' lang='lat' dir='ltr'>praecipiebat“</span> <span class='ocrx_word' id='word_1_267' title='bbox 982 3823 1156 3890; x_wconf 84' lang='lat' dir='ltr'>perspicuum</span> <span class='ocrx_word' id='word_1_268' title='bbox 1175 3821 1219 3894; x_wconf 87' lang='lat' dir='ltr'>fit,</span> <span class='ocrx_word' id='word_1_269' title='bbox 1238 3823 1310 3878; x_wconf 89' lang='lat' dir='ltr'>sicut</span> <span class='ocrx_word' id='word_1_270' title='bbox 1327 3823 1392 3878; x_wconf 89' lang='lat' dir='ltr'>anni</span> <span class='ocrx_word' id='word_1_271' title='bbox 1417 3827 1478 3880; x_wconf 78' lang='grc'>742</span> 
     </span>
     <span class='ocr_line' id='line_1_32' title="bbox 291 3908 1480 3983; baseline 0.006 -20"><span class='ocrx_word' id='word_1_272' title='bbox 291 3908 428 3980; x_wconf 81' lang='lat' dir='ltr'>synodum</span> <span class='ocrx_word' id='word_1_273' title='bbox 446 3910 612 3979; x_wconf 80' lang='lat' dir='ltr'>essperiorem</span> <span class='ocrx_word' id='word_1_274' title='bbox 630 3911 669 3964; x_wconf 85' lang='lat' dir='ltr'>ito</span> <span class='ocrx_word' id='word_1_275' title='bbox 687 3908 757 3964; x_wconf 87' lang='lat' dir='ltr'>banc</span> <span class='ocrx_word' id='word_1_276' title='bbox 775 3925 883 3979; x_wconf 90' lang='lat' dir='ltr'>quoque</span> <span class='ocrx_word' id='word_1_277' title='bbox 901 3909 1079 3968; x_wconf 81' lang='lat' dir='ltr'>Liftinensem</span> <span class='ocrx_word' id='word_1_278' title='bbox 1098 3911 1234 3983; x_wconf 85' lang='lat' dir='ltr'>synodum</span> <span class='ocrx_word' id='word_1_279' title='bbox 1253 3929 1271 3966; x_wconf 87' lang='lat' dir='ltr'>e</span> <span class='ocrx_word' id='word_1_280' title='bbox 1282 3911 1480 3970; x_wconf 81' lang='lat' dir='ltr'>Carlomanno</span> 
     </span>
     <span class='ocr_line' id='line_1_33' title="bbox 290 3996 1480 4072; baseline 0.006 -20"><span class='ocrx_word' id='word_1_281' title='bbox 290 3996 412 4052; x_wconf 85' lang='lat' dir='ltr'>habitam</span> <span class='ocrx_word' id='word_1_282' title='bbox 431 4012 506 4070; x_wconf 80' lang='lat' dir='ltr'>esse3</span> <span class='ocrx_word' id='word_1_283' title='bbox 528 3999 664 4067; x_wconf 84' lang='lat' dir='ltr'>istamque</span> <span class='ocrx_word' id='word_1_284' title='bbox 683 4013 737 4054; x_wconf 92' lang='lat' dir='ltr'>non</span> <span class='ocrx_word' id='word_1_285' title='bbox 755 3997 840 4053; x_wconf 80' lang='lat' dir='ltr'>faisse</span> <span class='ocrx_word' id='word_1_286' title='bbox 858 3999 971 4052; x_wconf 87' lang='lat' dir='ltr'>eandem</span> <span class='ocrx_word' id='word_1_287' title='bbox 991 3999 1136 4070; x_wconf 88' lang='lat' dir='ltr'>synodum,</span> <span class='ocrx_word' id='word_1_288' title='bbox 1154 4016 1237 4070; x_wconf 81' lang='lat' dir='ltr'>quam</span> <span class='ocrx_word' id='word_1_289' title='bbox 1258 4001 1480 4072; x_wconf 82' lang='lat' dir='ltr'>„mediantibus</span> 
     </span>
     <span class='ocr_line' id='line_1_34' title="bbox 290 4085 1480 4160; baseline 0.008 -19"><span class='ocrx_word' id='word_1_290' title='bbox 290 4086 406 4156; x_wconf 87' lang='lat' dir='ltr'>Pippino</span> <span class='ocrx_word' id='word_1_291' title='bbox 424 4092 454 4142; x_wconf 85' lang='lat' dir='ltr'>et</span> <span class='ocrx_word' id='word_1_292' title='bbox 465 4085 666 4142; x_wconf 82' lang='lat' dir='ltr'>Carlomenno“</span> <span class='ocrx_word' id='word_1_293' title='bbox 686 4091 824 4155; x_wconf 86' lang='lat' dir='ltr'>peractam</span> <span class='ocrx_word' id='word_1_294' title='bbox 844 4103 913 4156; x_wconf 87' lang='lat' dir='ltr'>csso,</span> <span class='ocrx_word' id='word_1_295' title='bbox 932 4089 1043 4156; x_wconf 81' lang='lat' dir='ltr'>scripsit</span> <span class='ocrx_word' id='word_1_296' title='bbox 1060 4089 1205 4144; x_wconf 81' lang='lat' dir='ltr'>Zacharias</span> <span class='ocrx_word' id='word_1_297' title='bbox 1222 4106 1297 4160; x_wconf 85' lang='lat' dir='ltr'>pepe</span> <span class='ocrx_word' id='word_1_298' title='bbox 1313 4091 1342 4146; x_wconf 89' lang='lat' dir='ltr'>in</span> <span class='ocrx_word' id='word_1_299' title='bbox 1357 4091 1480 4150; x_wconf 79' lang='lat' dir='ltr'>duabus</span> 
     </span>
     <span class='ocr_line' id='line_1_35' title="bbox 291 4174 1481 4245; baseline 0.006 -14"><span class='ocrx_word' id='word_1_300' title='bbox 291 4177 414 4245; x_wconf 84' lang='lat' dir='ltr'>epistolis</span> <span class='ocrx_word' id='word_1_301' title='bbox 433 4176 459 4230; x_wconf 91' lang='lat' dir='ltr'>d.</span> <span class='ocrx_word' id='word_1_302' title='bbox 479 4177 513 4230; x_wconf 89' lang='lat'>31</span> <span class='ocrx_word' id='word_1_303' title='bbox 532 4175 591 4231; x_wconf 88' lang='lat' dir='ltr'>Oct.</span> <span class='ocrx_word' id='word_1_304' title='bbox 611 4192 635 4230; x_wconf 91' lang='lat' dir='ltr'>a.</span> <span class='ocrx_word' id='word_1_305' title='bbox 650 4176 702 4229; x_wconf 82' lang='grc'>745</span> <span class='ocrx_word' id='word_1_306' title='bbox 720 4175 800 4244; x_wconf 87' lang='lat' dir='ltr'>datis,</span> <span class='ocrx_word' id='word_1_307' title='bbox 819 4193 846 4230; x_wconf 84' lang='lat' dir='ltr'>v.</span> <span class='ocrx_word' id='word_1_308' title='bbox 858 4174 937 4231; x_wconf 81' lang='lat' dir='ltr'>infre.</span> <span class='ocrx_word' id='word_1_309' title='bbox 1053 4179 1079 4232; x_wconf 85' lang='lat'>3.</span> <span class='ocrx_word' id='word_1_310' title='bbox 1098 4177 1130 4231; x_wconf 93' lang='lat' dir='ltr'>In</span> <span class='ocrx_word' id='word_1_311' title='bbox 1148 4178 1209 4232; x_wconf 90' lang='lat' dir='ltr'>eod.</span> <span class='ocrx_word' id='word_1_312' title='bbox 1227 4179 1294 4234; x_wconf 91' lang='lat' dir='ltr'>bibl.</span> <span class='ocrx_word' id='word_1_313' title='bbox 1313 4180 1481 4238; x_wconf 77' lang='lat' dir='ltr'>vaticanae</span> 
     </span>
     <span class='ocr_line' id='line_1_36' title="bbox 290 4262 1480 4339; baseline 0.005 -19"><span class='ocrx_word' id='word_1_314' title='bbox 290 4266 377 4320; x_wconf 85' lang='lat' dir='ltr'>Pelet.</span> <span class='ocrx_word' id='word_1_315' title='bbox 391 4267 452 4336; x_wconf 85' lang='grc'>577,</span> <span class='ocrx_word' id='word_1_316' title='bbox 477 4263 548 4320; x_wconf 88' lang='lat' dir='ltr'>benc</span> <span class='ocrx_word' id='word_1_317' title='bbox 566 4262 798 4319; x_wconf 86' lang='lat' dir='ltr'>confirmationem</span> <span class='ocrx_word' id='word_1_318' title='bbox 816 4263 994 4319; x_wconf 85' lang='lat' dir='ltr'>Liftincnscm</span> <span class='ocrx_word' id='word_1_319' title='bbox 1013 4266 1183 4336; x_wconf 86' lang='lat' dir='ltr'>continente,</span> <span class='ocrx_word' id='word_1_320' title='bbox 1206 4267 1323 4322; x_wconf 83' lang='lat' dir='ltr'>eandem</span> <span class='ocrx_word' id='word_1_321' title='bbox 1340 4270 1480 4339; x_wconf 83' lang='lat' dir='ltr'>proxime</span> 
     </span>
     <span class='ocr_line' id='line_1_37' title="bbox 291 4351 1482 4428; baseline 0.007 -20"><span class='ocrx_word' id='word_1_322' title='bbox 291 4355 414 4423; x_wconf 88' lang='lat' dir='ltr'>sequitur</span> <span class='ocrx_word' id='word_1_323' title='bbox 437 4353 561 4425; x_wconf 88' lang='lat' dir='ltr'>synodus</span> <span class='ocrx_word' id='word_1_324' title='bbox 583 4351 779 4408; x_wconf 72' lang='lat' dir='ltr'>attiniacensis</span> <span class='ocrx_word' id='word_1_325' title='bbox 803 4369 875 4409; x_wconf 90' lang='lat' dir='ltr'>anno</span> <span class='ocrx_word' id='word_1_326' title='bbox 897 4355 948 4408; x_wconf 84' lang='grc'>765</span> <span class='ocrx_word' id='word_1_327' title='bbox 971 4352 1064 4410; x_wconf 80' lang='lat' dir='ltr'>habite</span> <span class='ocrx_word' id='word_1_328' title='bbox 1089 4355 1176 4422; x_wconf 86' lang='lat' dir='ltr'>(bion.</span> <span class='ocrx_word' id='word_1_329' title='bbox 1195 4356 1377 4428; x_wconf 79' lang='lat' dir='ltr'>Lag.129)‚</span> <span class='ocrx_word' id='word_1_330' title='bbox 1403 4367 1482 4427; x_wconf 80' lang='lat' dir='ltr'>post</span> 
     </span>
    </p>
   </div>
   <div class='ocr_carea' id='block_1_5' title="bbox 0 0 1559 4848">
    <p class='ocr_par' dir='ltr' id='par_1_9' title="bbox 0 0 1559 4848">
     <span class='ocr_line' id='line_1_38' title="bbox 0 0 1559 4848; baseline 0 0"><span class='ocrx_word' id='word_1_331' title='bbox 0 0 1559 4848; x_wconf 95' lang='lat' dir='ltr'> </span> 
     </span>
    </p>
   </div>
  </div>
 </body>
</html>
