3142 4848
282 275 326 340 26
540 290 567 338 s.
585 289 761 339 normann
782 291 826 338 ar
848 289 951 338 uuum
972 289 1159 338 mmroasr
1183 291 1196 336 1

122 437 263 494 eto-705
281 451 356 500 vero
378 432 456 498 haec
477 431 649 498 secundum
672 426 873 515 allegoriam¹
895 430 1044 498 ecclesia·
1065 451 1123 516 per
1143 435 1228 498 totos
1253 433 1363 498 muudi
1381 453 1452 500 car·

281 549 371 614 dines
399 545 514 614 diffusa
540 546 742 630 intellegitur.
794 545 953 614 Haeretici
980 567 1117 632 namque
1147 552 1179 614 et
1211 546 1382 614 scismatici
1410 549 1452 616 ab

281 662 432 732 ecclesiae
460 664 610 730 socictate
643 664 786 730 extranei
819 683 877 750 per
911 663 1146 730 contentionum
1181 669 1381 749 argumenta,
1416 665 1451 732 in

280 779 398 846 mundo
418 777 597 865 pululantes
619 783 652 845 ct
667 778 765 846 veluti
779 777 938 846 horrenda
952 779 1146 846 zizaniorum
1160 780 1282 846 semina
1295 779 1329 846 in
1344 780 1451 848 medio

279 895 432 962 fecundae
446 895 555 979 segitis
570 899 649 980 sate,
664 893 855 962 dominicam
869 915 1006 963 messem
1019 893 1228 962 maculabant
1264 893 1327 964 Sed
1341 895 1451 964 huius-

280 1011 403 1079 cemodi
438 1010 651 1077 altercationis
686 1010 891 1098 obprobrium
925 1011 1098 1098 apostolica
1125 1011 1286 1098 conpescit
1319 1012 1448 1080 bucina:

282 1129 348 1211 Qui
367 1128 435 1194 cult
454 1126 559 1212 inquit
581 1132 788 1195 contendente
812 1151 892 1205 caea·
914 1149 972 1193 ace
995 1128 1089 1194 talen
1111 1130 1362 1195 commacinam
1384 1151 1451 1196 aea

279 1245 426 1310 bubemaa
448 1267 505 1310 aec
527 1244 656 1310 ecclesia
670 1239 763 1326 Ded,
788 1267 869 1332 quoe
883 1267 947 1310 eoo
961 1245 1054 1311 laudet
1066 1243 1224 1310 macetum
1238 1258 1295 1310 aut
1307 1239 1448 1331 nepem'.

278 1359 393 1428 Pacem
415 1378 552 1444 namque
574 1358 800 1426 catholicorum
823 1365 957 1428 matrem
980 1364 1012 1427 et
1030 1357 1168 1425 filiorum
1182 1357 1243 1426 Dei
1257 1360 1451 1445 genetricem

279 1495 362 1561 asse,
391 1474 574 1560 euangelica
601 1474 805 1562 promulgant
831 1474 974 1542 oracula:
1003 1478 1101 1543 Beati
1126 1476 1267 1564 pacifici,
1299 1481 1452 1564 quoniam

269 1593 339 1678 filii
371 1593 438 1659 Dei
469 1587 688 1659 vocaturae.
740 1591 846 1676 Unde,
880 1591 1008 1658 domiuo
1039 1596 1071 1658 ct
1104 1591 1261 1659 salvatore
1293 1597 1400 1658 nostro
1430 1613 1452 1660 a

277 1727 401 1775 summo
424 1706 582 1775 caelorum
603 1707 751 1792 fastigiob
774 1707 1008 1792 descendente,
1030 1713 1067 1774 ut
1088 1708 1317 1794 cyrographum
1339 1712 1450 1794 proto·

276 1823 374 1910 plaeti
396 1819 532 1890 deleret⁵
556 1824 763 1891 otmundum
785 1843 864 1911 pace
879 1829 1043 1910 sequestra
1056 1823 1282 1910 reconciliaret,
1306 1823 1451 1908 angelica

276 1941 390 2007 cecimt
412 1939 564 2008 melodia:
596 1939 711 2010 Gloria
737 1944 772 2007 e'o
795 1941 923 2007 eccelsia
945 1941 1015 2006 Deo
1039 1953 1068 2006 et
1087 1943 1123 2006 e'n
1145 1953 1231 2006 terra
1251 1965 1319 2029 pcc·
1346 1942 1450 2007 tone

275 2057 368 2124 aeus
391 2058 491 2124 bonae
512 2051 710 2123 eolrmtuteh⁸.
743 2055 789 2122 Et
808 2055 990 2143 psalmista:
1013 2057 1091 2124 Fiat
1112 2056 1215 2142 inquit
1232 2081 1303 2145 pcc
1323 2060 1358 2123 ἐκ
1380 2061 1449 2124 eir-

276 2172 358 2240 ttete⁴
380 2185 436 2240 erc
459 2186 488 2239 et
509 2174 727 2240 habundantio
748 2177 784 2239 in
806 2173 946 2240 methea
968 2167 1058 2238 tacie'.

365 2286 510 2374 Denique
537 2307 661 2374 rumor,
696 2287 845 2356 ecclesiae
872 2286 947 2356 fidei
975 2289 1168 2373 conterius,
1200 2287 1293 2372 longe
1320 2287 1448 2374 lateque

274 2403 485 2492 percrebruit:
509 2404 593 2490 quod
616 2405 735 2471 sintin
756 2403 923 2492 provincia
943 2409 1050 2472 veeha
1072 2403 1199 2489 quidam
1220 2403 1397 2472 sacerdotes
1413 2409 1449 2472 et

274 2519 382 2588 clerici
403 2523 567 2586 tonsuram
590 2521 692 2587 sancti
713 2519 802 2588 Petri
823 2519 1038 2608 apostolorum
1065 2519 1218 2607 principis
1240 2519 1447 2607 pertinaciter

274 2638 457 2705 refutantes.
494 2634 597 2722 Seque
611 2635 669 2703 tali
689 2637 901 2704 excusationis
924 2636 1071 2724 apologia
1091 2636 1314 2722 pervicaciter·
1337 2635 1447 2702 defen·

274 2753 385 2820 dentm
400 2751 525 2819 vivunt:
550 2750 634 2837 quod
655 2759 817 2820 auctorum
840 2758 872 2820 et
888 2772 1105 2840 precessorum
1121 2771 1249 2818 suorum
1263 2747 1448 2819 tonsuram⁸

272 2869 447 2936 imitentur.
494 2867 577 2946 Quos
605 2867 713 2934 divina
739 2867 923 2937 inlustratos
951 2868 1055 2953 gratia
1081 2867 1193 2952 luisse,
1227 2866 1447 2952 grandiloquis

274 2983 505 3052 adsertionibus
528 2987 754 3051 contestantur.
790 2983 850 3062 Qui
873 2985 901 3050 si
924 3005 943 3050 a
964 2984 1054 3051 nobis
1078 2983 1210 3051 sohicite
1233 2984 1446 3069 sciscitentur,

273 3101 343 3186 quis
367 3101 490 3186 primus
514 3105 623 3168 auctor
645 3119 774 3166 rasurae
797 3099 891 3166 huius
907 3105 940 3167 et
959 3105 1107 3168 tonsurae
1128 3100 1280 3185 extiterit,
1303 3099 1446 3184 omnino,

273 3221 328 3284 aut
349 3217 516 3283 veritatem
537 3215 711 3299 ignorando
740 3220 796 3282 aut
823 3215 995 3282 falsitatem
1023 3215 1255 3300 dissimilando,
1283 3216 1448 3284 obmutes-

272 3337 356 3399 eunt
402 3331 466 3399 Nos
491 3337 607 3413 autem,
631 3330 802 3397 secundum
824 3329 1034 3417 plurimorum
1057 3331 1247 3418 opinionem,
1271 3331 1447 3418 Simonem,
1532 3407 1537 3415 ,

271 3447 413 3532 magicae
429 3447 506 3514 artis
521 3447 729 3531 inventorem,
745 3447 838 3514 huius
854 3453 1002 3514 tonsurae
1017 3447 1193 3534 principem
1204 3448 1311 3534 luisse,
1328 3467 1448 3534 coupe-

271 3563 388 3646 rimus3
412 3562 497 3649 quia,
522 3561 645 3647 qualem
667 3561 892 3648 quantamque‘
907 3563 1140 3630 necromantiae
1158 3563 1317 3632 fallaciam
1332 3570 1449 3634 contm

271 3679 399 3746 beatum
422 3677 552 3745 Petrum
574 3678 790 3746 fraudulenter
812 3677 1060 3764 machinaretur,
1084 3685 1262 3748 certamen⁸
1285 3681 1449 3769 apostolo-

343 3869 364 3902 a
380 3856 490 3903 ecclesiae
503 3857 530 3903 V.
605 3856 628 3902 h.
644 3855 722 3914 fatigio
735 3857 762 3902 V.
835 3855 974 3902 adimente
987 3857 1015 3904 V.
1090 3857 1113 3904 d.
1129 3859 1188 3904 virtu
1202 3859 1229 3905 V.
1303 3873 1323 3905 e.
1339 3861 1448 3920 perviva-

271 3937 328 3983 cltar
346 3936 373 3982 V.
451 3935 468 3982 l.
489 3937 641 3996 quantumque
660 3937 685 3982 V.
765 3949 788 3992 g.
808 3935 922 3982 ceritum
940 3937 967 3984 V.

343 4040 367 4094 1.
390 4039 425 4096 V.
449 4039 620 4094 Breviarium
644 4039 673 4093 in
696 4039 854 4108 psalterium
881 4037 908 4094 S.
927 4038 1095 4111 Hieronymo
1118 4042 1267 4112 ascriptum
1290 4043 1375 4113 (Opp.
1397 4046 1446 4102 ed.

269 4127 422 4184 vallarsius
434 4129 488 4185 Vll
506 4127 623 4199 append.
642 4127 756 4197 pilo).
825 4129 850 4182 2.
872 4130 885 4183 l
900 4127 1020 4184 Corinth.
1034 4130 1076 4197 11,
1091 4131 1133 4183 16.
1200 4133 1226 4186 3.
1246 4133 1346 4203 llphes.
1358 4134 1383 4202 5,
1397 4135 1446 4190 27.

271 4215 297 4272 1.
321 4217 416 4272 Matth.
435 4217 460 4286 5,
474 4217 499 4271 9.
589 4215 615 4271 5.
639 4214 841 4286 Ooloee.2,14.
932 4219 957 4271 6.
984 4218 1145 4287 Luc.2,14.
1235 4223 1260 4276 7.
1284 4223 1328 4276 Pe.
1343 4223 1403 4291 1111,
1418 4225 1446 4280 7.

271 4305 297 4360 8.
319 4305 473 4375 ,Brittones
491 4309 520 4360 et
531 4302 618 4360 Scotti
636 4305 799 4359 anteriorem
818 4304 914 4374 capitis
932 4309 1038 4374 partem
1056 4305 1161 4376 capillis
1179 4310 1289 4365 omnino
1302 4309 1449 4368 nudabant

272 4391 307 4448 ab
317 4407 382 4449 aurs
391 4391 427 4449 ad
438 4408 540 4462 anem,
550 4393 692 4463 posteriori
701 4393 835 4450 intonsa¹‘.
848 4393 976 4450 llabillon
985 4394 1057 4450 Anu.
1068 4395 1126 4451 crd.
1136 4395 1164 4451 S.
1172 4397 1274 4453 Bened.
1284 4399 1335 4454 Τ.Ι
1344 4415 1372 4469 p.
1378 4399 1446 4457 472.
