3144 4852
310 309 376 377 666
512 330 594 377 vrrs
616 329 770 378 ausuum
793 329 1053 378 6666666666
1075 329 1271 378 66666666

212 469 420 556 1166166166.
509 470 536 536 E
566 475 676 537 contra
697 469 878 555 blangotus,
908 471 1048 538 eiusdem
1069 471 1269 539 Embriconis
1297 491 1473 557 germanus,

202 549 250 597 ¹¹¹²
263 551 293 598 ²⁴
308 586 342 650 in
365 584 498 652 eundem
520 587 687 654 Dndonem
718 586 868 674 extimplo
892 587 1069 674 prosiliens,
1092 587 1230 671 gladium
1254 589 1473 675 parricidalem

309 701 375 767 eius
404 702 509 768 media
530 723 588 789 per
609 704 732 770 viscera
753 703 891 770 strinxit.
932 703 1032 782 Quem
1054 703 1217 788 Embrico,
1245 704 1420 770 labentem·
1441 705 1474 770 in

308 837 342 884 66
364 817 603 885 tremebundum
625 819 903 906 palpitantemque,
927 819 973 885 sic
994 825 1157 886 enecatum
1170 821 1204 887 16
1220 819 1333 888 faciem
1347 819 1475 907 impulit

307 933 481 1001 homicide*
508 934 632 1018 fratris,
661 935 783 1002 dicens:
819 937 951 1018 Qualem
979 959 1048 1000 eum
1065 937 1194 1021 fecisti,
1229 938 1321 1003 talem
1348 938 1473 1003 166666.

309 1049 436 1116 Boream
464 1053 618 1117 bominem
647 1066 675 1118 et
701 1056 894 1118 innocentem
916 1066 944 1117 et
965 1055 1114 1118 innurem
1134 1054 1239 1120 azae
1260 1066 1381 1120 616666
1402 1055 1474 1137 infi-

307 1167 433 1232 deb‘tote
455 1169 605 1233 6661611611.
695 1165 738 1233 Et
759 1167 828 1233 ille:
851 1169 985 1234 Dtmiue
1007 1169 1099 1233 illurn
1120 1173 1230 1234 166666.

397 1281 482 1349 Dum
505 1282 563 1349 bec
585 1288 785 1366 gererentur⁰
808 1288 881 1348 ante
903 1283 1003 1369 ipsius
1019 1283 1148 1351 ecclesie
1165 1285 1286 1368 ianuas,
1310 1282 1475 1350 studiosis·

307 1399 386 1464 sium
414 1398 639 1465 observabantd
662 1399 799 1464 hostium
823 1397 1015 1485 obpansum:
1045 1404 1081 1465 ut
1104 1406 1159 1466 aut
1181 1401 1330 1466 domuum
1352 1400 1475 1486 cpisco-

308 1533 395 1602 pum,
419 1516 446 1580 si
470 1515 678 1599 egrederetur,
703 1515 880 1582 occiderent
902 1521 956 1581 aut
977 1516 1012 1581 in
1033 1515 1197 1582 frementis
1218 1516 1301 1600 ignis
1323 1517 1475 1601 voragine

307 1631 455 1717 spiritum
487 1631 629 1698 exalare·
658 1629 904 1718 compellerent.
999 1631 1142 1698 Demuus
1170 1632 1352 1719 episcopus,
1387 1632 1475 1700 66166

306 1750 339 1812 61
360 1745 551 1812 miserabilis
574 1746 758 1830 derelictus,
782 1747 846 1813 vim
869 1746 1006 1813 incendii
1030 1749 1184 1815 sustinere
1206 1767 1269 1813 non
1292 1747 1412 1833 valens,
1437 1751 1475 1816 dc

305 1862 402 1947 turri,
430 1862 622 1948 pedetentim
644 1865 804 1930 insecutus
828 1862 867 1929 ab
891 1863 981 1947 igne,
1004 1864 1191 1930 inexorabili
1212 1861 1302 1931 hoste
1324 1863 1474 1951 pellente,

306 1978 346 2044 ad
368 1979 483 2044 ostium
507 1977 695 2064 appropiare
716 1978 782 2044 iam
804 1979 934 2062 cogitur.

396 2093 437 2160 Et
455 2093 605 2160 fortuitu⁸
618 2093 713 2179 paulo
730 2098 802 2160 ante
818 2114 939 2182 pauper
954 2101 1142 2179 occurrerat,
1165 2097 1215 2162 cui
1231 2095 1370 2180 anulum,
1395 2115 1474 2182 qua-

304 2209 363 2276 lisl
387 2208 605 2293 blaguntinum
628 2209 772 2294 decebat,
803 2215 835 2276 61
857 2210 920 2276 6116
941 2211 1076 2294 quedam
1099 2211 1287 2292 antulerat,
1316 2211 1364 2277 nil
1386 2213 1474 2279 aliud

305 2326 344 2392 de
372 2325 458 2392 omni
488 2325 665 2392 substantia
692 2331 799 2412 preter
826 2326 984 2410 quandam
1013 2345 1139 2393 crucem
1164 2327 1318 2411 ligneam,
1348 2327 1381 2393 in
1412 2349 1475 2414 qua

305 2441 390 2508 salus
413 2442 523 2507 mundi
545 2441 753 2528 pependit-
772 2440 925 2526 61661661,
949 2447 985 2508 61
1006 2443 1039 2508 16
1057 2443 1129 2528 1666
1150 2449 1259 2509 contra
1278 2442 1378 2510 bostis
1399 2463 1474 2531 pre-

304 2556 421 2625 sentisk
444 2557 614 2624 diabolicus
637 2577 751 2624 cuneos
775 2558 1030 2624 victoriosissime
1053 2559 1218 2626 dimicaret
1237 2579 1308 2626 cum
1328 2561 1474 2628 oratione

304 2709 346 2721 -
369 2693 544 2740 reservans.
580 2673 685 2757 Sane',
708 2692 780 2740 cum
803 2674 912 2757 agonis
934 2673 993 2740 hoc
1011 2674 1186 2740 decertaret
1201 2675 1312 2758 stadio,
1336 2683 1473 2760 quantas

303 2785 428 2858 venias¹
451 2789 576 2870 1666611,
605 2795 757 2874 quantum
787 2790 914 2855 domino
937 2790 1004 2857 Dec
1033 2809 1066 2856 ac
1093 2789 1323 2875 humiliaverit,
1354 2800 1474 2876 quantu

302 2906 505 2973 lacrimarum
527 2905 613 2970 fonte
634 2905 739 2992 ipsum
755 2907 970 2992 pavimentum
986 2905 1116 2972 ecclesie
1130 2906 1320 2992 irrigaverit
1336 2913 1369 2974 et
1384 2910 1474 2994 quali

303 3021 541 3108 compunctione
563 3020 710 3107 spiritum
734 3026 766 3088 et
788 3041 868 3106 eam,
892 3041 985 3107 quam
1009 3021 1063 3088 vix
1086 3022 1251 3106 retinebat,
1275 3025 1416 3090 animam
1437 3027 1472 3092 in

302 3137 447 3204 manibus
470 3137 540 3204 lesu
563 3135 698 3220 Christi,
727 3137 819 3204 beate
840 3137 941 3204 Maria
964 3143 996 3204 et
1017 3138 1157 3204 omnium
1182 3144 1360 3205 sanctcrum
1385 3161 1473 3208 com-

302 3253 495 3336 mandante,
524 3253 646 3318 dicens:
677 3255 716 3318 In
739 3277 851 3320 monus
874 3267 944 3320 1666
967 3258 1146 3321 commendo
1170 3260 1317 3343 spir-ittam
1337 3256 1471 3342 mesena²‚

302 3368 410 3452 lingua
432 3369 537 3434 carnis
560 3369 600 3434 ad
624 3369 831 3436 enarrandum
855 3369 933 3436 baut
956 3369 1113 3438 sufficiens
1136 3376 1227 3438 esset.
1300 3371 1472 3462 Deinceps,

302 3485 377 3571 quia
399 3493 521 3551 torrens
549 3483 748 3552 flammarum
771 3521 812 3532 -
836 3485 975 3571 undique
997 3486 1112 3553 bonum
1136 3489 1239 3554 virum
1263 3489 1473 3558 circumstan-

301 3601 386 3668 tibus
409 3601 511 3685 rogis,
535 3601 679 3668 omnibus
703 3618 825 3687 quoquc
847 3603 1024 3689 imperante
1046 3601 1155 3670 favilla
1179 3639 1218 3650 -
1244 3605 1352 3673 omnia
1373 3607 1473 3675 dabat

300 3717 335 3784 iu
356 3737 504 3804 preceps3
535 3723 568 3784 at
595 3723 703 3804 septan
725 3719 910 3785 monasterii
931 3719 1154 3807 precipitanti⁰
1176 3722 1355 3807 furentique
1378 3726 1473 3791 ruina

301 3840 495 3920 strepentes*
510 3855 638 3902 casuum
661 3833 776 3919 ubique
791 3833 997 3902 minitabantq
1013 3837 1187 3920 subactum
1211 3837 1472 3927 qualitercunque

371 4017 393 4050 6.
413 4005 437 4050 61
451 4008 550 4066 requitur
565 4009 587 4051 ln
605 4005 626 4060 1,
643 4005 665 4050 2.
727 4003 750 4049 b.
769 4003 891 4052 homicidia
908 4007 929 4052 1.
992 4019 1011 4052 a
1033 4009 1140 4064 gerentur
1155 4009 1176 4052 1.
1239 4007 1261 4053 d
1284 4007 1431 4056 observarent
1448 4013 1472 4058 1.

300 4100 321 4132 e.
341 4085 385 4144 apri
400 4084 528 4132 6661661666
545 4087 567 4131 1.
614 4083 630 4130 1.
651 4084 825 4143 compelleretur
840 4089 862 4133 2.
908 4086 1078 4144 6166161162.
1125 4085 1149 4132 h.
1170 4085 1260 4146 qualem
1276 4089 1298 4144 1,
1309 4088 1331 4134 2.
1377 4089 1471 4136 16166-

299 4169 346 4212 1666
362 4169 499 4226 6661661666
515 4164 631 4220 66116661,
643 4165 664 4210 2.
727 4163 750 4210 ln
771 4164 850 4212 666166
864 4166 983 4225 presentes
994 4169 1016 4222 1,
1027 4169 1048 4213 2.
1110 4165 1127 4213 1.
1148 4166 1207 4214 Sne
1222 4183 1265 4214 on.
1276 4169 1299 4216 2.
1362 4183 1392 4217 n.
1408 4183 1471 4218 6666-

299 4244 421 4292 mendabat
436 4247 458 4300 1,
474 4243 638 4291 commendarit
654 4245 675 4291 2.
754 4258 777 4290 n.
797 4247 858 4290 verta
874 4247 895 4291 1.
974 4261 995 4293 6.
1015 4246 1181 4306 praecipitandi
1197 4248 1219 4294 2.
1297 4261 1320 4308 p.
1340 4252 1471 4311 6166666166

299 4327 383 4384 scripsi
393 4341 436 4382 pro
453 4325 570 4383 stupentes
586 4326 608 4378 1,
624 4325 645 4369 2.
709 4337 731 4381 q.
752 4323 912 4370 minitabantur
927 4326 949 4370 2.

371 4427 396 4481 1.
419 4425 615 4482 inclinationes.
705 4428 731 4482 2.
755 4427 855 4496 Pseu,
868 4429 893 4482 6.
