3110 4844
308 307 374 374 262
550 324 577 372 s.
594 324 771 372 cosmam
792 325 837 372 uu
858 325 962 374 uuncr
982 323 1170 374 samsones
1194 323 1239 371 roe

193 473 246 528 ⁷55
307 460 473 534 berhctus¹
496 486 607 533 servus
630 486 793 534 servorum
808 464 869 534 Dei
892 486 964 533 cum
987 465 1058 532 aliis
1073 465 1347 534 consacerdotibus
1363 464 1479 532 Christi

139 549 341 649 ⁶¹⁶¹²⁰t⁰⁸¹¹¹¹⁰et
362 581 547 669 presbiteris
570 602 627 650 seu
650 582 816 650 abbatibus
839 588 986 650 aeternae
1016 582 1235 670 prosperitatis
1264 602 1301 650 ac
1330 582 1419 669 pacis
1447 583 1480 648 in

306 697 443 766 Domino
467 698 612 766 salutem.

396 812 585 882 Profitemur
607 815 714 900 igitur,
739 813 918 900 karissimi,
942 813 1156 880 sincerissima
1178 814 1351 882 intentione
1374 833 1481 880 coram

306 927 375 996 Deo
399 934 431 996 et
454 930 562 998 electis
586 931 706 1016 angelis
730 931 814 998 eius:
839 929 923 1016 quia,
948 929 1207 1016 quandocumque
1230 935 1369 996 vestram
1386 929 1482 996 dilec

306 1043 425 1112 tionem
454 1047 542 1132 pacis
572 1067 608 1114 ac
636 1047 857 1134 prosperitatis
885 1049 1073 1132 proventum
1103 1051 1135 1113 et
1162 1051 1290 1113 sanctae
1318 1045 1483 1130 religionis

306 1159 340 1226 iu
369 1159 495 1228 Christo
529 1163 706 1249 proiectum
735 1183 905 1248 sacraeque
933 1163 1141 1230 exortationis
1169 1162 1307 1230 fructum
1336 1161 1376 1228 de
1405 1161 1482 1228 alio-

305 1295 377 1340 rum
401 1279 639 1345 conversatione
663 1278 872 1345 abundantius
895 1278 1011 1345 babere
1032 1279 1253 1363 rumigerulis·
1272 1277 1482 1345 referentibus

308 1391 468 1479 audimus,
503 1394 604 1479 quod,
637 1394 711 1461 inde
745 1394 822 1460 satis
855 1393 1028 1477 gaudentes
1064 1399 1097 1462 et
1128 1414 1186 1481 pro
1215 1393 1305 1460 uobis
1334 1393 1482 1460 obnixius

308 1514 449 1594 orantes,
477 1510 555 1577 laeti
583 1511 703 1595 gratias
733 1510 855 1594 agimus
885 1509 1029 1593 largitori
1055 1510 1210 1577 bonorum
1237 1509 1379 1575 omnium
1403 1507 1481 1576 Deo.

307 1623 438 1703 Quando
461 1625 586 1692 auam*
604 1625 711 1711 eliqua
732 1625 878 1709 religioni
895 1632 1019 1692 vestrae
1037 1626 1154 1692 iniuria
1168 1625 1253 1692 lacta
1269 1629 1338 1691 aut‘
1354 1623 1483 1710 aliquod

307 1741 489 1826 inrogatum
515 1746 664 1809 narratur
693 1741 861 1826 damnum,
890 1741 1014 1808 merord
1038 1745 1071 1808 et
1098 1741 1229 1809 tristitia
1257 1761 1315 1808 uos
1345 1740 1481 1822 cruciat3

308 1859 382 1943 qnia
404 1858 566 1941 nimirum,
591 1858 673 1924 sicut
694 1857 809 1941 gaudio
831 1863 936 1924 vestro
959 1857 993 1923 in
1016 1857 1141 1924 Christo
1165 1855 1415 1941 congaudemus,
1438 1858 1484 1923 ita

309 1978 341 2040 et
364 1974 557 2042 adversitate
580 1993 637 2060 pro
662 1971 787 2040 Christo
811 1973 989 2040 contristati
1011 1973 1220 2060 compatimur.
1302 1972 1374 2040 Non
1398 1973 1483 2039 euim

308 2089 476 2176 aliquando
504 2091 538 2156 iu
568 2089 722 2156 memoria
743 2094 853 2156 nostra
875 2089 1037 2157 obliterari
1060 2094 1194 2174 possunt
1215 2089 1414 2156 diversarum
1437 2096 1483 2156 st

309 2225 369 2291 quo
392 2205 639 2272 indefessorum·
662 2204 902 2272 tribulationum
926 2224 1074 2288 angores,
1105 2225 1200 2290 quos,
1223 2211 1259 2271 ut
1281 2205 1405 2272 uiscera
1428 2225 1483 2270 uo-

309 2325 391 2405 stra,
420 2322 567 2409 vosipsi
600 2340 669 2386 cum
694 2319 762 2388 Deo
793 2320 908 2387 dilecto
937 2325 1028 2406 patre
1055 2326 1164 2386 nostro
1193 2320 1284 2388 beate
1311 2321 1483 2388 memoriae

308 2435 467 2504 Bonifatio
490 2442 631 2523 martyre
653 2437 737 2504 inter
759 2439 975 2522 persecutores
998 2455 1139 2522 paganos
1162 2442 1194 2504 et
1216 2437 1372 2504 hereticos
1388 2441 1484 2523 atque

310 2553 505 2620 scismaticos
528 2551 708 2620 seductores
731 2553 765 2617 in
787 2558 853 2618 tam
876 2551 1054 2638 periculosa
1070 2572 1107 2619 ac
1123 2553 1286 2620 ferocitate
1300 2551 1397 2640 plana
1412 2573 1483 2639 per-

310 2669 506 2753 egrinatione
534 2688 592 2755 pro
621 2688 728 2735 amore
752 2672 899 2735 aeternae
921 2669 1044 2754 patriae
1066 2667 1160 2752 longo
1183 2674 1326 2755 tempore
1347 2669 1483 2735 sustine

309 2785 408 2867 batie3
438 2789 470 2852 et
499 2785 573 2870 qnia
596 2819 637 2830 --
663 2783 718 2849 illo
746 2782 867 2851 scilicet
894 2804 952 2870 per
981 2803 1114 2868 agonem
1141 2783 1288 2870 martyrii
1315 2804 1385 2850 cum
1420 2786 1484 2853 suis

308 2899 455 2988 plurimis
483 2899 664 2966 domesticis
694 2900 734 2966 ad
758 2904 919 2968 aeternam
942 2900 1087 2968 caelestis
1110 2901 1233 2986 patriae
1256 2900 1394 2985 quietem
1419 2901 1484 2986 glo-

308 3017 393 3082 rioso
414 3014 611 3101 feliciterque
633 3015 790 3100 migrante
813 3051 852 3061 —
879 3036 952 3100 vos,
976 3017 1030 3102 qui
1053 3016 1237 3102 superstites
1260 3015 1373 3082 talium
1397 3019 1483 3101 estis,

309 3130 442 3198 forsitan
470 3151 507 3197 eo
530 3131 737 3219 periculosius
761 3130 812 3198 ao‘
834 3130 993 3200 difficilius
1015 3133 1099 3198 iuter
1115 3131 1241 3199 diversa
1255 3136 1485 3219 temptamenta

310 3247 556 3332 conversamini,
585 3268 646 3334 quo
674 3253 762 3314 tanto
792 3252 883 3334 patre
913 3253 964 3315 et⁸
987 3247 1114 3314 doctore
1138 3246 1178 3313 ad
1200 3267 1330 3333 presens
1354 3267 1412 3315 ros
1436 3269 1483 3315 or-

310 3360 402 3430 batos
425 3381 493 3429 esse
516 3369 648 3430 mustei.

400 3476 443 3545 Et
466 3479 610 3563 quamvis
633 3478 707 3546 hinc
730 3479 884 3564 quaedam
907 3480 1088 3547 moesticiae
1104 3479 1281 3546 amaritudo
1297 3483 1408 3546 nosue
1422 3481 1483 3548 dis-

311 3595 432 3662 cruciat
454 3593 557 3662 rabdo
580 3595 762 3681 precordia,
792 3601 899 3664 tamen
920 3597 1049 3663 huiusce
1072 3594 1189 3662 doloris
1212 3595 1366 3679 gemitum
1390 3617 1484 3682 quae

312 3709 385 3778 dam
408 3711 534 3797 saepius
558 3710 598 3776 ad
621 3712 808 3778 memoriam
830 3711 955 3779 rediens
977 3711 1094 3778 nimiae
1118 3731 1155 3778 ac
1176 3731 1257 3778 nore
1280 3711 1483 3779 exultationis

311 3825 454 3894 hilaritas
477 3826 629 3894 iucundat
650 3847 688 3895 ac
715 3829 856 3912 mitigat3
886 3828 962 3894 dum
989 3827 1185 3913 frequentius
1214 3827 1391 3894 recolentes
1420 3849 1485 3895 am·

312 3942 449 4009 mirabili
471 3941 523 4010 vel
544 3942 650 4029 potius
673 3941 824 4011 ineffabili
839 3942 901 4010 Dei
922 3943 1035 4030 pietati
1057 3943 1267 4030 tripudiantes
1282 3943 1405 4026 gratias
1421 3945 1484 4028 agi·

312 4077 398 4124 mus:
423 4058 507 4144 quod
529 4063 595 4124 tam
618 4057 817 4145 praeclarum
840 4058 1068 4146 speculatorem
1090 4059 1236 4127 caelestis
1258 4055 1484 4128 bibliothecae¹

384 4248 405 4282 a
426 4235 576 4293 rumigerulus
594 4235 621 4282 V.
697 4235 721 4283 b.
742 4235 762 4283 li
780 4237 807 4283 7.
886 4249 906 4282 c.
926 4235 972 4283 aud
990 4236 1018 4283 V.
1091 4236 1114 4283 ri
1135 4249 1221 4284 memor
1238 4237 1266 4284 7.
1339 4237 1483 4286 adiverant

313 4315 382 4375 siqua
396 4313 524 4362 indefessas
541 4315 569 4362 V.
647 4313 663 4362 l.
683 4315 713 4363 ad
731 4316 758 4363 7.
836 4330 858 4375 g.
879 4330 893 4362 e
911 4316 938 4363 V.

385 4419 410 4475 1.
435 4417 554 4491 archiep.
574 4417 787 4493 Caesariensis,
806 4420 960 4478 ⁷40-762.
1049 4421 1074 4478 i.
1098 4418 1252 4478 bibliorum.
