3148 4846
301 289 369 358 too
396 279 399 296 '
538 311 744 360 wrnnms1m1
765 313 847 361 vrrs
869 313 895 362 s.
911 313 1088 362 sosnrsrn
1110 287 1186 364 oss.
1201 314 1237 362 vr

231 455 285 515 ⁷22
302 449 442 518 (lienum¹
458 449 645 539 Italiaeque,
678 454 744 522 iam
771 455 902 523 eollibus
929 455 1061 542 Alpium
1089 457 1299 540 transcensis,
1332 456 1460 524 limitum

300 563 378 634 lines
407 565 624 655 militumque¹
652 571 805 638 terminos
831 572 1078 654 transmigravit
1123 571 1168 638 Et
1194 571 1356 640 Romanae
1381 573 1461 640 urbis

299 683 463 752 moenibus
496 686 699 771 eonspeetis·,
728 685 910 754 Altithrone
937 693 1069 775 repente
1098 687 1269 772 condignas
1296 689 1462 772 graliamm

299 798 409 866 laudes
430 799 577 888 rependit
604 807 652 886 et,
681 801 721 868 ad
750 802 835 870 beati
856 802 943 870 Petri
969 824 1044 870 mox
1066 803 1251 872 aeeclesiam
1273 805 1462 891 perveniens,

300 912 444 998 diligenti
479 936 514 982 se
543 917 685 984 oratione
714 919 858 986 munivit.
950 918 1031 986 Cum
1060 940 1135 987 vero
1163 920 1283 988 lassata
1310 922 1463 1009 paulisper

299 1031 442 1098 membra
464 1031 671 1118 quievissent,
693 1033 757 1100 ianr
782 1034 873 1100 besto
896 1032 1047 1118 Gregorio
1072 1037 1263 1124 apostolieae
1284 1037 1369 1104 sedis
1390 1057 1464 1124 pon·

299 1144 378 1214 ttici
397 1147 576 1216 nuntiatum
599 1155 657 1234 est,
681 1150 765 1236 qnod
786 1151 838 1216 hio
852 1149 912 1216 Dei
934 1150 1071 1218 famulus
1092 1151 1264 1222 adveniret.
1299 1153 1464 1233 Quintium

299 1259 378 1330 bene
401 1270 580 1351 suseeptns,
604 1265 849 1332 zenodochiumb
872 1265 1025 1334 adductus
1048 1273 1105 1336 est

387 1379 584 1448 Adveniente
612 1383 720 1466 itaque
743 1385 896 1469 oportuno
920 1382 1146 1451 eonloeutiouis
1169 1405 1279 1452 eorum
1301 1385 1352 1452 die
1377 1388 1408 1452 et
1429 1383 1465 1452 ad

299 1493 462 1564 basilioam
490 1496 575 1564 beati
597 1496 684 1564 Petri
707 1497 842 1584 apostoli
866 1498 1056 1566 adventante
1078 1500 1214 1584 glorioso
1237 1501 1321 1567 sedis
1343 1505 1465 1588 aposto-

298 1609 393 1679 linas
421 1611 591 1698 pontideil,
621 1613 787 1680 eeuiostim
815 1612 867 1680 hie
888 1613 949 1681 Dei
977 1615 1113 1682 famulus
1141 1617 1293 1683 invitatus
1322 1622 1383 1684 est
1424 1613 1467 1684 Et

299 1745 370 1794 oum
391 1729 502 1814 paneis
524 1729 565 1796 ad
586 1730 723 1796 invieem
747 1749 783 1796 ao
808 1728 948 1817 panificia
976 1751 1010 1797 se
1037 1731 1228 1800 salutassent
1255 1732 1379 1816 verbis,
1407 1733 1467 1798 iem

298 1841 337 1910 de
364 1843 501 1912 simbulo
529 1851 562 1911 st
589 1843 664 1928 fidei
692 1845 941 1912 aeoolesiastioae
969 1847 1139 1916 traditione
1166 1849 1356 1938 apostoliens
1381 1849 1467 1916 illum

298 1960 439 2045 pontifex
467 1960 640 2046 inquisivit
677 1959 737 2028 Oui
764 1981 839 2027 mox
866 1961 917 2028 hio
944 1963 994 2028 vir
1016 1962 1078 2030 Dei
1105 1963 1267 2032 humiliter
1294 1963 1466 2050 respondit,

297 2075 419 2142 disens:
449 2077 588 2144 Domine
617 2077 803 2163 apostolioq,
832 2081 910 2146 novt
935 2103 986 2145 me
1012 2083 1208 2167 insperatos,
1236 2085 1303 2147 sam
1320 2085 1466 2168 perapsi-

296 2215 372 2272 soe,
396 2205 516 2260 vestm
528 2193 769 2278 familiaritatis
791 2189 967 2272 somoae'5
992 2199 1048 2263 sed
1069 2219 1173 2284 queso,
1196 2211 1232 2264 ot
1254 2201 1371 2264 otium·
1393 2197 1470 2263 mitt

297 2321 416 2395 tempos
449 2309 688 2376 consedentes
713 2311 796 2396 fidpi
828 2313 995 2392 aeneadas,
1031 2325 1060 2378 st
1091 2325 1179 2379 nmio
1211 2325 1332 2380 tunsam
1362 2315 1466 2380 littero

296 2447 398 2490 meam
419 2425 651 2490 radoooida'ler
664 2426 764 2509 fidem
779 2429 955 2514 adaperiat.
989 2426 1050 2504 Qui
1065 2428 1162 2495 etiam
1176 2428 1320 2514 protinus
1335 2447 1468 2496 eonsen-

296 2541 340 2608 sit
361 2545 402 2623 et,
426 2545 462 2606 ot
483 2539 597 2608 festine
619 2540 700 2608 hano
722 2541 911 2628 scripturam
935 2542 1085 2628 deferret,
1111 2545 1289 2630 imperavit.
1376 2545 1470 2612 Gum-

297 2674 367 2742 que,
391 2655 551 2742 aliquanto
574 2657 727 2744 temporis
743 2658 866 2725 evoluto
901 2659 1015 2744 spatio,
1039 2665 1166 2726 sannae
1181 2659 1346 2728 Trinitatis
1362 2660 1468 2745 iidem,

295 2771 417 2838 urbana
446 2771 642 2858 eloquentiae
669 2772 816 2840 seientia‘
844 2775 1070 2862 eonseriptam,
1103 2775 1282 2860 detulisset,
1314 2776 1471 2844 reddidit-

296 2896 375 2972 que'
389 2889 533 2975 praefato
555 2887 706 2976 pontilioi.
741 2889 948 2976 Exspectavit
968 2890 1172 2958 nihilominus
1194 2891 1311 2979 qnippe
1328 2891 1399 2960 dies
1416 2893 1470 2960 ad-

296 3001 357 3070 hue
380 3003 512 3090 aliquos.
1264 3050 1266 3057 ν

386 3119 438 3187 Sio
459 3120 565 3188 saltim
579 3121 766 3188 reinvitatus
783 3127 847 3203 est3
871 3126 912 3206 et,
929 3120 1117 3190 Lateranem
1134 3122 1341 3208 introductus,
1364 3123 1470 3192 hnmi-

295 3233 368 3302 liter
390 3255 491 3323 prono
512 3237 602 3304 vultu
624 3238 780 3324 protinus,
803 3237 962 3324 postulata
984 3237 1209 3322 benedietione,
1234 3240 1368 3327 pedibus
1392 3258 1471 3328 apo·

298 3351 402 3418 stolioi
430 3350 587 3437 pontilicis
616 3352 781 3420 advolutus
810 3358 867 3420 est
900 3352 1020 3440 Quique
1042 3361 1172 3443 repente
1195 3355 1330 3422 elevavit
1351 3377 1471 3423 eume

295 3472 396 3550 terra3
421 3472 453 3534 et
475 3473 604 3552 sartam,
627 3469 662 3534 in
685 3488 748 3554 qua
769 3469 895 3552 integra
916 3475 949 3536 et
970 3471 1157 3557 incorrupta
1171 3470 1247 3554 fidei
1265 3472 1370 3558 patuit
1384 3473 1471 3540 veri·

296 3589 356 3667 tas,
380 3583 452 3650 huie
469 3582 531 3651 Dei
552 3584 671 3654 famulo
693 3585 847 3668 reddidit;
871 3605 1004 3670 eumque
1024 3586 1192 3654 oonsedere
1205 3587 1289 3655 feeit
1323 3587 1472 3656 Etsalu-

295 3699 381 3766 tare¹¹
405 3721 477 3767 eum
500 3701 722 3770 admonitionis
745 3701 889 3770 doctrina
910 3703 1077 3787 instruxit,
1104 3708 1142 3770 ut
1168 3703 1251 3770 hane
1277 3703 1346 3772 sine
1369 3705 1471 3772 iuter·
1544 3677 1549 3695 ⁸

294 3816 445 3884 missione
477 3817 699 3886 intemeratam
732 3817 807 3902 fidei
844 3819 1052 3887 munitionem
1090 3825 1289 3888 oeuservaret
1325 3825 1359 3888 et
1395 3821 1471 3888 aliis

91 4010 97 4023 ,
294 3933 450 4001 instanter
483 3953 611 4002 suarum
646 3953 704 4021 pro
734 3935 943 4020 possibilitate
971 3935 1087 4006 virium
1114 3937 1320 4023 praedicaret
1365 3935 1473 4004 Multa

224 4020 239 4042 ⁶
294 4069 418 4136 quoque
446 4049 510 4117 alia
532 4050 571 4120 de
592 4049 751 4134 relegione
773 4052 950 4121 sauotitatis
973 4057 1005 4120 et
1025 4051 1100 4136 fidei
1123 4053 1255 4122 veritate
1277 4052 1471 4122 semoitando

366 4205 387 4238 a.
408 4193 569 4252 eonspeetibus
579 4196 605 4241 1¹⁸.
683 4193 706 4240 b.
727 4193 888 4241 senodoahlsm
905 4197 930 4252 F,
946 4194 1112 4242 xenedochium
1123 4199 1152 4252 A,
1160 4197 1189 4242 B.
1266 4209 1286 4242 a.
1307 4195 1430 4256 apostoliei
1440 4197 1469 4244 F.

296 4271 319 4318 d.
338 4272 447 4331 postidea
462 4277 491 4321 A.
553 4289 574 4320 e.
593 4291 674 4320 mnu
689 4291 765 4320 nom
781 4291 838 4320 corr.
854 4279 876 4321 r'n
893 4275 991 4321 otiosum
1008 4277 1033 4322 F.
1094 4273 1111 4322 f.
1131 4275 1218 4321 urbana
1233 4275 1375 4335 eloquentiae
1389 4275 1468 4323 suisa·

295 4351 340 4396 tiso
355 4355 383 4407 F,
397 4351 485 4399 urbm
500 4353 642 4412 eloquentiae
658 4353 755 4401 edentis
769 4358 798 4410 A,
814 4357 842 4401 B.
919 4368 941 4412 q.
963 4355 1063 4402 reddidit
1078 4357 1106 4401 A.
1183 4354 1209 4401 lv.
1229 4353 1323 4402 adulari
1336 4359 1367 4403 A.

368 4447 391 4499 1.
417 4444 457 4500 ef.
477 4461 560 4516 snpra
577 4463 604 4516 p.
617 4447 671 4503 444
689 4465 715 4502 n.
729 4449 754 4504 5.
844 4449 869 4504 2.
894 4464 1019 4504 sermone
1036 4454 1096 4505 tum
1113 4449 1217 4505 Romae
1235 4451 1366 4520 populari.
