3176 4846
316 271 383 338 640
519 290 600 338 vrrs
622 289 776 340 sasonnr
799 288 1059 340 snonmnrsoosr
1080 289 1276 340 noousrrsr

228 440 297 496 1159
316 436 348 498 et
369 431 445 517 quia
464 452 493 498 er
483 431 694 500 familiarior
709 437 786 500 erat.
820 430 863 498 Et
878 451 969 498 snum
984 431 1165 518 hospitium,
1189 431 1316 498 medio
1307 452 1340 497 ιιι
1356 429 1476 517 publico
1579 463 1580 474 ι

233 513 288 560 Μ’
315 567 372 635 pro
402 547 501 634 ipsius
531 547 640 634 oppidi
667 546 786 614 foribus
814 566 928 632 magno
956 548 1109 614 macerie
1138 548 1251 616 robore
1278 552 1422 635 septum,
1450 551 1479 614 et

314 662 526 732 multitudinis
554 667 623 730 arat
645 663 790 748 capacius
814 668 861 746 et,
892 662 925 728 in
948 663 1111 730 cuiusdam
1134 663 1209 730 velli
1232 663 1405 732 ominentia
1425 682 1478 749 pa·
1579 689 1580 720 ι

314 779 400 846 tuteb
422 780 593 863 consitum,
616 778 750 846 liberum
773 777 972 846 cernentibus
994 779 1228 866 longioremque
1249 781 1366 867 passim
1390 777 1478 866 polli-
1578 767 1580 830 l

315 896 443 964 cebatnr
465 896 626 964 intuitum.

405 1012 507 1080 Tanta
529 1017 635 1079 antem
657 1010 704 1078 vis
728 1009 842 1094 algoris
865 1010 1025 1094 regionem
1048 1011 1136 1078 illam
1160 1016 1192 1078 et
1215 1031 1338 1078 omnem
1354 1009 1478 1078 meridi-

315 1147 409 1196 anam
431 1128 558 1214 plegem
581 1147 619 1194 ea
640 1132 828 1214 tempestate
850 1133 1088 1214 compresserat,
1111 1133 1147 1194 nt
1169 1133 1201 1196 et
1223 1147 1319 1213 aque,
1341 1127 1376 1192 in
1398 1131 1479 1194 terra

315 1243 483 1313 duritatem
512 1249 636 1328 macta,
666 1242 819 1310 solidum‘
842 1242 960 1329 plantis
983 1245 1043 1310 iter
1065 1243 1290 1330 prebuerit-
1311 1242 1394 1330 quod
1416 1242 1479 1310 illic

314 1366 548 1428 monstruosum
571 1365 620 1428 cst
636 1395 676 1406 --
694 1363 735 1444 et,
758 1379 864 1426 rerum
886 1358 956 1443 lege
978 1358 1363 1443 necestuosorum
1379 1359 1479 1427 coloni

314 1477 348 1543 in
371 1476 526 1563 aquilonis
549 1475 675 1544 elimate
698 1496 732 1542 se
754 1474 894 1542 hiemare
915 1476 1149 1544 contenderent

403 1591 636 1680 Hospitalitatis
664 1591 761 1675 igitur
794 1591 927 1678 expletis
958 1590 1085 1676 officiis,
1115 1592 1189 1658 dum
1218 1610 1332 1658 eurora
1359 1591 1481 1676 spargit

314 1708 422 1796 polum
444 1709 598 1793 terrisque
621 1707 776 1774 illabitur·
800 1706 891 1792 diost
914 1727 1009 1794 super
1031 1709 1156 1792 nogotio
1180 1706 1287 1774 domni
1306 1706 1481 1790 Maguntini

314 1825 472 1911 principes
499 1828 712 1892 convenerunt
738 1822 773 1888 in
794 1843 908 1905 unnm;
939 1822 1071 1908 quilibet
1097 1824 1197 1910 ipsius
1225 1823 1373 1890 iniuriam
1401 1829 1480 1890 tam-

315 1959 409 2025 qrem
438 1959 528 2006 snam
556 1939 705 2026 prosequi
732 1939 871 2026 cupiens.
912 1938 975 2006 Sed
1004 1938 1175 2006 obsidionis
1197 1939 1286 2008 labor
1308 1945 1403 2024 atque
1426 1960 1481 2005 en-

314 2057 416 2122 xietae
439 2055 559 2141 aliquot
579 2055 749 2123 resistebat
771 2055 897 2138 diebus;
921 2074 979 2122 neo
1001 2055 1136 2122 debetur
1158 2055 1265 2138 otium,
1289 2061 1325 2121 ut
1347 2054 1481 2122 domnus

313 2172 485 2259 imperator
518 2172 591 2238 huic
624 2171 726 2238 malo⁸
753 2171 930 2258 imponeret
959 2171 1100 2238 debiturn
1126 2170 1229 2237 finem.
1320 2171 1386 2238 Nec
1413 2171 1482 2238 sine

313 2307 427 2372 magno
457 2287 560 2356 cordis
590 2288 696 2355 dolore
724 2286 920 2354 transibanth
948 2287 1123 2374 principes,
1152 2287 1319 2375 presertim
1346 2286 1481 2372 Magnn-

313 2405 380 2470 tine
408 2403 538 2472 ecclesie
565 2404 724 2486 homines,
752 2409 875 2470 tantm
902 2402 1060 2470 iniuriam.
1096 2401 1374 2488 Conquerebantur
1396 2405 1482 2470 enim

314 2519 424 2588 sedula
445 2521 633 2589 contritione
656 2518 808 2586 altissimo
831 2519 914 2603 Deo,
945 2519 1029 2604 quod
1056 2518 1269 2588 huiuscemodi
1292 2521 1482 2588 conditionis

314 2637 374 2702 riri
403 2641 469 2702 tam
497 2635 700 2702 temerarium
727 2642 761 2702 et
787 2635 992 2702 criminosum
1020 2635 1142 2702 facinus
1171 2637 1203 2702 in
1232 2641 1297 2702 tarn
1320 2637 1481 2704 excelsum

312 2753 489 2840 prinoipem
518 2750 777 2837 magnificumque
808 2751 1090 2839 archiepiscopum¹
1113 2758 1146 2818 et
1172 2753 1206 2818 in
1235 2759 1299 2819 tem
1321 2753 1483 2820 nobilissi-

313 2889 398 2937 mam
420 2869 527 2936 sedem
556 2872 811 2954 attemptassent3
843 2867 1029 2953 adicientes,
1059 2868 1159 2953 qnod,
1189 2869 1300 2936 eiiam
1324 2869 1484 2938 lasesset

314 2992 346 3054 et
372 2985 434 3053 nisi
461 3005 519 3072 per
545 2985 768 3070 imperatorem
796 2983 961 3051 dumtaxat
993 2983 1189 3068 omitterent,
1224 2983 1356 3052 dirersis
1389 2987 1483 3073 penis

314 3101 468 3185 remeo,
496 3100 617 3184 laqueis
645 3119 754 3166 eornm
780 3105 909 3183 gutture
930 3099 1201 3186 mnstrmgerenr,
1231 3107 1264 3168 et
1285 3101 1382 3168 variis
1405 3124 1483 3189 sup-

313 3217 417 3305 pliciis
440 3215 556 3301 aotos¹‚
580 3215 777 3282 diversarum
798 3233 914 3299 genera
935 3235 1089 3302 penarum
1111 3216 1338 3303 experirentur.

146 3351 304 3400 menese
403 3332 561 3416 Tandem,
595 3351 667 3399 curn
696 3331 877 3418 sollempnis
905 3332 1117 3400 sacratissime
1146 3333 1320 3400 nativitatis
1349 3333 1482 3401 Domini

313 3455 400 3515 ortus
422 3453 559 3532 urgeret,
581 3453 676 3516 nacta
698 3449 908 3533 oportunitate
929 3484 969 3496 —
993 3450 1027 3516 in
1048 3449 1152 3515 medio
1175 3449 1307 3516 exhibiti
1329 3469 1402 3518 cnm
1426 3451 1485 3518 ob-

312 3565 403 3632 iectis
430 3564 620 3652 respondere
648 3564 828 3648 nequirent,
857 3583 916 3630 nec
944 3570 1027 3632 esset
1049 3566 1235 3632 conveniens
1259 3585 1367 3634 eorum
1390 3569 1484 3636 testi·

312 3681 468 3764 moninm;
498 3685 530 3748 et
552 3701 593 3748 ex
615 3679 795 3767 principum
818 3681 974 3751 sententia
996 3681 1105 3748 mortis
1130 3691 1233 3767 pene*
1257 3683 1361 3750 addici
1384 3703 1485 3771 super

312 3796 470 3865 horrenda
498 3816 556 3864 sua
583 3797 818 3883 presumptione
848 3797 987 3864 universi
1015 3795 1165 3863 deberent
1188 3833 1230 3844 —·
1253 3798 1404 3866 indicium
1434 3800 1485 3867 sic

312 3920 468 3982 mutatum
488 3917 537 3982 est
550 3913 584 3980 in
599 3912 778 3980 consilinm:
802 3918 838 3980 ut
852 3912 924 3999 ipsi,
940 3912 1120 3978 omnimode
1135 3913 1349 3982 satisfactione
1364 3915 1484 3983 domno

313 4031 460 4119 episeopo
488 4032 523 4096 in
549 4029 766 4097 misericordia
794 4028 844 4096 rol
865 4027 981 4096 indicio
1004 4027 1247 4116 respondentes,
1276 4031 1359 4098 siout
1380 4032 1485 4100 vitam

385 4257 405 4290 a.
426 4243 534 4290 materiae
549 4246 571 4291 2.
642 4243 665 4290 b.
685 4243 764 4304 patulo
781 4243 802 4290 1.
877 4255 897 4290 c.
917 4242 1008 4290 solitum
1025 4244 1047 4290 1.
1123 4243 1283 4292 dimmntats
1298 4246 1320 4291 2.
1393 4260 1415 4292 e.
1433 4245 1484 4292 illi-

312 4321 379 4369 batur
395 4323 417 4370 i.
478 4323 495 4369 i.
517 4325 593 4370 oen.
655 4336 677 4381 g.
697 4322 765 4370 modo
779 4325 800 4370 2.
862 4323 885 4370 lu.
906 4323 1047 4372 transiebant
1063 4326 1085 4380 1,
1101 4323 1291 4382 ammaonte.
1353 4326 1483 4386 topicam

313 4403 399 4460 pnmd.
477 4401 499 4446 k.
520 4405 561 4448 εἰσ.
638 4401 655 4450 l.
675 4403 879 4461 muidngarsntl.
955 4417 986 4451 11.
1004 4406 1103 4464 pomi.
