3110 4844
308 280 374 346 266
551 297 771 348 anonumum
792 299 837 346 uu
859 299 962 347 uuum
983 298 1170 348 ucrsrousn
1193 299 1238 352 roe

191 445 245 501 755
307 459 364 506 nes
394 439 433 506 ab
457 439 503 506 eis
526 459 598 506 eum
621 441 692 527 ipso
714 439 818 506 iudice
840 439 1016 508 dictrictius
1038 440 1181 526 requirit.
1226 438 1272 506 At
1293 459 1369 506 voro
1392 458 1410 506 o
1432 439 1477 506 di-

136 523 298 568 exeuntem
307 575 408 640 uerso,
421 556 610 641 quicumque
624 556 709 623 illius
726 575 835 622 sacrae
850 556 1059 624 institutionis
1075 575 1111 622 ao
1125 555 1287 623 doetrinae
1301 554 1478 622 normulam

306 671 367 739 rite
390 676 632 757 consequuntur,
654 692 713 759 pro
737 677 822 739 certo
846 692 881 738 se
903 673 1005 740 scient
1027 677 1059 738 et
1079 672 1180 758 ipsius
1202 671 1363 739 Romanae
1385 677 1479 758 atque

307 787 478 875 apostolice
501 788 661 872 ecclesiae,
686 809 705 854 a
728 807 791 872 qua
812 788 936 872 legatus
959 788 1006 855 eis
1030 793 1062 855 et
1084 788 1192 854 doctor
1208 787 1345 854 directus
1361 792 1422 872 est,
1445 807 1480 855 ec

306 903 420 970 deinde
449 903 569 989 pariter
596 923 667 970 oum
698 923 736 970 ee
759 904 900 970 omnium
923 909 1067 971 nostrum
1091 902 1207 970 bebere
1229 908 1262 970 et
1283 903 1427 970 viventes
1450 908 1480 970 et

306 1019 476 1086 morientes
498 1021 532 1085 in
555 1020 696 1086 oratione
719 1024 751 1086 et
773 1020 943 1087 missarum
966 1019 1191 1104 celebratione,
1219 1022 1375 1106 utsupra
1398 1018 1480 1086 dixi·

306 1155 387 1219 mus,
409 1141 597 1222 perpetuam
615 1136 885 1218 communionem
910 1135 938 1202 si
951 1141 1059 1203 tamon
1074 1155 1174 1220 usque
1190 1135 1230 1202 ad
1244 1132 1340 1201 finem
1354 1132 1481 1202 firmam

306 1251 413 1335 vobis,
444 1251 557 1318 debinc
586 1251 765 1319 doctoribus
796 1258 828 1320 et
855 1251 1029 1318 rectoribus
1057 1272 1133 1318 suae
1156 1250 1289 1335 salutis,
1318 1250 1482 1317 humiliter

307 1373 402 1451 atque
431 1367 610 1434 amabiliter
640 1387 699 1454 pro
722 1366 790 1433 Deo
814 1373 846 1434 et
869 1373 998 1435 aeterna
1019 1367 1163 1435 mercede
1185 1385 1248 1434 non
1271 1365 1482 1450 dedignantur

306 1483 470 1566 obaedire3
494 1503 557 1550 non
580 1481 762 1550 deficientes
786 1483 965 1568 aliquando,
990 1488 1026 1552 ut
1046 1483 1187 1551 indevoti
1201 1482 1252 1549 vel
1267 1481 1403 1566 subdoli,
1425 1481 1480 1548 sed

306 1619 432 1686 semper
461 1605 497 1666 ut
518 1599 619 1666 bonae
642 1598 758 1665 indolis
782 1599 929 1686 discipuli
951 1597 1151 1686 proficientes
1173 1605 1206 1666 et
1226 1597 1362 1665 fidebter
1385 1597 1481 1664 adbe-

306 1720 412 1782 rentes
435 1735 511 1782 suae
538 1713 655 1781 milicie
685 1715 720 1780 in
743 1714 869 1782 Christo
898 1715 1059 1798 magistris
1088 1715 1128 1782 ad
1156 1714 1297 1802 palmam
1323 1734 1481 1800 supernae

302 1831 479 1922 wvocationis
502 1830 563 1898 Dei
586 1835 619 1898 et
640 1830 774 1914 glorium
797 1832 888 1914 regni
911 1830 1064 1898 caelestis.

395 1947 482 2014 Haec
510 1946 696 2014 salutatoria
725 1953 830 2014 vestre
859 1947 1021 2014 sanctitati
1054 1945 1238 2032 scripsimus
1270 1945 1383 2029 rerba,
1417 1966 1480 2012 non

306 2063 397 2148 quasi
419 2063 538 2147 ignaris
562 2066 617 2130 aut
638 2061 871 2146 indigentibus·
894 2069 1022 2130 nostroe
1042 2062 1230 2128 rusticitatis
1245 2061 1402 2144 normula,
1425 2061 1481 2128 sed

307 2179 466 2246 caritatisl
495 2185 589 2264 etque
622 2178 880 2246 communitionis
908 2185 1037 2245 mutuae
1065 2179 1183 2262 gretia3
1212 2183 1428 2245 contestantes
1450 2185 1482 2246 et

307 2294 507 2362 obsecrantes
530 2315 588 2382 per
611 2296 857 2381 omnipotentem
877 2295 979 2362 Deum
1004 2301 1036 2362 et
1057 2293 1157 2360 lilium
1181 2295 1247 2361 eius
1269 2293 1374 2361 Iesum
1390 2293 1481 2362 Chri-

308 2416 394 2477 stum
417 2417 450 2478 et
472 2411 641 2477 adventum
664 2412 765 2498 ipsius
789 2417 822 2478 et
843 2431 977 2495 regnum
1000 2407 1099 2478 eius¹:
1123 2415 1159 2477 ut
1179 2429 1246 2494 ros,
1270 2411 1481 2494 okarissimi,

308 2526 412 2592 cuncti
436 2526 624 2610 generaliter
646 2545 717 2593 eum
741 2526 889 2593 subiectis
911 2527 1001 2594 robis
1024 2527 1058 2592 in
1074 2524 1199 2592 Christo
1215 2545 1273 2612 per
1287 2525 1397 2592 omnia
1411 2525 1481 2593 sitis

307 2642 496 2728 compared
524 2642 660 2708 inuicem
687 2641 795 2710 fideles
825 2642 984 2710 adiutores
1014 2647 1046 2708 et
1072 2642 1236 2708 unanimes
1259 2647 1482 2728 cooperatores

307 2763 417 2826 contra
445 2778 554 2826 omnes
578 2758 771 2825 orthodoxae
792 2756 866 2824 fidei
887 2758 1032 2826 inimicos
1055 2763 1149 2844 atque
1171 2757 1325 2825 hereticos
1349 2762 1382 2824 et
1405 2759 1482 2826 seis·

307 2875 439 2942 matioos
468 2894 505 2940 ac
528 2874 739 2958 nequissimae
762 2873 1008 2942 conversationis
1031 2873 1183 2940 homines.
1229 2873 1290 2940 Per
1312 2873 1373 2942 boe
1396 2875 1482 2942 enim

308 2991 396 3058 eritis
425 2991 514 3058 bonis
536 2990 715 3058 hominibus
740 2989 891 3058 amabiles
915 3011 970 3057 seu
992 2989 1167 3058 laudabiles
1190 2995 1223 3057 et
1243 2989 1311 3058 Deo
1335 2991 1482 3079 omnipo-

308 3107 388 3174 tenti
422 3106 629 3194 acceptabiles
658 3086 752 3193 atq'ue
779 3107 854 3173 cari.
901 3104 945 3172 Et
966 3106 1012 3172 ita
1034 3125 1106 3173 eum
1129 3107 1198 3193 ipso
1222 3106 1365 3192 praefato
1389 3107 1480 3175 beato

309 3227 400 3309 patre
428 3228 462 3289 et
488 3223 711 3308 predecessore
739 3228 844 3290 vestro
871 3221 995 3288 fobeam
1018 3221 1052 3288 in
1074 3222 1180 3288 futuro
1203 3241 1313 3290 vocem
1335 3244 1356 3288 a
1376 3223 1481 3290 iudice

309 3342 493 3405 cunctorum
516 3337 642 3405 Christo
665 3337 781 3422 singuli
803 3338 952 3404 mereatis
975 3335 1099 3404 audire:
1128 3338 1219 3426 Eupo
1244 3338 1368 3423 inquiet
1395 3362 1481 3406 aerea

309 3456 387 3521 bone
409 3467 438 3522 ct
451 3456 577 3538 fidelie3
602 3458 679 3541 quic
700 3477 796 3542 cuper
815 3477 922 3541 puceu
935 3454 1036 3539 subti
1049 3455 1173 3538 fidelis,
1202 3477 1303 3541 capro
1329 3456 1432 3522 musto
1453 3469 1480 3522 te

309 3573 513 3648 amedeum
535 3574 622 3638 inmo
642 3573 797 3658 quodiam
818 3571 955 3636 Domini
976 3564 1049 3636 Μ’.
1088 3569 1201 3636 Amen.

348 3685 380 3754 ·l·
403 3685 609 3772 Omnipotens
633 3685 720 3753 Deus
741 3705 798 3753 vos
822 3705 930 3752 omnes
954 3684 1009 3751 diu
1031 3684 1205 3752 incolumes
1226 3685 1259 3753 in
1284 3705 1341 3752 suo
1370 3691 1479 3752 saneto

309 3821 416 3869 amore
438 3808 471 3869 et
489 3803 603 3869 timore
618 3801 776 3870 custodire
791 3801 947 3886 dignetur,
971 3800 1168 3869 dilectissimi
1182 3801 1297 3869 fratres
1313 3822 1351 3870 ao
1363 3800 1422 3868 filii
1436 3801 1477 3868 ÷.

532 3916 883 3986 tGuthberhctus
913 3917 1241 4004 archiepiscopus

531 4033 564 4099 ÷
586 4031 701 4100 Lullo
1006 4033 1250 4127 coepiscopo.

379 4188 401 4222 a
420 4173 561 4222 iudientibue
579 4175 607 4223 7.
683 4175 706 4223 b.
728 4173 880 4222 eedicaritatis
898 4175 926 4222 7.

379 4281 405 4335 1.
428 4279 463 4336 V.
482 4281 499 4334 2
512 4277 630 4334 Timotb.
643 4279 669 4350 4,
682 4280 707 4334 1.
798 4279 824 4333 2.
847 4277 943 4334 blatill.
956 4279 999 4349 25,
1012 4279 1055 4333 21.
