3024 4864
311 278 338 328 s.
355 279 532 328 normann
553 280 597 326 nr
618 279 723 328 nunu
744 277 932 326 mueronem
959 279 990 326 sa
1171 259 1238 327 229

75 419 144 486 libet
156 418 291 488 eolesiae
306 421 501 488 sacerdotem
515 421 652 508 inprae·
685 419 810 488 effectui
838 421 1063 508 maneipemus.
1097 417 1142 486 Et
1166 419 1237 486 ideo
1278 430 1329 486 751

74 535 131 602 ee
151 537 345 603 monasterio
368 537 524 604 dicionem
543 556 652 622 quem-
685 557 812 604 ornnem
834 535 1002 604 cuiuslibet
1022 535 1172 604 eoolesiae
1188 555 1239 602 sa·
1256 503 1355 563 (Μ

72 650 141 720 libet
180 651 298 720 habere
337 657 393 720 aut
432 653 652 722 auctoritatem
685 653 845 721 eerdotem
867 653 901 718 iu
923 652 1066 740 praefato
1080 655 1239 718 moneste-

71 772 190 854 praeter
218 767 326 836 sedem
349 768 556 856 apostolioem
578 789 651 857 pro-
683 769 732 836 rio
755 769 907 836 ditionem
930 767 1105 855 quamlibet
1123 767 1239 837 habere

70 883 222 966 bibemue3
253 885 299 950 ita
320 889 367 969 ut,
389 886 452 952 nisi
475 884 515 952 ab
538 885 651 953 abbate
684 884 744 951 bae
770 884 958 952 auctoritate
983 888 1111 971 praeter
1133 884 1240 952 sedern

70 1000 249 1068 monasterii
275 1000 373 1066 inerit
398 1001 566 1085 invitatus,
593 1021 653 1068 neo
685 999 1120 1087 apostolioamprohibemus3
1135 1001 1239 1086 itaut,

68 1117 233 1182 missarum
249 1115 368 1184 ibidem
385 1116 652 1204 sollempnitatem
684 1116 747 1182 nisi
762 1115 802 1184 ab
819 1116 932 1185 abbate
946 1116 1130 1184 monasterii
1144 1116 1241 1185 fuerit

69 1233 224 1319 quispiam
258 1237 442 1318 praesumat
470 1234 652 1300 omnimodo
684 1232 847 1316 invitatus,
864 1253 923 1299 neo
941 1233 1112 1300 missarum
1124 1232 1238 1301 solem·

68 1346 240 1431 celebrare,
268 1353 305 1415 ut
326 1348 485 1435 proiecto,
506 1350 598 1417 iuxta
619 1349 653 1417 id
685 1349 818 1415 nitetem
837 1348 954 1416 ibidem
973 1349 1131 1437 quispiam
1147 1370 1239 1436 prae-

68 1463 144 1549 quod
168 1463 348 1530 subieotum
371 1464 562 1552 apostolieae
584 1465 653 1533 sedi
686 1469 791 1532 sumet
813 1464 993 1532 omnimodo
1012 1464 1181 1552 celebrare,
1204 1470 1241 1534 ut

67 1575 213 1648 firmitate
236 1579 396 1667 privilegii
418 1582 577 1666 consistit,
603 1582 652 1648 in-
686 1580 838 1666 profeoto‚
854 1581 945 1648 iuxta
958 1581 993 1648 id
1007 1581 1091 1667 quod
1106 1581 1240 1650 subiecti

66 1715 215 1764 emensae
237 1695 381 1764 dotatum
402 1701 588 1784 permaneat
605 1697 652 1764 lo-
686 1695 867 1784 apostolicis
917 1696 1092 1784 privilegiis
1136 1699 1239 1766 oonsi-

65 1812 105 1878 ois
127 1817 160 1879 et
182 1813 291 1897 rebus,
314 1819 381 1882 tem
404 1814 461 1898 eis,
485 1834 563 1900 quas
585 1835 652 1881 mo-
686 1817 788 1897 stunt,
811 1814 996 1880 inoonousse
1018 1813 1145 1882 dotatus
1167 1835 1239 1902 per·

65 1928 156 1996 derno
173 1934 320 2016 tempore
335 1935 422 1998 tenet
436 1930 487 1997 vel
501 1931 651 2017 possidet,
685 1935 821 1996 maneat
857 1928 1091 1998 Constituentes
1109 1949 1166 2017 per
1181 1930 1240 1998 hu·

64 2065 153 2130 quarn
176 2067 261 2132 quae
277 2047 393 2112 futuris
408 2047 603 2133 temporibus
619 2049 652 2114 in
684 2045 734 2113 ies
757 2045 873 2114 deoreti
896 2046 998 2112 nostri
1021 2047 1169 2132 paginam
1191 2053 1240 2115 at-

63 2160 126 2229 inre
139 2162 248 2249 ipsius
263 2163 447 2230 monasterii
463 2161 571 2230 divina
585 2163 652 2251 pie·
685 2181 746 2247 que
772 2161 995 2229 interdicentes
1018 2163 1163 2232 omnibus
1186 2183 1239 2232 ou·

62 2281 108 2346 tas
129 2277 273 2346 voluerit
300 2299 415 2363 augere
444 2299 483 2345 ex
507 2278 598 2346 donis
621 2284 653 2346 et
685 2276 813 2344 iuslibet
835 2279 963 2344 omnino
982 2277 1132 2348 eeclesiae
1146 2300 1239 2368 prae-

61 2393 275 2462 oblationibus
298 2395 490 2480 decimisque
512 2393 652 2461 fidelium
685 2393 807 2461 salibus
834 2393 902 2462 vel·
925 2395 1167 2481 ouiuseumqueb
1191 2397 1239 2464 di·

62 2511 179 2597 absque
215 2511 311 2578 ullius
344 2530 498 2598 personae
527 2516 652 2578 oontre·
684 2511 815 2592 guiteti⁰
843 2511 998 2597 praeditis
1029 2512 1238 2598 potestatem‘

61 2627 212 2711 diutione,
233 2625 384 2694 firmitate
405 2631 560 2714 perpetua
578 2646 651 2714 per·
684 2624 743 2692 sub
777 2626 986 2694 anathematis
1023 2627 1238 2716 interpositio-

60 2743 193 2810 lruatur.
220 2742 449 2810 Constituimue
462 2761 585 2828 quoque
594 2763 651 2828 per
684 2751 789 2808 nem·:
826 2742 880 2828 qui
914 2741 958 2810 ei¹
989 2745 1239 2830 praesumpserit

60 2859 149 2928 huius
168 2859 292 2928 deereti
306 2859 407 2925 nostri
421 2859 582 2945 peginam,
604 2865 650 2943 ut,
682 2858 862 2944 praesenti⁸
890 2859 1068 2944 constituti,
1099 2880 1118 2926 a
1146 2859 1237 2926 nobis

59 2977 240 3061 quicunque
249 2973 651 3063 cuiuslibeteolesiaepree·
683 2973 819 3060 praefati
862 2975 1070 3042 monasteriil
1111 2974 1236 3058 indulti,

60 3091 107 3158 sul
120 3091 175 3160 rel
193 3111 381 3177 quoeunque
393 3091 547 3175 dignitate
558 3110 651 3178 prae-
684 3089 824 3174 quolibet
851 3089 945 3157 modo
974 3091 1110 3159 existere
1138 3097 1236 3160 teme-

59 3207 123 3276 dire
151 3227 295 3296 persona
321 3208 403 3276 bene
429 3207 530 3274 nostri
553 3207 650 3294 privi·
683 3211 780 3274 rator.
815 3205 902 3274 Bene
924 3206 1015 3274 velet

57 3323 130 3409 legii
158 3329 301 3407 canem,
336 3343 430 3410 quem
463 3323 650 3392 auctoritate

57 3441 215 3528 principis
233 3439 449 3527 apostolorum
466 3437 640 3525 firmemus,
663 3444 818 3506 temerare
833 3439 1046 3526 temptaverit,
1070 3459 1146 3506 ane·

55 3557 165 3626 brema
188 3557 233 3624 sit
255 3563 296 3640 et,
316 3558 398 3622 iram
413 3554 473 3624 Dei
489 3555 662 3640 moenem,
687 3561 793 3623 aestu
808 3561 989 3624 sauctorum
1003 3555 1145 3622 omnium

57 3675 197 3742 extorris
219 3673 353 3754 existat3
376 3679 409 3738 et
429 3671 634 3738 nibilominus
657 3672 793 3758 praefati
809 3671 993 3744 monasterii
1008 3670 1145 3755 dignitas

56 3790 192 3858 anobis
221 3787 345 3856 indulta
367 3787 593 3876 perpetualiter
616 3787 768 3855 inviolata
789 3792 988 3876 permaneat,
1019 3792 1145 3874 aposto-

56 3904 115 3974 lisa
137 3905 331 3974 aeeodtete
353 3903 497 3972 subnixa
532 3902 617 3972 Bene
639 3902 738 3972 valet

127 4089 149 4122 ι
172 4073 210 4121 rel
222 4097 247 4106 -
258 4073 319 4122 Bene
336 4073 386 4120 vele
402 4075 484 4137 legitur
499 4075 522 4120 ia
539 4077 569 4120 Μ
581 4073 625 4130 sel.
637 4073 675 4121 64.
742 4072 765 4120 b.
786 4085 927 4134 quarumque
943 4075 972 4122 ll.
1034 4085 1055 4120 e.
1076 4071 1187 4130 dignitate
1202 4075 1232 4120 B.

56 4153 77 4200 d.
99 4155 210 4214 personia
230 4153 266 4199 ed
282 4157 312 4200 B.
409 4167 430 4200 e.
454 4153 628 4212 interpositione
644 4156 673 4200 lt.
766 4151 782 4199 l.
807 4151 874 4200 haias
890 4155 919 4200 n.
1012 4165 1034 4210 g.
1059 4153 1187 4212 praesentis
1202 4157 1232 4201 ll.

56 4231 78 4278 Ι.
97 4233 205 4293 praefato
221 4234 361 4281 monasterio
376 4236 406 4282 B.
475 4233 490 4281 l.
510 4232 584 4280 valete
600 4237 629 4280 R.
699 4233 723 4280 k.
744 4251 782 4293 op.
799 4234 918 4280 othlonum
934 4235 957 4280 le
972 4234 1021 4278 vitu
1036 4233 1162 4288 Bonifatii,
1179 4233 1231 4278 cod.

57 4315 193 4362 renense
214 4314 258 4370 sol.
269 4315 335 4361 ilde
355 4313 471 4360 addentur
491 4315 560 4359 laec:
580 4311 640 4360 Data
659 4313 733 4373 pridie
753 4313 831 4359 Nonae
847 4313 980 4360 Novembris
1002 4311 1127 4372 imperante
1147 4311 1231 4359 domno

56 4397 154 4451 ntuetr·
172 4391 321 4442 meno
337 4407 396 4440 auno
413 4393 443 4440 ³2
458 4393 548 4455 imperii
564 4393 621 4450 eiua,
636 4392 762 4440 indietiene
777 4393 863 4453 quiete
