3110 4844
347 307 414 375 294
558 325 584 372 s.
602 323 777 373 sennenn
800 323 844 372 nr
866 324 970 372 nnnnr
990 323 1178 373 nrrenonnn
1201 325 1254 372 ror.
1270 325 1314 372 nno

189 479 330 535 tet-‘186
344 472 432 557 perit
453 469 685 536 omdittdinem
702 463 922 557 peecatorum¹
944 471 976 534 et
998 471 1111 534 eeters.
1157 467 1275 536 Nostro
1296 489 1380 554 ergo,
1398 471 1425 534 ni
1441 468 1483 536 irl-

347 584 412 668 lor,
441 584 582 671 purrites
611 604 675 651 non
703 589 873 670 luteumque
895 585 1009 651 vestris
1032 588 1081 651 est
1102 584 1250 651 roboreto
1272 585 1386 672 oppido
1405 591 1486 672 petro

348 701 451 768 einiis.
489 700 608 767 Ideireo
632 701 793 768 audaciter
815 719 927 785 rogere
950 700 1150 786 presuminue
1171 707 1312 768 vestrum
1333 702 1444 768 beetur
1461 721 1488 767 ee

347 837 421 884 rere
442 815 638 884 benedietem
662 815 853 884 nlmitstemr
883 821 921 884 nt
940 821 1101 900 noenum,
1124 817 1265 885 viventes
1288 817 1323 884 in
1344 818 1400 884 hee
1418 816 1488 882 lteri

347 953 472 999 morum
507 931 590 998 rnlle
624 938 690 998 turn
720 933 815 999 etiam
843 932 877 999 in
903 931 1134 1016 gloriosissimo
1160 933 1369 1020 praescientia
1394 932 1490 1000 Deiin

348 1047 474 1115 Christo
496 1053 677 1134 pausantes,
701 1047 836 1115 assiduis
860 1067 897 1116 ee
921 1048 1018 1114 suerio
1042 1049 1236 1118 orationibus
1258 1055 1428 1118 vestrarum
1441 1055 1490 1116 stu

348 1163 410 1231 diis
432 1164 560 1230 domine
583 1163 650 1231 Deo
674 1165 893 1232 eemmendsre
917 1164 1099 1248 dignemini.

436 1279 504 1364 Ego
524 1300 656 1366 quoque,
680 1281 830 1348 minimus
846 1281 997 1348 eeelesiee
1012 1301 1132 1366 servus,
1157 1281 1292 1369 suppliei
1307 1302 1367 1369 pro
1381 1280 1492 1348 Domino

348 1397 568 1483 deprecatione
599 1398 717 1482 rogito:
753 1405 791 1465 ut
818 1397 897 1464 mihi
924 1417 996 1464 eum
1025 1417 1096 1464 meu
1122 1397 1259 1482 familie,
1294 1397 1417 1465 domine
1441 1396 1493 1462 Dee

348 1519 463 1580 ennete
489 1514 684 1602 dispensanti
708 1531 745 1580 so
766 1515 828 1581 rite
850 1515 988 1599 regenti,
1017 1514 1101 1581 inter
1123 1519 1242 1582 eeteros
1264 1514 1374 1582 fideles
1396 1517 1494 1580 vestroe

348 1631 465 1697 amieos
494 1631 528 1696 in
554 1650 718 1698 commune
740 1630 874 1714 benigne
897 1629 1094 1718 suscipistis,
1125 1631 1178 1717 qui
1200 1633 1329 1719 proprio
1353 1631 1434 1698 dieor
1451 1647 1494 1694 no

347 1747 433 1813 mine
453 1747 644 1832 steterunt,
674 1747 858 1814 diaeonstne
882 1746 984 1814 effieio
1006 1747 1156 1831 fungens,
1183 1748 1259 1815 lieet
1279 1748 1438 1832 indignus3
1461 1749 1495 1826 nt

347 1864 449 1930 saneti
467 1863 584 1947 grudm
599 1861 809 1929 ministerium
825 1862 900 1930 olim
916 1868 1079 1951 eeeeptum
1093 1865 1206 1930 restis
1223 1862 1498 1932 solemniorum

347 1979 589 2047 tereessionibus
611 1979 816 2064 meliorando,
840 1980 880 2046 de
902 1979 954 2046 die
975 1980 1009 2046 in
1024 1979 1107 2047 diem
1123 1979 1296 2066 profieium.
1331 1979 1497 2047 Almiteten

347 2101 496 2180 vestrm,
519 2116 579 2182 pre
601 2096 691 2162 nobis
716 2101 869 2180 orantem,
894 2115 1035 2162 summus
1058 2095 1177 2162 arbiter
1191 2096 1276 2164 orbis
1293 2097 1333 2164 ab
1349 2096 1429 2164 ulteb
1442 2111 1498 2162 ete·

346 2211 450 2279 lorum
473 2231 546 2278 eree
567 2217 656 2278 tuere
678 2211 835 2297 dignetur.
869 2211 980 2280 Velete
1003 2214 1036 2278 in
1059 2212 1205 2280 Domino.

351 2424 438 2496 128.
459 2428 653 2512 Mayinpaoe
689 2431 852 2516 episeopus
884 2429 1144 2515 Wirzidurpensos
1173 2428 1303 2494 ducllum
1337 2431 1503 2518 epeeeepem

457 2547 633 2630 inemopat
654 2545 694 2610 de
715 2549 903 2612 monasterio
926 2547 1065 2632 quodem
1084 2558 1158 2632 poet
1173 2549 1386 2612 imminentem
1399 2543 1501 2610 sororia

458 2683 534 2726 eune
550 2661 726 2728 deamata
738 2675 869 2730 monem
880 2664 1121 2730 cometuordot
1146 2660 1181 2744 (S
1194 2663 1247 2744 80,
1264 2659 1303 2728 W
1314 2664 1391 2746 111,
1406 2657 1503 2736 (3100)

188 2810 329 2867 res-rso
435 2793 574 2861 Domino
601 2795 636 2861 in
665 2793 790 2861 Christo
821 2814 1021 2882 summopere
1047 2794 1226 2863 venerando
1249 2792 1343 2861 Lullo
1372 2794 1505 2882 episeopo

345 2907 552 2995 Mogingeoz¹
576 2909 746 2999 optabilem
776 2911 910 2998 supplex
937 2913 972 2977 in
999 2911 1135 2978 Domino
1164 2911 1398 2998 sempiternaed
1419 2905 1505 2976 besti·

263 3031 267 3043 '
344 3025 463 3093 tudinis
486 3026 630 3094 sulutem.

436 3141 504 3209 Seit
524 3142 620 3230 plone
643 3142 847 3211 sublimitatis
869 3149 993 3212 restrae
1016 3144 1198 3230 prudentie:
1222 3143 1298 3228 quis
1318 3149 1434 3211 eontra
1453 3139 1508 3206 dis·

345 3259 479 3326 erimine
501 3236 642 3326 mexim'e
664 3259 866 3326 eonsiliorum
891 3260 1070 3345 adiutoriis,
1100 3265 1132 3327 et
1152 3261 1284 3344 integris
1307 3265 1407 3327 etex
1433 3255 1511 3326 omni

345 3380 438 3462 purte
459 3375 613 3460 solidetis,
637 3377 739 3443 modis
762 3376 907 3443 omnibus
929 3397 1009 3465 opus
1033 3381 1089 3443 est
1134 3375 1251 3444 Notum
1273 3395 1349 3444 vero
1373 3375 1445 3443 fieri
1465 3393 1512 3440 re-

345 3492 503 3559 nerundse
531 3492 672 3560 ouritstis
693 3498 818 3561 vestros
840 3493 1015 3578 dignationi
1038 3491 1268 3560 desideremus:
1297 3495 1376 3579 qnia
1398 3492 1511 3560 exitum

345 3609 463 3676 sororis
485 3613 622 3694 nostroe,
646 3615 822 3678 extremum
845 3611 992 3697 spiritum
1014 3609 1147 3695 egentis,
1170 3609 1347 3678 meroribus
1372 3631 1413 3678 ee
1428 3611 1514 3676 timo·

345 3724 432 3791 ribus
454 3725 593 3811 undique
620 3726 778 3814 depressi,
808 3727 1056 3814 praestulemnr3
1084 3731 1220 3794 mortem
1242 3725 1396 3794 videlieet
1416 3723 1518 3794 eurn'm

344 3839 430 3908 illiue
456 3841 608 3908 instinetu
635 3843 790 3910 nuturudis
812 3843 1005 3911 eondieionis
1027 3841 1121 3910 velud
1142 3843 1272 3929 proprio
1294 3841 1460 3925 dolentm3
1487 3841 1518 3908 et

344 3977 404 4045 pro
426 3957 550 4025 enimse
572 3957 658 4024 illius
681 3963 795 4026 eventn
817 3960 936 4026 ineerto
960 3964 992 4025 et
1014 3958 1074 4026 soli
1095 3959 1192 4026 iudioi
1214 3959 1361 4046 piissimo
1375 3959 1517 4046 noted

344 4074 475 4162 insuper
502 4074 641 4142 familiae
670 4074 732 4140 loei
752 4075 839 4142 illius
861 4075 1030 4142 tenerrime
1053 4082 1085 4143 et
1106 4075 1334 4163 propemedum
1359 4077 1435 4144 sine
1457 4073 1517 4142 nih

416 4266 438 4299 ι.
461 4250 622 4298 saluberrimus
644 4253 672 4301 7.
784 4253 806 4300 b.
830 4253 876 4300 rite
900 4254 927 4302 V.
1038 4267 1058 4300 e.
1082 4271 1111 4299 a
1134 4255 1158 4301 7
1170 4255 1298 4303 ee-tse.
1328 4256 1388 4303 Sr'u
1409 4257 1516 4302 mn

345 4331 368 4398 d
388 4332 525 4393 sempiterne
542 4332 570 4379 V.

418 4437 442 4497 1.
466 4437 481 4491 1
496 4436 568 4493 Petr.
580 4437 607 4508 4,
620 4437 683 4496 18,
773 4439 799 4496 t.
823 4453 867 4516 ep.
880 4436 1118 4510 Wirmburgensis
