<?xml version="1.0" encoding="UTF-8"?>
<!DOCTYPE html PUBLIC "-//W3C//DTD XHTML 1.0 Transitional//EN"
    "http://www.w3.org/TR/xhtml1/DTD/xhtml1-transitional.dtd">
<html xmlns="http://www.w3.org/1999/xhtml" xml:lang="en" lang="en">
 <head>
  <title>
</title>
<meta http-equiv="Content-Type" content="text/html;charset=utf-8" />
  <meta name='ocr-system' content='tesseract 3.04.00' />
  <meta name='ocr-capabilities' content='ocr_page ocr_carea ocr_par ocr_line ocrx_word'/>
</head>
<body>
  <div class='ocr_page' id='page_1' title='image "./bibliothecareru03jaffgoog_0553.png"; bbox 0 0 3164 4842; ppageno 0'>
   <div class='ocr_carea' id='block_1_1' title="bbox 342 273 1277 340">
    <p class='ocr_par' dir='ltr' id='par_1_1' title="bbox 342 273 1277 340">
     <span class='ocr_line' id='line_1_1' title="bbox 342 273 1277 340; baseline 0 0"><span class='ocrx_word' id='word_1_1' title='bbox 342 273 528 340; x_wconf 65' lang='lat' dir='ltr'><strong>lsrorrnorn</strong></span> <span class='ocrx_word' id='word_1_2' title='bbox 549 287 736 338; x_wconf 73' lang='lat' dir='ltr'><strong>annuamus</strong></span> <span class='ocrx_word' id='word_1_3' title='bbox 757 289 839 336; x_wconf 78' lang='lat' dir='ltr'><strong>vrrs</strong></span> <span class='ocrx_word' id='word_1_4' title='bbox 859 289 1033 340; x_wconf 81' lang='lat' dir='ltr'><strong>nsanosre</strong></span> <span class='ocrx_word' id='word_1_5' title='bbox 1212 273 1277 340; x_wconf 76' lang='lat'><strong>587</strong></span> 
     </span>
    </p>
   </div>
   <div class='ocr_carea' id='block_1_2' title="bbox 50 430 1446 4115">
    <p class='ocr_par' dir='ltr' id='par_1_2' title="bbox 114 430 1446 982">
     <span class='ocr_line' id='line_1_2' title="bbox 116 430 1446 519; baseline 0.003 -23"><span class='ocrx_word' id='word_1_6' title='bbox 116 447 270 496; x_wconf 69' lang='lat' dir='ltr'><strong>mus.</strong></span> <span class='ocrx_word' id='word_1_7' title='bbox 304 430 374 517; x_wconf 76' lang='lat' dir='ltr'><strong>Qut,</strong></span> <span class='ocrx_word' id='word_1_8' title='bbox 398 433 594 499; x_wconf 70' lang='lat' dir='ltr'><strong>mustuoiens</strong></span> <span class='ocrx_word' id='word_1_9' title='bbox 616 431 722 515; x_wconf 80' lang='lat' dir='ltr'><strong>regiae</strong></span> <span class='ocrx_word' id='word_1_10' title='bbox 743 430 899 515; x_wconf 71' lang='lat' dir='ltr'><strong>dignitati,</strong></span> <span class='ocrx_word' id='word_1_11' title='bbox 923 432 1008 517; x_wconf 91' lang='lat' dir='ltr'><strong>qnod</strong></span> <span class='ocrx_word' id='word_1_12' title='bbox 1029 432 1125 498; x_wconf 87' lang='lat' dir='ltr'><strong>etiarn</strong></span> <span class='ocrx_word' id='word_1_13' title='bbox 1139 432 1208 519; x_wconf 92' lang='lat' dir='ltr'><strong>ipse</strong></span> <span class='ocrx_word' id='word_1_14' title='bbox 1223 443 1446 519; x_wconf 68' lang='lat' dir='ltr'><strong>polest-1⁰80</strong></span> 
     </span>
     <span class='ocr_line' id='line_1_3' title="bbox 114 543 1278 634; baseline 0.003 -23"><span class='ocrx_word' id='word_1_15' title='bbox 114 545 192 630; x_wconf 86' lang='lat' dir='ltr'><strong>tuit,</strong></span> <span class='ocrx_word' id='word_1_16' title='bbox 216 565 278 613; x_wconf 94' lang='lat' dir='ltr'><strong>non</strong></span> <span class='ocrx_word' id='word_1_17' title='bbox 300 548 447 634; x_wconf 73' lang='lat' dir='ltr'><strong>promisit</strong></span> <span class='ocrx_word' id='word_1_18' title='bbox 469 547 524 616; x_wconf 86' lang='lat' dir='ltr'><strong>sed</strong></span> <span class='ocrx_word' id='word_1_19' title='bbox 546 547 648 628; x_wconf 87' lang='lat' dir='ltr'><strong>dedit;</strong></span> <span class='ocrx_word' id='word_1_20' title='bbox 671 545 818 614; x_wconf 87' lang='lat' dir='ltr'><strong>videlieet</strong></span> <span class='ocrx_word' id='word_1_21' title='bbox 838 543 1036 614; x_wconf 88' lang='lat' dir='ltr'><strong>kliotatram¹</strong></span> <span class='ocrx_word' id='word_1_22' title='bbox 1057 547 1144 631; x_wconf 76' lang='lat' dir='ltr'><strong>regio</strong></span> <span class='ocrx_word' id='word_1_23' title='bbox 1167 547 1278 616; x_wconf 88' lang='lat' dir='ltr'><strong>deeora</strong></span> 
     </span>
     <span class='ocr_line' id='line_1_4' title="bbox 114 657 1295 750; baseline 0.004 -23"><span class='ocrx_word' id='word_1_24' title='bbox 114 661 334 748; x_wconf 82' lang='lat' dir='ltr'><strong>preparatam,</strong></span> <span class='ocrx_word' id='word_1_25' title='bbox 364 683 456 749; x_wconf 90' lang='lat' dir='ltr'><strong>quam</strong></span> <span class='ocrx_word' id='word_1_26' title='bbox 485 663 561 730; x_wconf 91' lang='lat' dir='ltr'><strong>illue</strong></span> <span class='ocrx_word' id='word_1_27' title='bbox 588 667 719 730; x_wconf 85' lang='lat' dir='ltr'><strong>uenturo</strong></span> <span class='ocrx_word' id='word_1_28' title='bbox 741 662 829 730; x_wconf 87' lang='lat' dir='ltr'><strong>iussu</strong></span> <span class='ocrx_word' id='word_1_29' title='bbox 852 670 885 730; x_wconf 89' lang='lat' dir='ltr'><strong>et</strong></span> <span class='ocrx_word' id='word_1_30' title='bbox 905 664 1062 750; x_wconf 86' lang='lat' dir='ltr'><strong>permissu</strong></span> <span class='ocrx_word' id='word_1_31' title='bbox 1083 664 1206 732; x_wconf 88' lang='lat' dir='ltr'><strong>abbatis</strong></span> <span class='ocrx_word' id='word_1_32' title='bbox 1229 657 1295 732; x_wconf 85' lang='lat' dir='ltr'><strong>eui&#39;</strong></span> 
     </span>
     <span class='ocr_line' id='line_1_5' title="bbox 114 777 1279 868; baseline 0.005 -26"><span class='ocrx_word' id='word_1_33' title='bbox 114 777 264 845; x_wconf 89' lang='lat' dir='ltr'><strong>Riebardi</strong></span> <span class='ocrx_word' id='word_1_34' title='bbox 290 781 482 866; x_wconf 72' lang='lat' dir='ltr'><strong>preparavit</strong></span> <span class='ocrx_word' id='word_1_35' title='bbox 517 779 605 846; x_wconf 87' lang='lat' dir='ltr'><strong>Tune</strong></span> <span class='ocrx_word' id='word_1_36' title='bbox 633 779 734 845; x_wconf 89' lang='lat' dir='ltr'><strong>denuo</strong></span> <span class='ocrx_word' id='word_1_37' title='bbox 763 778 955 846; x_wconf 82' lang='lat' dir='ltr'><strong>exhilaratus</strong></span> <span class='ocrx_word' id='word_1_38' title='bbox 981 800 1037 846; x_wconf 85' lang='lat' dir='ltr'><strong>rex</strong></span> <span class='ocrx_word' id='word_1_39' title='bbox 1064 800 1122 868; x_wconf 92' lang='lat' dir='ltr'><strong>pro</strong></span> <span class='ocrx_word' id='word_1_40' title='bbox 1150 785 1279 866; x_wconf 86' lang='lat' dir='ltr'><strong>aeoepta</strong></span> 
     </span>
     <span class='ocr_line' id='line_1_6' title="bbox 114 891 1277 982; baseline 0.003 -24"><span class='ocrx_word' id='word_1_41' title='bbox 114 891 331 962; x_wconf 82' lang='lat' dir='ltr'><strong>benedieto&#39;one</strong></span> <span class='ocrx_word' id='word_1_42' title='bbox 359 931 400 942; x_wconf 88' lang='lat'><em>-</em></span> <span class='ocrx_word' id='word_1_43' title='bbox 431 900 499 962; x_wconf 87' lang='lat' dir='ltr'><strong>erat</strong></span> <span class='ocrx_word' id='word_1_44' title='bbox 527 896 611 962; x_wconf 91' lang='lat' dir='ltr'><strong>enim</strong></span> <span class='ocrx_word' id='word_1_45' title='bbox 639 894 728 962; x_wconf 88' lang='lat' dir='ltr'><strong>dulos</strong></span> <span class='ocrx_word' id='word_1_46' title='bbox 757 896 816 962; x_wconf 89' lang='lat' dir='ltr'><strong>etsi</strong></span> <span class='ocrx_word' id='word_1_47' title='bbox 843 915 908 961; x_wconf 94' lang='lat' dir='ltr'><strong>non</strong></span> <span class='ocrx_word' id='word_1_48' title='bbox 934 895 1160 980; x_wconf 78' lang='lat' dir='ltr'><strong>necessarium,</strong></span> <span class='ocrx_word' id='word_1_49' title='bbox 1194 895 1277 982; x_wconf 93' lang='lat' dir='ltr'><strong>quod</strong></span> 
     </span>
    </p>

    <p class='ocr_par' dir='ltr' id='par_1_3' title="bbox 112 1007 1277 1192">
     <span class='ocr_line' id='line_1_7' title="bbox 114 1007 1277 1099; baseline 0.005 -25"><span class='ocrx_word' id='word_1_50' title='bbox 114 1007 203 1075; x_wconf 90' lang='lat' dir='ltr'><strong>dedit</strong></span> <span class='ocrx_word' id='word_1_51' title='bbox 235 1012 350 1077; x_wconf 84' lang='lat' dir='ltr'><strong>caritas</strong></span> <span class='ocrx_word' id='word_1_52' title='bbox 380 1045 420 1058; x_wconf 86' lang='grc'>-</span> <span class='ocrx_word' id='word_1_53' title='bbox 451 1011 533 1079; x_wconf 87' lang='lat' dir='ltr'><strong>letus</strong></span> <span class='ocrx_word' id='word_1_54' title='bbox 567 1031 711 1095; x_wconf 75' lang='lat' dir='ltr'><strong>egressus</strong></span> <span class='ocrx_word' id='word_1_55' title='bbox 746 1017 809 1095; x_wconf 87' lang='lat' dir='ltr'><strong>eet,</strong></span> <span class='ocrx_word' id='word_1_56' title='bbox 848 1010 983 1078; x_wconf 89' lang='lat' dir='ltr'><strong>multum</strong></span> <span class='ocrx_word' id='word_1_57' title='bbox 1017 1009 1173 1080; x_wconf 84' lang='lat' dir='ltr'><strong>affirmata</strong></span> <span class='ocrx_word' id='word_1_58' title='bbox 1204 1032 1277 1099; x_wconf 90' lang='lat' dir='ltr'><strong>pro·</strong></span> 
     </span>
     <span class='ocr_line' id='line_1_8' title="bbox 112 1124 273 1192; baseline 0.012 -2"><span class='ocrx_word' id='word_1_59' title='bbox 112 1124 273 1192; x_wconf 73' lang='lat' dir='ltr'><strong>missione.</strong></span> 
     </span>
    </p>

    <p class='ocr_par' dir='ltr' id='par_1_4' title="bbox 108 1240 1413 3050">
     <span class='ocr_line' id='line_1_9' title="bbox 202 1240 1278 1329; baseline 0.002 -21"><span class='ocrx_word' id='word_1_60' title='bbox 202 1240 324 1309; x_wconf 88' lang='lat' dir='ltr'><strong>llemos</strong></span> <span class='ocrx_word' id='word_1_61' title='bbox 347 1247 451 1309; x_wconf 88' lang='lat' dir='ltr'><strong>autem</strong></span> <span class='ocrx_word' id='word_1_62' title='bbox 473 1243 646 1328; x_wconf 88' lang='lat' dir='ltr'><strong>imperator</strong></span> <span class='ocrx_word' id='word_1_63' title='bbox 659 1242 807 1329; x_wconf 87' lang='lat' dir='ltr'><strong>promissi</strong></span> <span class='ocrx_word' id='word_1_64' title='bbox 821 1242 881 1324; x_wconf 83' lang='lat' dir='ltr'><strong>sui,</strong></span> <span class='ocrx_word' id='word_1_65' title='bbox 903 1260 967 1308; x_wconf 92' lang='lat' dir='ltr'><strong>non</strong></span> <span class='ocrx_word' id='word_1_66' title='bbox 981 1241 1080 1308; x_wconf 88' lang='lat' dir='ltr'><strong>multo</strong></span> <span class='ocrx_word' id='word_1_67' title='bbox 1094 1247 1168 1329; x_wconf 94' lang='lat' dir='ltr'><strong>post</strong></span> <span class='ocrx_word' id='word_1_68' title='bbox 1180 1244 1278 1310; x_wconf 88' lang='lat' dir='ltr'><strong>misso</strong></span> 
     </span>
     <span class='ocr_line' id='line_1_10' title="bbox 112 1358 1276 1444; baseline 0.003 -21"><span class='ocrx_word' id='word_1_69' title='bbox 112 1358 228 1424; x_wconf 90' lang='lat' dir='ltr'><strong>nunoio</strong></span> <span class='ocrx_word' id='word_1_70' title='bbox 258 1358 297 1424; x_wconf 88' lang='lat' dir='ltr'><strong>ad</strong></span> <span class='ocrx_word' id='word_1_71' title='bbox 319 1358 509 1426; x_wconf 88' lang='lat' dir='ltr'><strong>Rinbardum</strong></span> <span class='ocrx_word' id='word_1_72' title='bbox 538 1358 698 1441; x_wconf 78' lang='lat' dir='ltr'><strong>abbatem,</strong></span> <span class='ocrx_word' id='word_1_73' title='bbox 727 1358 885 1444; x_wconf 83' lang='lat' dir='ltr'><strong>prefatum</strong></span> <span class='ocrx_word' id='word_1_74' title='bbox 913 1362 1055 1425; x_wconf 86' lang='lat' dir='ltr'><strong>sanatum</strong></span> <span class='ocrx_word' id='word_1_75' title='bbox 1085 1359 1187 1426; x_wconf 84' lang='lat' dir='ltr'><strong>virum</strong></span> <span class='ocrx_word' id='word_1_76' title='bbox 1216 1359 1276 1427; x_wconf 89' lang='lat' dir='ltr'><strong>sibi</strong></span> 
     </span>
     <span class='ocr_line' id='line_1_11' title="bbox 111 1473 1277 1561; baseline 0.003 -21"><span class='ocrx_word' id='word_1_77' title='bbox 111 1473 198 1540; x_wconf 90' lang='lat' dir='ltr'><strong>mitti</strong></span> <span class='ocrx_word' id='word_1_78' title='bbox 226 1475 376 1560; x_wconf 85' lang='lat' dir='ltr'><strong>preoepit</strong></span> <span class='ocrx_word' id='word_1_79' title='bbox 410 1473 693 1558; x_wconf 80' lang='lat' dir='ltr'><strong>Famavnlgatum</strong></span> <span class='ocrx_word' id='word_1_80' title='bbox 716 1474 874 1558; x_wconf 71' lang='lat' dir='ltr'><strong>aetiten,</strong></span> <span class='ocrx_word' id='word_1_81' title='bbox 901 1474 989 1560; x_wconf 92' lang='lat' dir='ltr'><strong>pium</strong></span> <span class='ocrx_word' id='word_1_82' title='bbox 1016 1478 1138 1561; x_wconf 88' lang='lat' dir='ltr'><strong>patrem</strong></span> <span class='ocrx_word' id='word_1_83' title='bbox 1162 1495 1277 1560; x_wconf 79' lang='lat' dir='ltr'><strong>araga</strong></span> 
     </span>
     <span class='ocr_line' id='line_1_12' title="bbox 111 1589 1276 1677; baseline 0.004 -23"><span class='ocrx_word' id='word_1_84' title='bbox 111 1591 229 1656; x_wconf 78' lang='lat' dir='ltr'><strong>sonari</strong></span> <span class='ocrx_word' id='word_1_85' title='bbox 267 1589 430 1657; x_wconf 74' lang='lat' dir='ltr'><strong>Flentibus</strong></span> <span class='ocrx_word' id='word_1_86' title='bbox 453 1610 526 1674; x_wconf 79' lang='lat' dir='ltr'><strong>ergo</strong></span> <span class='ocrx_word' id='word_1_87' title='bbox 549 1590 711 1676; x_wconf 76' lang='lat' dir='ltr'><strong>discipulis</strong></span> <span class='ocrx_word' id='word_1_88' title='bbox 734 1611 835 1677; x_wconf 86' lang='lat' dir='ltr'><strong>nuper</strong></span> <span class='ocrx_word' id='word_1_89' title='bbox 858 1591 1054 1674; x_wconf 74' lang='lat' dir='ltr'><strong>congregatis</strong></span> <span class='ocrx_word' id='word_1_90' title='bbox 1076 1590 1208 1676; x_wconf 86' lang='lat' dir='ltr'><strong>aliisque</strong></span> <span class='ocrx_word' id='word_1_91' title='bbox 1228 1592 1276 1659; x_wconf 86' lang='lat' dir='ltr'><strong>ia-</strong></span> 
     </span>
     <span class='ocr_line' id='line_1_13' title="bbox 111 1705 1275 1792; baseline 0.002 -20"><span class='ocrx_word' id='word_1_92' title='bbox 111 1705 305 1790; x_wconf 70' lang='lat' dir='ltr'><strong>milianum,</strong></span> <span class='ocrx_word' id='word_1_93' title='bbox 335 1726 413 1791; x_wconf 87' lang='lat' dir='ltr'><strong>quos</strong></span> <span class='ocrx_word' id='word_1_94' title='bbox 436 1711 469 1774; x_wconf 88' lang='lat' dir='ltr'><strong>et</strong></span> <span class='ocrx_word' id='word_1_95' title='bbox 490 1707 618 1773; x_wconf 86' lang='lat' dir='ltr'><strong>monitis</strong></span> <span class='ocrx_word' id='word_1_96' title='bbox 640 1705 820 1772; x_wconf 83' lang='lat' dir='ltr'><strong>illustrabat</strong></span> <span class='ocrx_word' id='word_1_97' title='bbox 841 1710 874 1772; x_wconf 88' lang='lat' dir='ltr'><strong>et</strong></span> <span class='ocrx_word' id='word_1_98' title='bbox 895 1705 1047 1792; x_wconf 83' lang='lat' dir='ltr'><strong>exemplis</strong></span> <span class='ocrx_word' id='word_1_99' title='bbox 1069 1707 1275 1792; x_wconf 83' lang='lat' dir='ltr'><strong>sustentabat,</strong></span> 
     </span>
     <span class='ocr_line' id='line_1_14' title="bbox 110 1821 1275 1908; baseline 0.003 -20"><span class='ocrx_word' id='word_1_100' title='bbox 110 1821 180 1906; x_wconf 79' lang='lat' dir='ltr'><strong>regi</strong></span> <span class='ocrx_word' id='word_1_101' title='bbox 203 1821 317 1889; x_wconf 90' lang='lat' dir='ltr'><strong>missus</strong></span> <span class='ocrx_word' id='word_1_102' title='bbox 340 1827 397 1890; x_wconf 84' lang='lat' dir='ltr'><strong>est</strong></span> <span class='ocrx_word' id='word_1_103' title='bbox 437 1821 534 1900; x_wconf 88' lang='lat' dir='ltr'><strong>Quam</strong></span> <span class='ocrx_word' id='word_1_104' title='bbox 557 1821 726 1888; x_wconf 84' lang='lat' dir='ltr'><strong>honorilioe</strong></span> <span class='ocrx_word' id='word_1_105' title='bbox 749 1821 922 1908; x_wconf 78' lang='lat' dir='ltr'><strong>suscipiens</strong></span> <span class='ocrx_word' id='word_1_106' title='bbox 938 1822 1120 1908; x_wconf 86' lang='lat' dir='ltr'><strong>imperator,</strong></span> <span class='ocrx_word' id='word_1_107' title='bbox 1142 1823 1275 1890; x_wconf 85' lang='lat' dir='ltr'><strong>eiroum·</strong></span> 
     </span>
     <span class='ocr_line' id='line_1_15' title="bbox 111 1937 1276 2021; baseline 0.002 -17"><span class='ocrx_word' id='word_1_108' title='bbox 111 1937 269 2004; x_wconf 88' lang='lat' dir='ltr'><strong>stantibus</strong></span> <span class='ocrx_word' id='word_1_109' title='bbox 292 1938 401 2005; x_wconf 84' lang='lat' dir='ltr'><strong>amieis</strong></span> <span class='ocrx_word' id='word_1_110' title='bbox 424 1958 495 2004; x_wconf 92' lang='lat' dir='ltr'><strong>eum</strong></span> <span class='ocrx_word' id='word_1_111' title='bbox 519 1938 666 2021; x_wconf 86' lang='lat' dir='ltr'><strong>ostendit,</strong></span> <span class='ocrx_word' id='word_1_112' title='bbox 688 1937 809 2004; x_wconf 90' lang='lat' dir='ltr'><strong>dioens:</strong></span> <span class='ocrx_word' id='word_1_113' title='bbox 834 1939 979 2004; x_wconf 63' lang='lat' dir='ltr'><strong>Andriae</strong></span> <span class='ocrx_word' id='word_1_114' title='bbox 1002 1937 1047 2004; x_wconf 90' lang='lat' dir='ltr'><strong>ait</strong></span> <span class='ocrx_word' id='word_1_115' title='bbox 1068 1941 1107 2004; x_wconf 82' lang='lat' dir='ltr'><strong>do</strong></span> <span class='ocrx_word' id='word_1_116' title='bbox 1125 1940 1276 2006; x_wconf 72' lang='lat' dir='ltr'><strong>Bao-dona</strong></span> 
     </span>
     <span class='ocr_line' id='line_1_16' title="bbox 110 2052 1274 2141; baseline 0.002 -21"><span class='ocrx_word' id='word_1_117' title='bbox 110 2054 270 2120; x_wconf 60' lang='grc' dir='ltr'><strong>Νάσωνα</strong></span> <span class='ocrx_word' id='word_1_118' title='bbox 298 2055 444 2141; x_wconf 73' lang='lat' dir='ltr'><strong>aliquid?</strong></span> <span class='ocrx_word' id='word_1_119' title='bbox 530 2055 632 2120; x_wconf 86' lang='lat' dir='ltr'><strong>Aiunt</strong></span> <span class='ocrx_word' id='word_1_120' title='bbox 652 2052 716 2119; x_wconf 89' lang='lat' dir='ltr'><strong>illi:</strong></span> <span class='ocrx_word' id='word_1_121' title='bbox 745 2055 860 2120; x_wconf 80' lang='lat' dir='ltr'><strong>Multo.</strong></span> <span class='ocrx_word' id='word_1_122' title='bbox 953 2053 1136 2136; x_wconf 67' lang='lat' dir='ltr'><strong>Quaestum?</strong></span> <span class='ocrx_word' id='word_1_123' title='bbox 1162 2054 1274 2139; x_wconf 81' lang='lat' dir='ltr'><strong>inquit</strong></span> 
     </span>
     <span class='ocr_line' id='line_1_17' title="bbox 111 2168 1413 2264; baseline 0.002 -29"><span class='ocrx_word' id='word_1_124' title='bbox 111 2169 173 2248; x_wconf 80' lang='lat' dir='ltr'><strong>Qui</strong></span> <span class='ocrx_word' id='word_1_125' title='bbox 200 2169 363 2237; x_wconf 85' lang='lat' dir='ltr'><strong>dixerunt:</strong></span> <span class='ocrx_word' id='word_1_126' title='bbox 395 2171 524 2258; x_wconf 68' lang='lat' dir='ltr'><strong>opsono</strong></span> <span class='ocrx_word' id='word_1_127' title='bbox 552 2193 682 2258; x_wconf 79' lang='lat' dir='ltr'><strong>qaoque.</strong></span> <span class='ocrx_word' id='word_1_128' title='bbox 771 2168 813 2236; x_wconf 86' lang='lat' dir='ltr'><strong>Et</strong></span> <span class='ocrx_word' id='word_1_129' title='bbox 841 2189 913 2236; x_wconf 87' lang='lat' dir='ltr'><strong>rex:</strong></span> <span class='ocrx_word' id='word_1_130' title='bbox 945 2169 987 2264; x_wconf 69' lang='lat' dir='ltr'><strong>Sa·</strong></span> <span class='ocrx_word' id='word_1_131' title='bbox 1006 2170 1109 2255; x_wconf 88' lang='lat' dir='ltr'><strong>inquit</strong></span> <span class='ocrx_word' id='word_1_132' title='bbox 1131 2173 1274 2254; x_wconf 68' lang='lat' dir='ltr'><strong>audeat,</strong></span> <span class='ocrx_word' id='word_1_133' title='bbox 1409 2251 1413 2258; x_wconf 33' lang='grc' dir='ltr'>Ι</span> 
     </span>
     <span class='ocr_line' id='line_1_18' title="bbox 110 2284 1274 2374; baseline 0.003 -22"><span class='ocrx_word' id='word_1_134' title='bbox 110 2289 227 2353; x_wconf 77' lang='lat' dir='ltr'><strong>eredita</strong></span> <span class='ocrx_word' id='word_1_135' title='bbox 249 2291 326 2374; x_wconf 77' lang='lat' dir='ltr'><strong>qaia</strong></span> <span class='ocrx_word' id='word_1_136' title='bbox 347 2309 422 2352; x_wconf 78' lang='lat' dir='ltr'><strong>oso-a</strong></span> <span class='ocrx_word' id='word_1_137' title='bbox 444 2301 525 2354; x_wconf 76' lang='lat' dir='ltr'><strong>mot.</strong></span> <span class='ocrx_word' id='word_1_138' title='bbox 561 2287 624 2352; x_wconf 79' lang='lat' dir='ltr'><strong>Hie</strong></span> <span class='ocrx_word' id='word_1_139' title='bbox 645 2299 690 2352; x_wconf 81' lang='lat' dir='ltr'><strong>eet</strong></span> <span class='ocrx_word' id='word_1_140' title='bbox 706 2286 760 2352; x_wconf 82' lang='lat' dir='ltr'><strong>illo</strong></span> <span class='ocrx_word' id='word_1_141' title='bbox 773 2289 842 2372; x_wconf 71' lang='lat' dir='ltr'><strong>apso</strong></span> <span class='ocrx_word' id='word_1_142' title='bbox 857 2284 911 2370; x_wconf 74' lang='lat' dir='ltr'><strong>ait,</strong></span> <span class='ocrx_word' id='word_1_143' title='bbox 935 2307 1026 2373; x_wconf 68' lang='grc' dir='ltr'><strong>ᾳυωη</strong></span> <span class='ocrx_word' id='word_1_144' title='bbox 1040 2289 1190 2354; x_wconf 63' lang='lat' dir='ltr'><strong>oeream</strong></span> <span class='ocrx_word' id='word_1_145' title='bbox 1205 2287 1274 2354; x_wconf 63' lang='lat' dir='ltr'><strong>lane</strong></span> 
     </span>
     <span class='ocr_line' id='line_1_19' title="bbox 110 2401 1276 2489; baseline 0.002 -21"><span class='ocrx_word' id='word_1_146' title='bbox 110 2405 240 2484; x_wconf 72' lang='lat' dir='ltr'><strong>domem,</strong></span> <span class='ocrx_word' id='word_1_147' title='bbox 271 2415 327 2469; x_wconf 78' lang='lat' dir='ltr'><strong>out</strong></span> <span class='ocrx_word' id='word_1_148' title='bbox 355 2406 425 2489; x_wconf 77' lang='lat' dir='ltr'><strong>qais</strong></span> <span class='ocrx_word' id='word_1_149' title='bbox 452 2406 494 2469; x_wconf 79' lang='lat' dir='ltr'><strong>sit</strong></span> <span class='ocrx_word' id='word_1_150' title='bbox 516 2403 686 2468; x_wconf 68' lang='lat' dir='ltr'><strong>hadeboldo</strong></span> <span class='ocrx_word' id='word_1_151' title='bbox 708 2405 899 2488; x_wconf 73' lang='lat' dir='ltr'><strong>ipaoromoa.</strong></span> <span class='ocrx_word' id='word_1_152' title='bbox 989 2401 1111 2470; x_wconf 87' lang='lat' dir='ltr'><strong>Deinde</strong></span> <span class='ocrx_word' id='word_1_153' title='bbox 1134 2403 1276 2489; x_wconf 82' lang='lat' dir='ltr'><strong>exposito</strong></span> 
     </span>
     <span class='ocr_line' id='line_1_20' title="bbox 108 2515 1277 2605; baseline 0.002 -21"><span class='ocrx_word' id='word_1_154' title='bbox 108 2515 278 2602; x_wconf 70' lang='lat' dir='ltr'><strong>mastos,</strong></span> <span class='ocrx_word' id='word_1_155' title='bbox 309 2517 392 2603; x_wconf 91' lang='lat' dir='ltr'><strong>quod</strong></span> <span class='ocrx_word' id='word_1_156' title='bbox 415 2537 434 2583; x_wconf 87' lang='lat' dir='ltr'><strong>a</strong></span> <span class='ocrx_word' id='word_1_157' title='bbox 456 2519 509 2604; x_wconf 91' lang='lat' dir='ltr'><strong>pio</strong></span> <span class='ocrx_word' id='word_1_158' title='bbox 536 2523 628 2605; x_wconf 89' lang='lat' dir='ltr'><strong>patre</strong></span> <span class='ocrx_word' id='word_1_159' title='bbox 654 2523 850 2604; x_wconf 87' lang='lat' dir='ltr'><strong>suseeperat‚</strong></span> <span class='ocrx_word' id='word_1_160' title='bbox 877 2519 1022 2585; x_wconf 88' lang='lat' dir='ltr'><strong>omnibus</strong></span> <span class='ocrx_word' id='word_1_161' title='bbox 1051 2517 1217 2594; x_wconf 84' lang='lat' dir='ltr'><strong>amabilem</strong></span> <span class='ocrx_word' id='word_1_162' title='bbox 1245 2525 1277 2586; x_wconf 88' lang='lat' dir='ltr'><strong>et</strong></span> 
     </span>
     <span class='ocr_line' id='line_1_21' title="bbox 109 2631 1277 2722; baseline 0.003 -23"><span class='ocrx_word' id='word_1_163' title='bbox 109 2631 324 2700; x_wconf 89' lang='lat' dir='ltr'><strong>honorabilem</strong></span> <span class='ocrx_word' id='word_1_164' title='bbox 348 2633 536 2700; x_wconf 82' lang='lat' dir='ltr'><strong>reddiderat</strong></span> <span class='ocrx_word' id='word_1_165' title='bbox 572 2633 650 2700; x_wconf 88' lang='lat' dir='ltr'><strong>Post</strong></span> <span class='ocrx_word' id='word_1_166' title='bbox 669 2633 748 2700; x_wconf 86' lang='lat' dir='ltr'><strong>baeo</strong></span> <span class='ocrx_word' id='word_1_167' title='bbox 769 2633 928 2720; x_wconf 88' lang='lat' dir='ltr'><strong>promovit</strong></span> <span class='ocrx_word' id='word_1_168' title='bbox 950 2654 1022 2701; x_wconf 89' lang='lat' dir='ltr'><strong>eum</strong></span> <span class='ocrx_word' id='word_1_169' title='bbox 1041 2635 1214 2722; x_wconf 89' lang='lat' dir='ltr'><strong>imperator</strong></span> <span class='ocrx_word' id='word_1_170' title='bbox 1228 2635 1277 2702; x_wconf 90' lang='lat' dir='ltr'><strong>in·</strong></span> 
     </span>
     <span class='ocr_line' id='line_1_22' title="bbox 108 2747 1277 2834; baseline 0.003 -18"><span class='ocrx_word' id='word_1_171' title='bbox 108 2753 160 2816; x_wconf 87' lang='lat' dir='ltr'><strong>ter</strong></span> <span class='ocrx_word' id='word_1_172' title='bbox 181 2750 309 2834; x_wconf 78' lang='lat' dir='ltr'><strong>amieos,</strong></span> <span class='ocrx_word' id='word_1_173' title='bbox 330 2749 467 2834; x_wconf 70' lang='lat' dir='ltr'><strong>iecitque</strong></span> <span class='ocrx_word' id='word_1_174' title='bbox 491 2769 563 2816; x_wconf 90' lang='lat' dir='ltr'><strong>enm</strong></span> <span class='ocrx_word' id='word_1_175' title='bbox 586 2749 729 2817; x_wconf 88' lang='lat' dir='ltr'><strong>abbatem</strong></span> <span class='ocrx_word' id='word_1_176' title='bbox 753 2747 1016 2834; x_wconf 87' lang='lat' dir='ltr'><strong>Werdineneium,</strong></span> <span class='ocrx_word' id='word_1_177' title='bbox 1039 2750 1161 2818; x_wconf 86' lang='lat' dir='ltr'><strong>dioens:</strong></span> <span class='ocrx_word' id='word_1_178' title='bbox 1186 2751 1277 2818; x_wconf 77' lang='lat' dir='ltr'><strong>Siout</strong></span> 
     </span>
     <span class='ocr_line' id='line_1_23' title="bbox 108 2865 1275 2951; baseline 0 -19"><span class='ocrx_word' id='word_1_179' title='bbox 108 2869 288 2932; x_wconf 66' lang='lat' dir='ltr'><strong>undatim</strong></span> <span class='ocrx_word' id='word_1_180' title='bbox 312 2869 350 2932; x_wconf 84' lang='lat' dir='ltr'><strong>de</strong></span> <span class='ocrx_word' id='word_1_181' title='bbox 378 2879 421 2947; x_wconf 83' lang='lat' dir='ltr'><strong>te,</strong></span> <span class='ocrx_word' id='word_1_182' title='bbox 450 2870 497 2932; x_wconf 81' lang='lat' dir='ltr'><strong>oio</strong></span> <span class='ocrx_word' id='word_1_183' title='bbox 517 2869 687 2933; x_wconf 79' lang='lat' dir='ltr'><strong>uideamus.</strong></span> <span class='ocrx_word' id='word_1_184' title='bbox 723 2866 811 2933; x_wconf 83' lang='lat' dir='ltr'><strong>Tune</strong></span> <span class='ocrx_word' id='word_1_185' title='bbox 832 2867 910 2933; x_wconf 87' lang='lat' dir='ltr'><strong>satis</strong></span> <span class='ocrx_word' id='word_1_186' title='bbox 933 2865 1074 2932; x_wconf 85' lang='lat' dir='ltr'><strong>benivole</strong></span> <span class='ocrx_word' id='word_1_187' title='bbox 1096 2871 1275 2951; x_wconf 67' lang='lat' dir='ltr'><strong>mmmmm,</strong></span> 
     </span>
     <span class='ocr_line' id='line_1_24' title="bbox 108 2981 978 3050; baseline 0 -2"><span class='ocrx_word' id='word_1_188' title='bbox 108 2981 149 3048; x_wconf 85' lang='lat' dir='ltr'><strong>ad</strong></span> <span class='ocrx_word' id='word_1_189' title='bbox 172 2982 375 3048; x_wconf 77' lang='lat' dir='ltr'><strong>commissum</strong></span> <span class='ocrx_word' id='word_1_190' title='bbox 398 2981 481 3048; x_wconf 85' lang='lat' dir='ltr'><strong>ovile</strong></span> <span class='ocrx_word' id='word_1_191' title='bbox 503 3001 574 3048; x_wconf 90' lang='lat' dir='ltr'><strong>oum</strong></span> <span class='ocrx_word' id='word_1_192' title='bbox 597 2982 714 3050; x_wconf 91' lang='lat' dir='ltr'><strong>bonore</strong></span> <span class='ocrx_word' id='word_1_193' title='bbox 737 2983 858 3050; x_wconf 90' lang='lat' dir='ltr'><strong>dimisit</strong></span> <span class='ocrx_word' id='word_1_194' title='bbox 881 2991 978 3048; x_wconf 82' lang='lat' dir='ltr'><strong>eum&#39;.</strong></span> 
     </span>
    </p>

    <p class='ocr_par' dir='ltr' id='par_1_5' title="bbox 105 3094 1275 3533">
     <span class='ocr_line' id='line_1_25' title="bbox 197 3094 1275 3185; baseline 0 -21"><span class='ocrx_word' id='word_1_195' title='bbox 197 3097 316 3164; x_wconf 85' lang='lat' dir='ltr'><strong>Audito</strong></span> <span class='ocrx_word' id='word_1_196' title='bbox 347 3103 453 3164; x_wconf 90' lang='lat' dir='ltr'><strong>eutem</strong></span> <span class='ocrx_word' id='word_1_197' title='bbox 481 3097 629 3185; x_wconf 88' lang='lat' dir='ltr'><strong>disoipuli</strong></span> <span class='ocrx_word' id='word_1_198' title='bbox 658 3104 690 3166; x_wconf 93' lang='lat' dir='ltr'><strong>et</strong></span> <span class='ocrx_word' id='word_1_199' title='bbox 720 3099 813 3165; x_wconf 88' lang='lat' dir='ltr'><strong>amioi</strong></span> <span class='ocrx_word' id='word_1_200' title='bbox 841 3099 924 3182; x_wconf 87' lang='lat' dir='ltr'><strong>eins,</strong></span> <span class='ocrx_word' id='word_1_201' title='bbox 960 3097 1034 3182; x_wconf 87' lang='lat' dir='ltr'><strong>quia</strong></span> <span class='ocrx_word' id='word_1_202' title='bbox 1061 3094 1275 3181; x_wconf 80' lang='lat' dir='ltr'><strong>magnificavit</strong></span> 
     </span>
     <span class='ocr_line' id='line_1_26' title="bbox 108 3212 1274 3301; baseline -0.001 -20"><span class='ocrx_word' id='word_1_203' title='bbox 108 3212 200 3281; x_wconf 69' lang='lat' dir='ltr'><strong>eum*</strong></span> <span class='ocrx_word' id='word_1_204' title='bbox 215 3213 319 3280; x_wconf 78' lang='lat' dir='ltr'><strong>Deus⁸</strong></span> <span class='ocrx_word' id='word_1_205' title='bbox 341 3214 374 3280; x_wconf 93' lang='lat' dir='ltr'><strong>in</strong></span> <span class='ocrx_word' id='word_1_206' title='bbox 398 3219 568 3301; x_wconf 79' lang='lat' dir='ltr'><strong>conspeetu</strong></span> <span class='ocrx_word' id='word_1_207' title='bbox 581 3235 701 3299; x_wconf 77' lang='lat' dir='ltr'><strong>regum,</strong></span> <span class='ocrx_word' id='word_1_208' title='bbox 726 3215 903 3282; x_wconf 65' lang='lat' dir='ltr'><strong>absentiae*²</strong></span> <span class='ocrx_word' id='word_1_209' title='bbox 919 3215 986 3280; x_wconf 89' lang='lat' dir='ltr'><strong>eins</strong></span> <span class='ocrx_word' id='word_1_210' title='bbox 1001 3213 1166 3280; x_wconf 81' lang='lat' dir='ltr'><strong>bistioiam</strong></span> <span class='ocrx_word' id='word_1_211' title='bbox 1181 3232 1274 3280; x_wconf 84' lang='lat' dir='ltr'><strong>esen-</strong></span> 
     </span>
     <span class='ocr_line' id='line_1_27' title="bbox 105 3329 1273 3415; baseline -0.001 -19"><span class='ocrx_word' id='word_1_212' title='bbox 105 3335 159 3396; x_wconf 87' lang='lat' dir='ltr'><strong>tns</strong></span> <span class='ocrx_word' id='word_1_213' title='bbox 186 3329 293 3396; x_wconf 88' lang='lat' dir='ltr'><strong>letioia</strong></span> <span class='ocrx_word' id='word_1_214' title='bbox 320 3329 517 3413; x_wconf 84' lang='lat' dir='ltr'><strong>solabantur3</strong></span> <span class='ocrx_word' id='word_1_215' title='bbox 548 3332 656 3398; x_wconf 84' lang='lat' dir='ltr'><strong>seouri</strong></span> <span class='ocrx_word' id='word_1_216' title='bbox 672 3331 711 3398; x_wconf 92' lang='lat' dir='ltr'><strong>de</strong></span> <span class='ocrx_word' id='word_1_217' title='bbox 734 3330 890 3415; x_wconf 87' lang='lat' dir='ltr'><strong>moribus,</strong></span> <span class='ocrx_word' id='word_1_218' title='bbox 919 3330 997 3397; x_wconf 88' lang='lat' dir='ltr'><strong>uerti</strong></span> <span class='ocrx_word' id='word_1_219' title='bbox 1019 3330 1058 3396; x_wconf 91' lang='lat' dir='ltr'><strong>de</strong></span> <span class='ocrx_word' id='word_1_220' title='bbox 1080 3329 1160 3410; x_wconf 83' lang='lat' dir='ltr'><strong>vita3</strong></span> <span class='ocrx_word' id='word_1_221' title='bbox 1189 3330 1273 3414; x_wconf 84' lang='lat' dir='ltr'><strong>qnia,</strong></span> 
     </span>
     <span class='ocr_line' id='line_1_28' title="bbox 107 3445 1215 3533; baseline -0.002 -20"><span class='ocrx_word' id='word_1_222' title='bbox 107 3465 201 3533; x_wconf 87' lang='lat' dir='ltr'><strong>quem</strong></span> <span class='ocrx_word' id='word_1_223' title='bbox 224 3446 303 3513; x_wconf 90' lang='lat' dir='ltr'><strong>bene</strong></span> <span class='ocrx_word' id='word_1_224' title='bbox 326 3447 486 3514; x_wconf 89' lang='lat' dir='ltr'><strong>subditum</strong></span> <span class='ocrx_word' id='word_1_225' title='bbox 508 3447 675 3532; x_wconf 86' lang='lat' dir='ltr'><strong>videbant,</strong></span> <span class='ocrx_word' id='word_1_226' title='bbox 699 3447 777 3514; x_wconf 90' lang='lat' dir='ltr'><strong>bene</strong></span> <span class='ocrx_word' id='word_1_227' title='bbox 800 3447 895 3514; x_wconf 84' lang='lat' dir='ltr'><strong>etiam</strong></span> <span class='ocrx_word' id='word_1_228' title='bbox 917 3465 1044 3533; x_wconf 86' lang='lat' dir='ltr'><strong>preesse</strong></span> <span class='ocrx_word' id='word_1_229' title='bbox 1067 3445 1215 3512; x_wconf 85' lang='lat' dir='ltr'><strong>solebant</strong></span> 
     </span>
    </p>

    <p class='ocr_par' dir='ltr' id='par_1_6' title="bbox 50 3562 1272 4115">
     <span class='ocr_line' id='line_1_29' title="bbox 50 3562 1272 3652; baseline -0.002 -21"><span class='ocrx_word' id='word_1_230' title='bbox 50 3635 53 3641; x_wconf 61' lang='grc'>,</span> <span class='ocrx_word' id='word_1_231' title='bbox 196 3563 268 3651; x_wconf 90' lang='lat' dir='ltr'><strong>lpse</strong></span> <span class='ocrx_word' id='word_1_232' title='bbox 291 3583 365 3630; x_wconf 85' lang='lat' dir='ltr'><strong>vero</strong></span> <span class='ocrx_word' id='word_1_233' title='bbox 387 3597 429 3610; x_wconf 92' lang='lat'><em>-</em></span> <span class='ocrx_word' id='word_1_234' title='bbox 454 3564 538 3648; x_wconf 89' lang='lat' dir='ltr'><strong>quod</strong></span> <span class='ocrx_word' id='word_1_235' title='bbox 560 3564 674 3630; x_wconf 88' lang='lat' dir='ltr'><strong>dieitur</strong></span> <span class='ocrx_word' id='word_1_236' title='bbox 696 3563 846 3652; x_wconf 82' lang='lat' dir='ltr'><strong>potantis,</strong></span> <span class='ocrx_word' id='word_1_237' title='bbox 870 3567 1094 3649; x_wconf 81' lang='lat' dir='ltr'><strong>contempnens</strong></span> <span class='ocrx_word' id='word_1_238' title='bbox 1118 3567 1164 3646; x_wconf 87' lang='lat' dir='ltr'><strong>et,</strong></span> <span class='ocrx_word' id='word_1_239' title='bbox 1189 3562 1272 3647; x_wconf 91' lang='lat' dir='ltr'><strong>quod</strong></span> 
     </span>
     <span class='ocr_line' id='line_1_30' title="bbox 105 3679 1272 3768; baseline -0.003 -20"><span class='ocrx_word' id='word_1_240' title='bbox 105 3681 280 3768; x_wconf 81' lang='lat' dir='ltr'><strong>paternitas</strong></span> <span class='ocrx_word' id='word_1_241' title='bbox 308 3680 438 3763; x_wconf 83' lang='lat' dir='ltr'><strong>dieitur,</strong></span> <span class='ocrx_word' id='word_1_242' title='bbox 467 3680 631 3747; x_wconf 87' lang='lat' dir='ltr'><strong>attendens</strong></span> <span class='ocrx_word' id='word_1_243' title='bbox 654 3715 696 3726; x_wconf 85' lang='grc'><strong>-</strong></span> <span class='ocrx_word' id='word_1_244' title='bbox 721 3679 761 3746; x_wconf 85' lang='lat' dir='ltr'><strong>ad</strong></span> <span class='ocrx_word' id='word_1_245' title='bbox 788 3684 952 3746; x_wconf 86' lang='lat' dir='ltr'><strong>eonsuetos</strong></span> <span class='ocrx_word' id='word_1_246' title='bbox 978 3687 1082 3746; x_wconf 82' lang='lat' dir='ltr'><strong>mor&#39;es</strong></span> <span class='ocrx_word' id='word_1_247' title='bbox 1104 3698 1272 3746; x_wconf 79' lang='lat' dir='ltr'><strong>conuersus</strong></span> 
     </span>
     <span class='ocr_line' id='line_1_31' title="bbox 104 3795 1272 3882; baseline 0 -20"><span class='ocrx_word' id='word_1_248' title='bbox 104 3815 164 3863; x_wconf 86' lang='lat' dir='ltr'><strong>neo</strong></span> <span class='ocrx_word' id='word_1_249' title='bbox 186 3795 306 3882; x_wconf 89' lang='lat' dir='ltr'><strong>aliquid</strong></span> <span class='ocrx_word' id='word_1_250' title='bbox 327 3800 452 3862; x_wconf 89' lang='lat' dir='ltr'><strong>mutans</strong></span> <span class='ocrx_word' id='word_1_251' title='bbox 475 3795 537 3862; x_wconf 90' lang='lat' dir='ltr'><strong>nisi</strong></span> <span class='ocrx_word' id='word_1_252' title='bbox 559 3797 650 3880; x_wconf 83' lang='lat' dir='ltr'><strong>forte,</strong></span> <span class='ocrx_word' id='word_1_253' title='bbox 673 3801 709 3862; x_wconf 93' lang='lat' dir='ltr'><strong>ut</strong></span> <span class='ocrx_word' id='word_1_254' title='bbox 731 3795 883 3882; x_wconf 81' lang='lat' dir='ltr'><strong>seriptum</strong></span> <span class='ocrx_word' id='word_1_255' title='bbox 906 3801 969 3862; x_wconf 84' lang='lat' dir='ltr'><strong>est:</strong></span> <span class='ocrx_word' id='word_1_256' title='bbox 992 3796 1088 3862; x_wconf 76' lang='lat' dir='ltr'><strong>Itanos</strong></span> <span class='ocrx_word' id='word_1_257' title='bbox 1108 3798 1146 3862; x_wconf 85' lang='lat' dir='ltr'><strong>de</strong></span> <span class='ocrx_word' id='word_1_258' title='bbox 1159 3799 1272 3862; x_wconf 71' lang='lat' dir='ltr'><strong>olmeto</strong></span> 
     </span>
     <span class='ocr_line' id='line_1_32' title="bbox 103 3908 1271 3999; baseline -0.002 -20"><span class='ocrx_word' id='word_1_259' title='bbox 103 3917 139 3979; x_wconf 77' lang='lat' dir='ltr'><strong>in</strong></span> <span class='ocrx_word' id='word_1_260' title='bbox 161 3908 336 3994; x_wconf 45' lang='lat' dir='ltr'><strong>adamant</strong></span> <span class='ocrx_word' id='word_1_261' title='bbox 360 3910 439 3978; x_wconf 91' lang='lat' dir='ltr'><strong>illud</strong></span> <span class='ocrx_word' id='word_1_262' title='bbox 457 3910 518 3977; x_wconf 90' lang='lat' dir='ltr'><strong>sibi</strong></span> <span class='ocrx_word' id='word_1_263' title='bbox 538 3911 662 3979; x_wconf 89' lang='lat' dir='ltr'><strong>dioebat</strong></span> <span class='ocrx_word' id='word_1_264' title='bbox 684 3911 825 3978; x_wconf 87' lang='lat' dir='ltr'><strong>sedulus:</strong></span> <span class='ocrx_word' id='word_1_265' title='bbox 851 3912 977 3994; x_wconf 69' lang='lat' dir='ltr'><strong>Quaado</strong></span> <span class='ocrx_word' id='word_1_266' title='bbox 996 3935 1129 3999; x_wconf 71' lang='lat' dir='ltr'><strong>mapsam</strong></span> <span class='ocrx_word' id='word_1_267' title='bbox 1150 3935 1191 3994; x_wconf 80' lang='lat' dir='ltr'><strong>oa,</strong></span> <span class='ocrx_word' id='word_1_268' title='bbox 1214 3913 1271 3977; x_wconf 79' lang='lat' dir='ltr'><strong>bu-</strong></span> 
     </span>
     <span class='ocr_line' id='line_1_33' title="bbox 103 4023 1269 4115; baseline -0.003 -19"><span class='ocrx_word' id='word_1_269' title='bbox 103 4031 196 4096; x_wconf 74' lang='lat' dir='ltr'><strong>milia</strong></span> <span class='ocrx_word' id='word_1_270' title='bbox 222 4043 250 4096; x_wconf 76' lang='lat' dir='ltr'><strong>aa</strong></span> <span class='ocrx_word' id='word_1_271' title='bbox 275 4031 310 4095; x_wconf 79' lang='lat' dir='ltr'><strong>s&#39;a</strong></span> <span class='ocrx_word' id='word_1_272' title='bbox 336 4023 504 4095; x_wconf 61' lang='lat' dir='ltr'><strong>mandat</strong></span> <span class='ocrx_word' id='word_1_273' title='bbox 540 4027 608 4106; x_wconf 78' lang='lat' dir='ltr'><strong>Qua</strong></span> <span class='ocrx_word' id='word_1_274' title='bbox 630 4027 669 4094; x_wconf 92' lang='lat' dir='ltr'><strong>de</strong></span> <span class='ocrx_word' id='word_1_275' title='bbox 691 4047 726 4095; x_wconf 92' lang='lat' dir='ltr'><strong>re</strong></span> <span class='ocrx_word' id='word_1_276' title='bbox 747 4026 879 4115; x_wconf 87' lang='lat' dir='ltr'><strong>impleta</strong></span> <span class='ocrx_word' id='word_1_277' title='bbox 902 4033 950 4094; x_wconf 91' lang='lat' dir='ltr'><strong>est</strong></span> <span class='ocrx_word' id='word_1_278' title='bbox 970 4027 1004 4094; x_wconf 94' lang='lat' dir='ltr'><strong>in</strong></span> <span class='ocrx_word' id='word_1_279' title='bbox 1025 4027 1080 4094; x_wconf 91' lang='lat' dir='ltr'><strong>illo</strong></span> <span class='ocrx_word' id='word_1_280' title='bbox 1103 4027 1269 4114; x_wconf 74' lang='lat' dir='ltr'><strong>scriptura,</strong></span> 
     </span>
    </p>
   </div>
   <div class='ocr_carea' id='block_1_3' title="bbox 103 4177 1270 4400">
    <p class='ocr_par' dir='ltr' id='par_1_7' title="bbox 103 4177 1270 4400">
     <span class='ocr_line' id='line_1_34' title="bbox 177 4177 1270 4241; baseline -0.005 -14"><span class='ocrx_word' id='word_1_281' title='bbox 177 4193 198 4227; x_wconf 70' lang='lat' dir='ltr'><strong>a.</strong></span> <span class='ocrx_word' id='word_1_282' title='bbox 217 4186 339 4241; x_wconf 68' lang='lat' dir='ltr'><strong>asportatas</strong></span> <span class='ocrx_word' id='word_1_283' title='bbox 354 4181 376 4226; x_wconf 85' lang='lat' dir='ltr'><strong>s&#39;sr</strong></span> <span class='ocrx_word' id='word_1_284' title='bbox 393 4179 471 4225; x_wconf 76' lang='lat' dir='ltr'><strong>codice</strong></span> <span class='ocrx_word' id='word_1_285' title='bbox 486 4179 555 4224; x_wconf 78' lang='lat' dir='ltr'><strong>dosa:</strong></span> <span class='ocrx_word' id='word_1_286' title='bbox 572 4179 628 4225; x_wconf 76' lang='lat' dir='ltr'><strong>deut</strong></span> <span class='ocrx_word' id='word_1_287' title='bbox 642 4180 668 4226; x_wconf 82' lang='lat' dir='ltr'><strong>in</strong></span> <span class='ocrx_word' id='word_1_288' title='bbox 683 4181 807 4238; x_wconf 75' lang='lat' dir='ltr'><strong>conspeetu</strong></span> <span class='ocrx_word' id='word_1_289' title='bbox 823 4191 900 4238; x_wconf 70' lang='lat' dir='ltr'><strong>regum</strong></span> <span class='ocrx_word' id='word_1_290' title='bbox 916 4177 1038 4226; x_wconf 73' lang='lat' dir='ltr'><strong>absenflte.</strong></span> <span class='ocrx_word' id='word_1_291' title='bbox 1063 4181 1101 4234; x_wconf 72' lang='lat' dir='ltr'><strong>Cf·</strong></span> <span class='ocrx_word' id='word_1_292' title='bbox 1115 4181 1177 4234; x_wconf 77' lang='lat' dir='ltr'><strong>s&#39;ssfm</strong></span> <span class='ocrx_word' id='word_1_293' title='bbox 1193 4186 1238 4223; x_wconf 78' lang='lat' dir='ltr'><strong>soi.</strong></span> <span class='ocrx_word' id='word_1_294' title='bbox 1249 4195 1270 4223; x_wconf 77' lang='lat' dir='ltr'><strong>a.</strong></span> 
     </span>
     <span class='ocr_line' id='line_1_35' title="bbox 103 4258 1269 4316; baseline -0.003 -10"><span class='ocrx_word' id='word_1_295' title='bbox 103 4258 126 4306; x_wconf 84' lang='lat' dir='ltr'><strong>b.</strong></span> <span class='ocrx_word' id='word_1_296' title='bbox 148 4273 200 4306; x_wconf 80' lang='lat' dir='ltr'><strong>eum</strong></span> <span class='ocrx_word' id='word_1_297' title='bbox 216 4259 308 4306; x_wconf 81' lang='lat' dir='ltr'><strong>addidi.</strong></span> <span class='ocrx_word' id='word_1_298' title='bbox 385 4272 404 4306; x_wconf 78' lang='lat' dir='ltr'><strong>a.</strong></span> <span class='ocrx_word' id='word_1_299' title='bbox 425 4259 493 4305; x_wconf 77' lang='lat' dir='ltr'><strong>verda</strong></span> <span class='ocrx_word' id='word_1_300' title='bbox 509 4258 579 4304; x_wconf 79' lang='lat' dir='ltr'><strong>daec.-</strong></span> <span class='ocrx_word' id='word_1_301' title='bbox 599 4258 656 4304; x_wconf 77' lang='lat' dir='ltr'><strong>daut</strong></span> <span class='ocrx_word' id='word_1_302' title='bbox 673 4281 697 4289; x_wconf 91' lang='lat'>-</span> <span class='ocrx_word' id='word_1_303' title='bbox 711 4258 839 4315; x_wconf 71' lang='lat' dir='ltr'><strong>absentiae,</strong></span> <span class='ocrx_word' id='word_1_304' title='bbox 856 4261 878 4304; x_wconf 82' lang='lat' dir='ltr'><strong>r&#39;n</strong></span> <span class='ocrx_word' id='word_1_305' title='bbox 895 4261 969 4305; x_wconf 79' lang='lat' dir='ltr'><strong>alieno</strong></span> <span class='ocrx_word' id='word_1_306' title='bbox 985 4259 1037 4304; x_wconf 81' lang='lat' dir='ltr'><strong>loco</strong></span> <span class='ocrx_word' id='word_1_307' title='bbox 1054 4274 1069 4303; x_wconf 81' lang='lat' dir='ltr'><strong>a</strong></span> <span class='ocrx_word' id='word_1_308' title='bbox 1084 4259 1177 4303; x_wconf 74' lang='lat' dir='ltr'><strong>librario</strong></span> <span class='ocrx_word' id='word_1_309' title='bbox 1191 4259 1269 4316; x_wconf 72' lang='lat' dir='ltr'><strong>poeta</strong></span> 
     </span>
     <span class='ocr_line' id='line_1_36' title="bbox 103 4337 565 4400; baseline -0.006 -13"><span class='ocrx_word' id='word_1_310' title='bbox 103 4337 134 4398; x_wconf 86' lang='lat' dir='ltr'><strong>(v.</strong></span> <span class='ocrx_word' id='word_1_311' title='bbox 150 4357 220 4400; x_wconf 82' lang='lat' dir='ltr'><strong>supra</strong></span> <span class='ocrx_word' id='word_1_312' title='bbox 235 4349 281 4386; x_wconf 77' lang='lat' dir='ltr'><strong>nol.</strong></span> <span class='ocrx_word' id='word_1_313' title='bbox 292 4337 323 4397; x_wconf 71' lang='lat' dir='ltr'><strong>a),</strong></span> <span class='ocrx_word' id='word_1_314' title='bbox 338 4358 394 4386; x_wconf 79' lang='lat' dir='ltr'><strong>asae</strong></span> <span class='ocrx_word' id='word_1_315' title='bbox 408 4339 461 4386; x_wconf 71' lang='lat' dir='ltr'><strong>sads</strong></span> <span class='ocrx_word' id='word_1_316' title='bbox 473 4339 565 4385; x_wconf 72' lang='lat' dir='ltr'><strong>ratiost</strong></span> 
     </span>
    </p>
   </div>
   <div class='ocr_carea' id='block_1_4' title="bbox 175 4431 1077 4505">
    <p class='ocr_par' dir='ltr' id='par_1_8' title="bbox 175 4431 1077 4505">
     <span class='ocr_line' id='line_1_37' title="bbox 175 4431 1077 4505; baseline -0.002 -15"><span class='ocrx_word' id='word_1_317' title='bbox 175 4437 200 4490; x_wconf 94' lang='lat'><strong>1.</strong></span> <span class='ocrx_word' id='word_1_318' title='bbox 225 4435 319 4490; x_wconf 86' lang='lat' dir='ltr'><strong>sellam</strong></span> <span class='ocrx_word' id='word_1_319' title='bbox 336 4434 491 4505; x_wconf 75' lang='lat' dir='ltr'><strong>plicatilem.</strong></span> <span class='ocrx_word' id='word_1_320' title='bbox 582 4433 607 4489; x_wconf 79' lang='lat'><strong>2.</strong></span> <span class='ocrx_word' id='word_1_321' title='bbox 629 4433 674 4489; x_wconf 89' lang='lat' dir='ltr'><strong>Ps.</strong></span> <span class='ocrx_word' id='word_1_322' title='bbox 687 4433 731 4503; x_wconf 79' lang='lat'><strong>83,</strong></span> <span class='ocrx_word' id='word_1_323' title='bbox 743 4433 769 4489; x_wconf 89' lang='lat'><strong>8.</strong></span> <span class='ocrx_word' id='word_1_324' title='bbox 858 4433 885 4489; x_wconf 83' lang='grc'><strong>3.</strong></span> <span class='ocrx_word' id='word_1_325' title='bbox 908 4431 982 4488; x_wconf 84' lang='lat' dir='ltr'><strong>Eoel.</strong></span> <span class='ocrx_word' id='word_1_326' title='bbox 995 4431 1021 4503; x_wconf 85' lang='lat'><strong>3,</strong></span> <span class='ocrx_word' id='word_1_327' title='bbox 1033 4432 1077 4488; x_wconf 78' lang='lat'><strong>20.</strong></span> 
     </span>
    </p>
   </div>
   <div class='ocr_carea' id='block_1_5' title="bbox 0 0 1586 4842">
    <p class='ocr_par' dir='ltr' id='par_1_9' title="bbox 0 0 1586 4842">
     <span class='ocr_line' id='line_1_38' title="bbox 0 0 1586 4842; baseline 0 3"><span class='ocrx_word' id='word_1_328' title='bbox 0 0 1586 4842; x_wconf 95' lang='lat' dir='ltr'><strong> </strong></span> 
     </span>
    </p>
   </div>
  </div>
 </body>
</html>
