3090 4848
275 210 339 277 104
498 229 525 276 s.
544 229 719 277 somaro
740 230 784 276 rm
806 229 909 278 norun
931 229 1117 278 samsonis
1140 227 1177 276 nr.
1193 229 1223 276 as

103 376 328 438 o.tet-739aut
349 369 567 455 undecumque
588 370 668 454 sint,
698 377 888 438 rennuentes
917 390 953 438 ao
976 369 1178 458 prohibentes
1202 369 1354 438 obiciatis.
1401 369 1445 437 Et

272 491 308 554 ut
329 485 493 573 populum,
516 486 606 554 vobis
630 485 731 554 aDeo
754 487 967 572 commissum,
989 487 1052 573 piis
1077 486 1353 554 ammonitionibus
1368 487 1444 554 edo-

271 603 368 670 ceatis
398 607 430 668 ot
459 623 479 668 a
507 601 669 670 sacrificiis
698 607 896 670 mortuorum
925 604 1052 670 omnino
1080 603 1236 672 devitetis.
1282 603 1325 670 Et
1352 603 1446 670 iuxta

272 718 356 804 quod
377 718 502 785 fueritis
526 739 545 784 a
565 719 708 805 predicto
731 725 839 786 nostro
863 719 1084 786 consacerdote
1107 719 1218 804 edocti,
1242 720 1288 786 ita
1311 718 1444 786 catholi-

272 853 341 900 cam
364 837 397 900 et
420 834 625 920 apostolicam
649 835 824 902 doctrinam
853 840 1013 920 tenentes,
1044 835 1171 903 domino
1193 835 1261 902 Deo
1284 841 1317 902 et
1338 834 1444 901 sciss-

271 950 334 1015 tori
361 955 469 1016 nostro
496 950 622 1036 placere
649 950 814 1018 festinetis.
862 951 905 1017 Et
931 951 964 1017 in
993 971 1055 1036 quo
1084 951 1173 1018 vobis
1201 951 1270 1017 loco
1298 952 1337 1018 ad
1361 950 1444 1018 cele·

271 1064 393 1133 braude
421 1065 554 1133 concido
583 1069 750 1134 convenire
784 1067 999 1152 mandaverit,
1029 1068 1096 1134 sive
1123 1068 1214 1133 iuxta
1242 1067 1444 1134 Danuvium·

271 1182 337 1248 sive
360 1182 394 1247 in
417 1181 545 1250 civitate
567 1183 713 1267 Augusta
738 1183 784 1250 vel
807 1185 998 1270 ubicumque
1014 1183 1211 1268 indicaverit„
1234 1203 1292 1270 pro
1314 1184 1445 1252 nomine

271 1296 406 1364 Christi*
429 1299 533 1385 parati
557 1319 624 1366 esse
647 1300 868 1382 inveniamini3
893 1305 1047 1387 quatenus
1062 1319 1286 1385 cognoscamus
1301 1320 1359 1386 per
1374 1300 1444 1366 eius

271 1414 455 1482 mundatum
490 1415 530 1482 de
565 1420 670 1482 restro
704 1422 876 1499 conventu;
911 1421 947 1484 ut
969 1418 1003 1483 in
1030 1417 1114 1484 diem
1142 1416 1294 1484 adventm
1322 1415 1446 1484 Christi

271 1529 342 1597 Iesu
365 1550 436 1597 cum
458 1531 562 1598 fructu
585 1531 660 1599 boni
683 1533 787 1618 operis
811 1538 884 1600 ante
906 1533 973 1600 eius
993 1533 1133 1601 tribunal
1154 1533 1306 1600 adsistere
1321 1553 1446 1600 mereu-

269 1647 359 1731 mini‚
383 1647 539 1715 dicentes:
562 1650 645 1716 Ecce
666 1671 723 1716 nos
747 1655 900 1738 adponi,
925 1673 1003 1738 quoa
1021 1653 1138 1716 dedisti
1149 1651 1250 1730 nobis,
1275 1646 1445 1728 Domine¹5

269 1787 335 1832 non
355 1767 554 1852 perdidimus
577 1789 615 1832 oa
638 1771 682 1833 oio
706 1763 921 1854 quamquam¹‚
945 1771 980 1832 ut
1003 1772 1036 1832 et
1057 1786 1113 1832 vos
1130 1766 1319 1834 dominicam
1333 1785 1445 1834 vocem

270 1880 380 1947 audire
402 1881 589 1948 mereamini
612 1883 786 1950 dicentem:
816 1884 939 1965 Vende,
964 1885 1117 1950 tatodioti
1135 1887 1240 1972 pansi
1262 1887 1338 1965 mei,
1366 1906 1445 1970 per-

269 1999 365 2085 cipite
386 2021 527 2084 reanum,
553 2002 639 2086 qaod
660 2001 748 2066 nodab
762 2014 916 2087 paratum
931 2014 976 2067 est
990 2001 1029 2066 ab
1046 2003 1169 2086 oniqino
1182 1995 1320 2066 mnndi⁸.
1356 1998 1446 2066 Bene

269 2113 398 2181 valete⁶.

272 2325 333 2398 38.
362 2325 536 2416 Gnoyorina
560 2327 622 2394 ΙΙΙ
639 2352 728 2416 popa
750 2331 934 2416 Bonifatio,
959 2332 1017 2416 qni
1038 2331 1082 2396 od
1104 2342 1225 2396 contum
1246 2330 1337 2396 mitia
1361 2327 1446 2398 Ger*-

359 2467 526 2510 manorum
560 2445 750 2511 christianae
769 2447 851 2530 fidoi
873 2447 1101 2527 conciliaverit,
1131 2446 1322 2532 qratalanor.
1357 2447 1448 2512 Eram

360 2563 485 2642 badas,
516 2562 616 2648 qaod,
649 2575 785 2649 quatuor
811 2563 973 2628 Boeotiae
996 2565 1156 2650 paroeciis
1185 2565 1349 2644 insnum,
1380 2577 1448 2629 tres

359 2681 522 2766 episcopos
545 2657 704 2744 deuenit.
751 2677 854 2744 Addit
876 2679 914 2742 de
931 2679 1124 2765 presbyterio
1147 2681 1376 2759 consecrandos,
1405 2682 1448 2746 do

359 2795 556 2881 baptismate,
580 2796 619 2859 de
641 2793 792 2874 Vioiiono,
817 2796 856 2860 do
878 2795 1019 2860 concilio.
1056 2795 1097 2860 In
1119 2817 1182 2862 ano
1206 2796 1272 2860 icoo
1295 2799 1451 2863 morandi

360 2911 519 2977 licentiam
542 2913 571 2976 oi
593 2909 751 2997 doneqatd.
1152 2909 1187 2990 (S
1206 2912 1278 2994 130,
1302 2909 1370 2978 WG
1385 2914 1447 2996 46)

185 3048 236 3100 739
360 3043 626 3112 messanensium
654 3050 686 3110 et
713 3043 912 3110 sanctissimo
940 3044 1048 3110 trabi·
1070 3043 1228 3112 Bonifatio
1256 3045 1448 3132 coepiscopo

164 3119 254 3166 Μ
272 3157 443 3244 Gregorius
466 3179 575 3227 servus
598 3179 759 3227 serrorum
783 3159 852 3226 Dei.

361 3274 508 3342 Doctorr's
531 3275 670 3342 omnium
695 3275 847 3361 gentium,
871 3275 988 3360 egregii
1008 3275 1142 3362 apostoli
1158 3276 1242 3344 beati
1256 3275 1357 3362 Pauli,
1379 3298 1448 3345 vox

273 3399 321 3460 est
343 3391 494 3458 dicentis:
518 3393 733 3479 Didiqentibno
756 3393 862 3458 Deam
884 3397 992 3458 omnia
1014 3407 1222 3480 cooperantur
1243 3397 1278 3459 in
1301 3393 1446 3462 donnm‘.

271 3509 488 3592 Agnoscentes
510 3508 641 3594 itaque‘,
664 3509 699 3575 in
722 3507 841 3576 sillabis
864 3508 1072 3575 fraternitatis
1094 3515 1167 3576 tuoe
1189 3509 1355 3576 innotuisti
1377 3516 1448 3578 tam

273 3625 312 3692 de
335 3623 524 3692 Germaniae
547 3625 707 3710 gentibus,
732 3645 810 3711 quas
833 3644 891 3690 sua
914 3625 1031 3710 pictate
1054 3624 1139 3691 Deus
1162 3631 1269 3692 noster
1292 3625 1331 3693 de
1352 3633 1450 3713 pote-

272 3745 372 3808 state⁸
394 3761 588 3828 paganorum
618 3739 765 3808 liberavit
794 3746 825 3808 et
853 3741 893 3808 ad
916 3747 1041 3807 centum
1063 3740 1153 3807 milia
1175 3742 1295 3808 animas
1315 3743 1350 3808 in
1371 3745 1449 3812 sinu

272 3863 399 3926 sanotae
421 3859 533 3924 matris
558 3857 726 3936 aecclesiae
749 3863 803 3923 tuo
826 3859 989 3924 conamine
1011 3864 1043 3924 et
1057 3855 1159 3924 (iasiih
1174 3859 1327 3945 principis
1343 3859 1449 3927 Fran·

345 4085 365 4118 a
386 4088 444 4118 corr.
460 4075 482 4118 in
503 4069 631 4118 Danubium
650 4073 675 4118 C.
754 4070 776 4116 b.
797 4087 840 4116 om.
856 4073 891 4118 M.
969 4084 989 4117 c.
1011 4071 1072 4117 Bunc
1088 4071 1161 4118 ariete
1178 4087 1212 4118 om
1231 4075 1257 4120 C.
1327 4073 1349 4120 d.
1370 4091 1401 4119 ex
1418 4079 1452 4123 Μ

273 4153 316 4199 lh:
326 4152 391 4208 -1e‚
409 4152 468 4199 cto
477 4174 500 4182 -
508 4152 544 4198 bo.
568 4151 621 4198 Sine
636 4152 740 4196 lemmate
752 4154 792 4206 Mt
808 4150 864 4196 Item
881 4149 984 4208 Gregorii
999 4151 1062 4196 tertii
1073 4153 1099 4198 C.
1162 4165 1181 4197 e.
1198 4169 1240 4198 ors.
1253 4156 1287 4199 M.
1349 4152 1364 4198 i.
1381 4155 1449 4214 quod

272 4232 385 4278 acdona
399 4231 495 4276 videtur.
572 4243 593 4288 g.
614 4231 705 4289 pesato
721 4233 756 4276 M.
834 4229 856 4276 b.
878 4247 934 4276 corr.
951 4234 973 4276 tn
990 4229 1063 4278 Caroli
1081 4233 1106 4279 C.

345 4335 534 4404 1.1ssi.8,18.
607 4335 632 4388 2.
646 4332 701 4388 Iob.
715 4333 756 4402 18,
767 4334 791 4386 9.
864 4335 890 4388 3.
904 4332 946 4390 (if.
959 4335 1054 4390 Mattb.
1068 4335 1111 4406 25,
1121 4336 1164 4390 34.
1236 4336 1448 4406 nicomede.
