3024 4864
280 311 309 360 s.
324 311 502 361 normann
522 311 567 360 nn
589 311 692 359 nunu
713 309 900 359 sumnonem
926 311 956 357 ιι
1139 291 1202 358 173

59 451 212 536 admime,
236 473 310 520 cum
332 459 368 520 tu
389 452 579 520 christianus
602 453 723 520 otveri
745 450 807 518 Dei
829 451 931 518 cultor
953 469 1021 517 esse
1044 450 1204 539 cognomi·
1223 454 1363 514 ιιι-ιιι

56 568 134 652 naris,
154 569 181 634 ai
201 569 236 634 in
257 569 422 637 iuuentute
444 567 674 636 adolescentiae
695 574 769 634 tuae
791 566 968 654 putridine·
989 565 1133 632 luxoriae
1155 567 1204 631 in·

56 684 179 767 quinctus
202 689 235 750 et
256 685 376 752 foetore
399 683 546 751 adulterii
568 683 728 750 involutus
746 688 779 749 et
793 683 943 766 uoragine
958 681 1098 749 libidinis
1115 682 1205 766 quasi

54 805 131 884 puteo
150 800 265 866 inferni
288 799 449 868 demersus
471 800 587 883 fueras,
614 799 680 865 iam
702 804 828 886 tempus
852 805 914 865 est:
938 803 984 883 ut,
1006 817 1128 864 memor
1150 797 1205 862 do·

52 915 117 980 mini
135 916 189 1000 tui,
218 936 238 982 a
259 915 377 982 diaboli
399 915 520 1000 laqueis
543 915 712 1002 resipiscas
736 920 768 982 et
791 934 809 980 a
831 915 951 980 foetore
973 913 1116 980 luxoriae
1139 931 1206 978 sor·

53 1028 172 1097 dilatam
196 1031 335 1098 animam
357 1031 453 1098 laves.
488 1030 555 1098 lam
573 1036 698 1117 tempus
714 1035 777 1096 est:
801 1035 838 1096 ut
853 1050 910 1116 pro
925 1031 1039 1095 timore
1055 1027 1205 1095 creatoris

52 1145 90 1211 tui
107 1145 165 1212 tale
187 1147 347 1233 piaculum
369 1149 485 1214 iterare
508 1152 540 1212 et
562 1145 611 1212 tel
634 1145 793 1212 maculare
816 1145 901 1212 ultra
915 1165 978 1211 non
993 1153 1204 1231 praesumas⁸.

53 1259 170 1348 Tempus
193 1269 257 1330 est:
280 1268 318 1330 ιιι
340 1262 553 1330 multitudini‘¹
575 1263 737 1350 pereuntis
761 1261 871 1348 pepuli
894 1279 1017 1347 pareas,
1043 1281 1132 1346 quae,
1157 1279 1206 1326 se·

52 1378 155 1462 quenda
176 1377 326 1465 exempla
347 1379 507 1466 peccantis
530 1378 693 1464 principis,
717 1377 866 1445 cadebat·
887 1377 921 1443 in
937 1383 1066 1464 puteum
1082 1375 1204 1442 mortis.

49 1490 124 1578 Quia,
148 1499 418 1580 quantoscumque
440 1494 492 1561 vel
513 1513 572 1580 per
594 1493 678 1560 bona
699 1493 846 1579 exempla
869 1492 923 1559 ed¹
938 1493 1037 1558 vitam
1062 1491 1205 1558 caelestis

49 1609 154 1694 patriae
181 1611 398 1678 contrahimus
421 1610 472 1677 rel
500 1630 559 1696 per
580 1609 665 1676 mala
688 1607 835 1694 exempla
857 1607 897 1674 ad
920 1607 1131 1694 perditionem
1155 1627 1205 1672 se-

50 1731 162 1807 quentes
183 1727 428 1813 praehibimus⁸,
458 1726 617 1792 detentis
640 1724 750 1810 procul
773 1723 867 1790 dubio
892 1724 931 1791 ab
952 1728 1079 1790 aeterno
1102 1721 1206 1788 iudice

50 1837 88 1906 rel
105 1861 222 1927 poenas
244 1841 296 1910 vel
318 1843 460 1929 praemia
483 1841 643 1927 accepturi
666 1859 784 1906 sumus.

122 1955 156 2023 Si
177 1958 265 2024 enim
287 1954 382 2042 gens¹
396 1956 572 2042 Anglornm
596 1993 638 2002 -
663 1957 745 2023 sicut
766 1975 824 2042 per
847 1954 926 2020 istas
948 1953 1128 2040 provincias
1151 1953 1205 2019 de·

47 2070 213 2154 vulgatumh
238 2079 286 2140 eet
308 2079 340 2140 ιι
362 2073 452 2141 nobis
474 2074 508 2140 in
531 2071 667 2140 Francia
690 2075 722 2138 et
744 2071 777 2137 in
801 2069 893 2137 ltalia
914 2070 1147 2156 inproperatur,
1175 2072 1207 2135 ιι
1236 2109 1240 2118 -

49 2185 80 2253 ab
101 2188 177 2275 ipsis
200 2190 336 2275 paganis
358 2189 576 2275 inproperium
600 2193 712 2254 ιιι-
737 2186 853 2273 spretis
876 2184 1029 2270 legalibus
1053 2183 1206 2266 conubiis,

48 2301 240 2371 adulterando
268 2310 301 2372 et
327 2304 515 2372 luxoriando
544 2303 585 2370 ιι
607 2305 708 2370 instar
731 2302 934 2369 Sodomitane
957 2301 1059 2385 gentis
1081 2299 1206 2366 foedam

48 2415 131 2484 ritam
156 2420 299 2505 vixerit,
329 2419 368 2486 de
390 2420 447 2488 tali
469 2417 712 2486 commixtione*
735 2418 952 2502 meretricum,
976 2416 1207 2484 aestimandum

48 2537 95 2616 ιιι
115 2535 287 2620 degeneres
309 2536 443 2622 populos
467 2540 500 2603 et
521 2533 674 2618 ignobiles
698 2539 730 2600 ιι
751 2533 892 2600 furentes
906 2533 1037 2600 libidine
1051 2532 1119 2598 iore
1133 2551 1207 2618 pro-

47 2652 199 2736 creandos,
225 2653 321 2719 etad
344 2651 533 2719 extremum¹
556 2651 737 2717 universam
759 2649 902 2736 plebem,
933 2648 973 2715 ad
996 2646 1154 2716 deteriora
1176 2652 1208 2714 ιι

46 2763 222 2847 ignobiliora
245 2773 437 2852 vergentem,
461 2772 493 2834 et
515 2766 685 2833 nouissime
705 2785 762 2832 neo
776 2766 810 2830 in
826 2764 908 2831 bello
924 2763 1079 2831 saeculari
1092 2763 1207 2830 fortem

47 2898 93 2947 uec
112 2883 144 2949 in
166 2883 232 2950 lide
255 2883 399 2951 stabilem
419 2888 452 2950 et
466 2903 524 2950 neo
539 2881 755 2950 honorabilem
770 2881 948 2947 hominibus
963 2899 1022 2946 nec
1036 2879 1104 2946 Deo
1120 2898 1207 2944 ama-

47 2993 128 3064 bilem
142 3019 214 3066 cese
230 3004 406 3066 venturam.
436 2998 525 3066 Sicut
540 2997 611 3064 aliis
627 2997 772 3081 gentibus
788 2996 961 3082 Hispaniae
977 3001 1009 3062 et
1023 2993 1207 3061 Provinciae

48 3111 349 3199 etBurgnndionnm
371 3115 497 3202 populis
520 3115 667 3198 contigit3
696 3133 775 3198 quae
797 3113 858 3197 sic,
884 3110 992 3179 aDeo
1015 3109 1207 3192 recedentes,

46 3226 205 3296 fornicatae
221 3235 306 3315 sunt,
331 3231 430 3297 donec
444 3230 540 3296 iudex
555 3229 754 3315 omnipotens
770 3227 882 3294 talium
898 3227 1064 3294 criminum
1079 3225 1208 3292 ultrices

46 3362 150 3428 poenae
172 3368 235 3435 per
257 3346 469 3430 ignorantiam
491 3345 570 3429 legis
594 3344 654 3412 Dei
678 3350 710 3412 et
731 3365 790 3430 per
810 3343 1025 3411 Semnonum
1047 3343 1156 3409 uenire
1177 3347 1210 3409 ιι

46 3462 154 3530 sevire
175 3463 354 3551 permisit¹².

120 3579 164 3647 Et
192 3578 386 3646 notandum:
417 3575 500 3662 quod
522 3576 557 3641 in
578 3574 633 3642 illo
657 3575 774 3644 scelere
798 3574 883 3642 aliud
905 3575 1032 3642 inmane
1054 3571 1210 3658 flagitium

47 3692 233 3778 subterlatet,
255 3695 289 3761 id
310 3699 359 3762 est
380 3692 592 3760 homicidium.
628 3691 719 3776 Quia,
742 3692 819 3759 dnm
837 3690 912 3757 illae
926 3690 1118 3775 meretrices,
1142 3691 1209 3756 sire

46 3809 276 3878 monasteriales
300 3811 367 3876 aire
390 3807 576 3892 saeculares,
599 3805 682 3874 male
703 3813 870 3893 conceptas
886 3805 1009 3874 soboles
1023 3807 1056 3872 in
1071 3805 1209 3892 peccatis

1 3977 5 3983 '
106 3985 126 4018 ι
145 3971 267 4032 putridine
284 3971 341 4026 HV,
357 3969 478 4029 putredine
496 3973 522 4018 C.
584 3967 607 4014 b.
628 3984 671 4013 em.
683 3968 742 4014 MV.
804 3979 823 4014 e.
843 3979 975 4026 praesumes
989 3967 1046 4014 MV.
1109 3966 1132 4014 d.
1152 3965 1209 4012 mul·

48 4049 131 4098 titudine
147 4057 182 4100 M.
254 4066 274 4098 e.
295 4049 391 4097 cedebat
408 4051 435 4098 V.
497 4049 514 4095 l.
534 4048 564 4095 ed
583 4071 606 4079 -
626 4047 913 4107 meleerempleore.ll1.
975 4059 996 4104 g.
1019 4045 1135 4106 phibimne
1152 4046 1210 4100 MV,

47 4131 146 4186 ΝΜ
158 4135 187 4181 C.
252 4130 275 4178 b.
296 4130 441 4188 devulgatum
456 4130 513 4183 MV,
532 4127 671 4186 tllvulsstium
683 4129 709 4175 C·
771 4127 787 4172 l.
808 4129 900 4173 cornia
916 4127 1043 4174 (luxeritC.
1105 4124 1128 4170 k.
1148 4137 1209 4171 eom·

49 4209 132 4258 tixione
149 4216 184 4259 dt.
264 4209 280 4256 l.
301 4209 330 4256 ed
347 4211 443 4256 bamam
459 4213 495 4256 Μ.
572 4221 602 4254 m.
623 4207 760 4254 Sarracenee
777 4209 811 4252 M.
887 4220 911 4251 n.
931 4205 1038 4264 promisit
1055 4204 1082 4250 7.

108 4317 132 4371 1.
156 4314 209 4386 ,si
233 4328 302 4384 gene
325 4312 479 4384 Anglornm
497 4341 532 4354 -
548 4312 643 4370 venire
667 4315 695 4366 et
717 4310 825 4366 saevire
848 4308 992 4380 permisit“
1013 4307 1123 4363 suntin
1142 4305 1210 4364 Gra·

49 4400 106 4458 tani
121 4404 194 4461 decr.
212 4403 273 4460 P.I
289 4403 325 4459 D.
339 4402 374 4458 56
392 4417 416 4458 o.
430 4403 473 4458 10.
