3110 4844
281 247 346 316 856
620 265 806 314 usmronnu
828 264 1056 314 noousnnran
1080 263 1111 311 aa

194 413 263 470 100⁷
369 404 547 474 Dummodo
568 407 711 474 tuomdi·
726 410 852 494 tempus
865 405 1031 490 iudicetur,
1055 405 1089 472 in
1103 403 1232 472 exordio
1248 403 1371 472 dicendi
1385 402 1448 470 lec-

280 525 385 588 torum
407 522 495 609 prius
518 522 758 608 auditorumque
772 522 960 610 prudentem
975 540 1160 608 promouere
1175 521 1360 608 patientiam
1378 539 1449 605 pre-

281 642 359 719 stat3
383 657 434 720 ne,
457 639 485 706 si
508 638 664 705 elimando
687 638 876 722 rubigonoro
899 637 983 721 stilo,
1007 637 1040 703 id
1055 643 1104 704 eat
1118 636 1292 704 exercendo
1307 635 1449 720 neglecto

237 823 241 832 ,
281 752 455 837 ingeniolo,
483 754 653 840 prolationi
676 743 904 841 aliquantisper
926 754 1089 820 immorari
1111 753 1298 838 compellar,
1329 751 1450 817 calum

281 869 407 935 nientur
432 869 511 936 mihi
531 869 737 937 fastidientes.
771 870 852 949 Quia
873 889 931 935 neo
953 889 1079 955 semper
1100 869 1163 936 ista
1184 887 1243 935 nec
1264 887 1339 954 sepe
1361 867 1448 933 talia

282 985 365 1053 Hinc
386 986 420 1052 in
443 985 569 1052 nomine
591 985 721 1053 Domini
742 985 940 1073 propositum
963 1003 1147 1071 prosequar.

372 1100 485 1189 Sepius
507 1121 629 1168 mecum
652 1108 837 1187 retraetans,
860 1103 906 1169 nil
923 1103 1073 1168 hactenus
1088 1101 1121 1167 in
1136 1100 1262 1168 laudem
1278 1099 1379 1166 saneti
1394 1119 1451 1186 pa-

282 1218 341 1284 tris
364 1225 397 1286 et
418 1217 538 1284 domini
559 1219 660 1286 nostri
674 1218 802 1285 Nazarii
825 1223 1065 1302 sanatorumque
1088 1217 1324 1284 commartirum
1348 1216 1451 1281 oiuea

283 1337 330 1400 tot
351 1333 590 1420 precedentibus
613 1333 713 1400 doctis
737 1334 777 1400 ad
799 1354 857 1400 nos
879 1353 978 1419 nsque
1000 1335 1177 1417 traiectum,
1201 1351 1261 1418 quo
1276 1330 1326 1399 vel
1341 1331 1451 1396 iucun-

283 1448 353 1515 dius
376 1468 485 1517 eorum
507 1449 559 1533 agi
581 1448 769 1536 sollempnia
790 1450 839 1516 vel
863 1449 1059 1534 aliquatenus
1082 1448 1199 1535 probra
1226 1447 1266 1514 de
1287 1446 1451 1513 incertitu-

283 1564 356 1631 dine
378 1565 469 1632 nobis
490 1565 712 1633 insultantium
733 1563 835 1632 refelli
862 1565 1033 1648 valuerint,
1062 1583 1126 1630 non
1154 1564 1258 1630 minus
1287 1582 1381 1648 quam
1412 1560 1452 1627 de

282 1680 416 1767 privatis
439 1678 592 1748 molestiis
614 1682 699 1748 intra
721 1701 772 1748 me
795 1679 952 1748 contabui.
998 1680 1068 1746 Non
1091 1686 1197 1746 tamen
1221 1699 1273 1763 eo,
1301 1683 1337 1744 ut
1358 1677 1452 1743 mibi·

283 1801 349 1862 met
375 1796 408 1862 id
436 1796 540 1882 operis
564 1815 687 1881 quoquo
710 1803 802 1882 pacto
825 1817 974 1882 nmquam
998 1795 1242 1880 aggrediendum
1264 1793 1453 1878 censuerim,

284 1911 401 1998 qnippe
424 1931 517 1997 quem
539 1931 597 1978 nec
620 1911 752 1978 scientia
773 1931 831 1979 nee
853 1913 1033 1978 innocentia
1053 1911 1296 1993 commendarim
1319 1910 1377 1978 sed
1391 1909 1452 1977 boc

285 2026 324 2093 ab
349 2025 455 2112 aliquo
477 2027 651 2113 peritorum
675 2047 712 2094 ao
733 2029 919 2094 meritorum
941 2047 1065 2113 semper
1079 2026 1290 2094 inchoandum
1304 2047 1453 2114 sperave-

283 2143 355 2208 rim
389 2142 477 2209 Heec
498 2142 553 2209 diu
575 2162 701 2210 mecum·
722 2143 797 2210 dum
819 2145 934 2210 tacitus
957 2142 1059 2225 volvo,
1084 2144 1184 2211 maior
1205 2145 1240 2210 in
1255 2143 1322 2210 dies
1338 2142 1453 2209 exinde

284 2257 422 2325 eomedit
444 2260 626 2346 temptatio,
651 2260 838 2344 quibusdam
860 2259 1011 2326 trabibus
1034 2261 1150 2326 nostris
1174 2297 1216 2307 -
1241 2279 1374 2344 quorum
1397 2257 1454 2324 alii

283 2374 348 2440 iam
369 2374 404 2440 in
426 2393 504 2460 pace
526 2374 586 2443 Dei
616 2376 816 2461 quieverunt,
846 2373 900 2441 alii
929 2375 996 2442 vita
1024 2375 1124 2442 adbuc
1147 2375 1261 2442 semite
1283 2379 1455 2462 supersunt

284 2525 326 2536 -
342 2489 426 2556 idem
450 2489 528 2556 mibi
544 2491 775 2576 quoquomodo
791 2491 1042 2579 attemptandum
1058 2493 1268 2578 importunius
1284 2511 1454 2575 suggeren-

283 2607 377 2674 tibus.
424 2603 543 2685 Quibus
566 2607 621 2673 diu
643 2607 839 2693 multumque
862 2608 1050 2676 obstinatius
1074 2607 1149 2674 dum
1172 2609 1301 2691 renitor,
1323 2606 1453 2673 tandem

283 2721 361 2788 mibi
383 2722 499 2790 caritas
522 2723 672 2790 refutanti
701 2723 824 2808 elicuit,
854 2728 904 2808 ut,
934 2723 1063 2790 meimet
1085 2723 1314 2809 quodammodo
1337 2721 1454 2790 oblitus

163 2813 165 2826 ¹
284 2837 412 2923 soloque
434 2840 600 2906 martirum
615 2838 675 2906 Dei
698 2837 842 2907 confisus.
854 2838 983 2924 auxilio,
1007 2839 1089 2907 siout
1112 2845 1185 2906 ante
1199 2860 1255 2906 nos
1271 2839 1391 2906 dictum
1407 2843 1455 2906 ost

284 2954 484 3040 prudentsrl,
513 2955 547 3020 in
572 2953 732 3022 flammam
755 2975 884 3022 manum
907 2956 1051 3039 mittens,
1079 2956 1232 3042 ineptiam
1254 2975 1357 3022 meam
1380 2975 1454 3042 pro-

285 3068 408 3136 diturus
431 3069 587 3136 exordiar.
629 3069 701 3137 Non
724 3091 785 3156 quo
808 3091 859 3137 me
882 3071 1001 3156 aliquid
1023 3071 1153 3155 dignum
1168 3069 1247 3155 Deo,
1271 3071 1454 3138 martiribus

285 3203 467 3269 congruum,
490 3185 659 3254 aecclesiae
680 3187 828 3254 deserum
844 3187 1094 3254 necessariumve
1110 3186 1185 3271 quid
1200 3207 1292 3273 posse
1308 3187 1454 3272 arbitrer,

183 3351 188 3356 .
285 3285 342 3366 ssd
374 3308 410 3366 ut
437 3301 470 3368 id
498 3306 622 3366 tanturn
651 3300 730 3370 velle
757 3308 875 3370 memet
902 3301 1092 3389 experiendo
1121 3303 1332 3388 comprobem.
1372 3302 1456 3382 Quin

286 3417 391 3503 potins
414 3417 568 3484 secuturis
591 3418 723 3485 forsitan
744 3419 938 3505 sapientibus
953 3419 1132 3486 inliteratus
1148 3438 1205 3502 ego
1221 3423 1253 3485 et
1266 3417 1368 3485 idiota
1382 3418 1457 3484 hinc

287 3528 443 3599 scribendi
466 3535 659 3601 occasionem
684 3541 863 3622 perstruam
886 3541 933 3620 et,
958 3534 1040 3620 quod
1064 3555 1120 3622 per
1142 3555 1193 3602 me
1216 3555 1352 3620 nequeo,
1376 3535 1456 3601 alios

287 3648 321 3716 in
343 3649 376 3714 id
399 3648 511 3716 saltem
534 3650 710 3735 incitando,
733 3657 893 3718 tantorum
917 3671 1031 3718 nomen
1055 3651 1264 3736 meritumque
1287 3651 1455 3718 martirum

287 3764 369 3831 inter
388 3763 497 3832 laudes
513 3765 632 3832 Christi
650 3765 766 3833 clarius
781 3767 873 3834 solito
887 3787 1045 3852 resonare,
1061 3766 1208 3835 conabor.
1264 3767 1384 3845 Quodsi
1400 3767 1456 3834 ob-

287 3880 390 3964 icitur,
413 3879 486 3948 talis
508 3901 566 3965 ego
590 3901 653 3966 qua
673 3883 861 3968 temeritate,
885 3903 947 3950 non
963 3888 1090 3966 rogatus
1107 3901 1166 3949 nec
1188 3883 1292 3950 iussus
1308 3903 1327 3949 a
1342 3881 1457 3949 maiori

288 3996 428 4081 qnalibet
450 4016 586 4082 persona
608 3997 854 4086 aecclesiastica,
883 3999 961 4066 talia
983 3999 1245 4085 presumpserim,
1269 3998 1456 4082 submissus,

254 4123 259 4139 “
288 4113 358 4198 quis
386 4113 420 4178 in
448 4112 498 4196 id,
520 4113 667 4198 inquam,
691 4134 742 4181 me
764 4115 987 4202 praecipiendo
1010 4114 1061 4182 ael
1083 4113 1237 4181 hortando
1260 4113 1457 4202 propulerit?

288 4227 373 4314 qnod
395 4248 457 4294 non
480 4227 581 4295 solum
605 4249 696 4297 nemo
719 4229 898 4317 confideret,
921 4251 1030 4299 verum
1053 4251 1093 4298 ne
1116 4229 1197 4297 ebus
1222 4230 1349 4317 quidem
1365 4249 1457 4298 exce·

362 4384 384 4418 a.
405 4389 436 4418 aa
451 4371 557 4419 meandi?
633 4371 655 4419 b.
675 4372 776 4432 prudeus
791 4391 810 4419 c.
