3090 4848
347 310 374 356 s.
392 311 568 358 correnum
591 311 634 358 au
656 313 759 359 uuum
781 313 967 360 nrmronsn
991 313 1019 359 51
1208 298 1270 363 149

101 449 252 517 Dominus
280 473 320 518 ex
348 453 494 538 supernis
517 473 586 520 eam
611 453 758 536 dignatus
782 457 830 520 est
852 455 1041 522 annecteret
1078 455 1131 522 Sic
1154 456 1270 523 etenim
1303 465 1355 519 745

100 567 269 650 eredimus,
301 569 377 654 quie
406 573 438 634 et
466 588 521 634 vos
550 569 772 636 consolabitur.
865 567 927 636 Sed
954 571 1080 657 populis
1102 572 1161 638 tibi
1184 592 1270 638 com·
1288 537 1375 586 ml

98 683 217 767 missis,
246 685 501 751 reverentissime
523 685 632 770 irater,
654 685 804 772 praedica
825 686 993 771 ieiunium,
1023 687 1270 774 supplicationes
1288 771 1293 774 ,

99 799 178 886 apud
201 799 307 867 Deum
329 801 554 882 laetaniarum3
586 807 617 867 et
639 801 877 888 supereminens
901 801 1068 870 clementia
1091 804 1157 870 eius
1182 804 1270 870 ediu-

97 915 182 982 rabit
203 936 271 983 vos.
341 917 386 983 Te
409 923 525 1000 autem,
548 923 585 983 ut
597 918 826 1004 praediximus,
849 917 1028 985 nullatenus
1049 919 1183 986 adversa
1196 939 1270 986 con-

97 1031 240 1112 turbent3
265 1033 377 1099 sedin
401 1031 481 1099 bono
505 1053 610 1120 opere,
635 1035 718 1118 quod
740 1036 883 1121 caepisti,
907 1033 1109 1101 nullomodo
1133 1035 1269 1102 deficias.

96 1146 157 1214 Nos
180 1167 276 1233 vero,
304 1149 380 1215 licet
401 1149 542 1215 inmeriti
566 1155 597 1216 et
620 1155 800 1236 peccatores
823 1151 1028 1234 consistamus,
1058 1151 1176 1218 nostris
1199 1172 1270 1238 pre-

96 1263 181 1330 cibus
205 1264 258 1331 rel
281 1265 539 1332 consacerdotum
563 1271 758 1351 nostrorum,
783 1267 815 1332 in
839 1273 991 1352 quantum
1013 1286 1192 1353 possumus,
1215 1267 1270 1335 ud·

95 1380 249 1446 iuramus.

181 1496 232 1564 De
256 1497 376 1584 synodo
400 1503 505 1564 summ
529 1497 738 1581 congregatab
755 1498 839 1585 apud
854 1497 1048 1564 Francorum
1063 1497 1270 1584 provinciam,

96 1613 307 1681 mediantibus
323 1613 458 1700 Pippino
481 1619 513 1680 et
528 1591 738 1679 Carlomannc
762 1614 1035 1680 excellentissimis
1051 1613 1124 1680 filiis
1141 1616 1269 1700 nostris,

95 1733 184 1797 iuxta
209 1735 392 1797 nostrarum
423 1727 616 1816 syllabarum
644 1731 936 1814 commonitionem,
965 1735 1136 1816 peragente
1161 1736 1271 1797 nostra

3 1925 4 1932 ἵ
96 1847 180 1914 rice⁶
203 1852 261 1913 tua
283 1847 465 1930 sanctitate,
496 1845 631 1930 qualiter
655 1845 789 1930 egisses,
813 1849 1026 1931 cognovimus.
1063 1845 1106 1912 Et
1128 1845 1270 1934 omnipo-

3 1935 4 2020 ]
95 1963 172 2030 tenti
195 1962 265 2030 Deo
292 1967 401 2028 nostro
424 1961 542 2046 gratias
567 1962 704 2045 egimus,
734 1963 788 2047 qui
811 1982 919 2028 eorum
943 1963 1039 2029 corda
1061 1959 1269 2047 confirmavit,

96 2085 129 2146 ut
157 2081 191 2145 in
221 2078 281 2144 hoc
307 2078 361 2164 pio
385 2098 479 2164 opere
503 2077 661 2144 adiutores
685 2079 865 2145 existerent.
901 2077 945 2145 Et
967 2079 1073 2144 omnia
1096 2079 1216 2165 optime
1239 2085 1271 2148 et

96 2197 245 2262 canonice
266 2195 427 2282 peregisti,
452 2199 518 2260 tam
541 2193 580 2261 de
602 2194 691 2260 falsis
715 2195 872 2281 episcopis
898 2201 929 2261 et
951 2195 1128 2262 fornicariis
1147 2201 1178 2262 et
1194 2196 1270 2262 scis·

96 2313 219 2378 maticis
236 2331 393 2396 quemque
409 2311 506 2377 etiam
522 2316 554 2378 et
567 2312 601 2376 in
617 2309 758 2394 reliquis,
777 2310 903 2378 nomine
920 2311 1145 2396 sacerdotibus,
1162 2316 1272 2380 contra

97 2449 251 2496 canonum
274 2428 421 2494 instituta
444 2427 608 2511 agentibus
624 2426 675 2492 vel
690 2433 800 2493 contra
815 2427 1002 2494 catholicam
1019 2433 1050 2495 et
1066 2428 1271 2514 apostolicam

97 2545 154 2613 Dei
178 2545 373 2612 aecclesiam.
409 2542 458 2610 De
482 2543 595 2629 quibus
619 2543 789 2610 secundum
814 2548 902 2609 tuam
925 2542 1111 2610 relationem
1133 2565 1191 2631 per
1207 2545 1271 2611 sin-

97 2661 168 2744 gula
189 2660 428 2747 respondemus.

183 2777 233 2844 De
262 2797 299 2843 cc
322 2795 458 2860 namque
482 2775 565 2859 quod
587 2775 788 2858 suggessisti,
818 2775 901 2860 quod
925 2774 1086 2858 elegerunt
1108 2796 1203 2842 unam
1227 2778 1270 2843 ci-

96 2895 227 2960 vitatem
255 2912 364 2958 omnes
395 2891 587 2957 Francorum
617 2890 794 2977 principes,
830 2891 1071 2974 coniungentem
1100 2913 1199 2976 usque
1229 2893 1270 2958 ed

95 3029 292 3096 paganorum
314 3007 393 3074 fines
417 3013 449 3074 et
470 3008 503 3073 in
526 3011 632 3094 partes
656 3003 916 3074 Germanicarum
931 3008 1082 3092 gentium,
1105 3009 1161 3075 ubi
1177 3015 1270 3075 antea

94 3125 302 3212 praedicasti:
331 3129 485 3210 quatenus
512 3123 558 3189 ibi
586 3122 691 3188 sedem
716 3122 992 3209 metropolitanam
1014 3131 1166 3211 perpetuo
1189 3130 1268 3192 tem-

94 3263 171 3329 pore
195 3241 313 3307 babere
335 3240 449 3307 debeas
473 3239 599 3306 atinde
622 3245 742 3304 ceteros
759 3240 923 3327 episcopos
941 3240 981 3306 ud
995 3241 1079 3306 uiam
1095 3241 1268 3307 instrueres

3 3415 4 3420 ,
95 3357 294 3424 rectitudinis
312 3361 344 3424 et
361 3361 434 3443 post
449 3356 496 3422 tui
513 3375 707 3421 successores
726 3362 876 3442 perpetuo
893 3357 962 3423 iure
977 3357 1175 3443 possideant3
1198 3356 1267 3440 boc,

3 3519 4 3568 ,
94 3475 175 3560 quod
201 3474 418 3557 decreuerunt,
442 3493 499 3538 nce
521 3471 603 3537 laeto
627 3473 821 3557 suscepimus
846 3473 961 3557 animo,
986 3493 1021 3540 eo
1046 3472 1130 3559 quod
1153 3493 1191 3539 ex
1207 3471 1268 3539 Dei

3 3659 5 3678 ‚
92 3597 172 3658 nutu
195 3591 316 3657 factum
340 3593 397 3655 est.
433 3587 490 3654 Vel
514 3587 669 3674 siquidem
691 3588 764 3654 falsi
784 3589 961 3656 sacerdotes
978 3595 1009 3654 et
1024 3589 1195 3656 scismatici
1209 3589 1269 3656 hoc

3 3691 5 3782 i
91 3707 249 3794 impedire
276 3706 380 3772 conati
407 3709 495 3786 sunt3
525 3725 657 3791 quorum
685 3725 801 3771 vanum
832 3725 963 3788 agonem
991 3703 1145 3772 Dominus
1175 3705 1267 3772 dissi-

3 3887 5 3910 ,
92 3823 212 3910 pabiti,
243 3827 275 3889 et
297 3821 354 3888 illa
380 3821 475 3888 faciet
496 3819 652 3905 stabilita,
684 3841 764 3906 quae
787 3828 966 3888 sanctorum
990 3827 1117 3909 patrum
1141 3823 1248 3888 statut'

93 3939 286 4006 conveniunt
315 3937 514 4004 concordare.
549 3936 593 4003 Et
621 3939 694 4021 quia
721 3938 780 4004 tibi
807 3939 869 4025 ipsi
891 3940 1051 4026 principes
1074 3937 1266 4005 Francorum

3 4043 5 4128 i
93 4057 190 4123 etiarn
219 4057 253 4122 in
284 4055 345 4122 hoc
374 4055 532 4120 adiutores
561 4054 765 4138 exstiterunt,
794 4055 948 4122 retribuat
976 4056 1039 4122 illis
1068 4056 1266 4142 omnipotens

3 4205 4 4232 1
93 4172 179 4240 Deus
202 4171 432 4240 vicissitudinis
455 4171 613 4258 premium
635 4176 666 4238 et
687 4171 854 4237 innumera
875 4171 1029 4256 largiatur
1051 4173 1142 4239 bona

163 4368 184 4401 ι
207 4371 265 4400 corr.
281 4356 306 4399 in
321 4350 435 4398 consolari
452 4353 478 4398 C.
556 4350 578 4396 b.
600 4353 786 4408 congregatori,
804 4351 1093 4410 corr.incongregutaC.
1168 4363 1188 4396 c.
1209 4368 1266 4397 cerr.

95 4435 117 4478 i·
132 4435 231 4481 nocuum
247 4435 322 4480 ricem
340 4435 367 4479 C·
448 4429 471 4476 d.
491 4429 613 4490 dissipavit
628 4433 658 4476 M
671 4439 692 4476 et
709 4433 734 4477 C.
