3164 4842
299 283 367 350 490
600 305 647 351 nx
669 303 824 352 ornnoru
846 305 925 351 vrrs
950 305 975 352 a.
992 305 1167 352 normann

298 444 364 510 rari
386 443 488 511 iussit.
523 443 580 511 lllo
603 466 678 513 vero
699 451 889 533 praeparato
913 452 945 513 et
967 466 1101 530 comeso,
1123 446 1272 532 reliquias
1294 445 1461 514 indumen

299 560 398 646 proici
426 561 597 648 praecepit.
688 562 812 628 Exinde
840 574 965 650 ceptum
989 583 1121 649 carpens
1145 564 1205 630 iter
1227 569 1259 629 et
1282 563 1460 646 Turingiam

297 697 481 764 peragrans,
505 677 671 762 diligenter
689 678 901 762 investigavit,
926 680 1014 745 cuius
1029 678 1083 746 ille
1097 680 1184 746 locus
1200 685 1294 763 esset
1316 679 1369 746 ubi
1384 679 1460 744 visio

297 799 387 861 tanta
415 794 476 861 sibi
506 795 662 882 apparuit
702 771 954 882 Compertoqua'
976 797 1058 881 quod
1085 795 1194 880 Hugo,
1223 797 1278 882 qui
1305 794 1462 861 dicebatur

298 912 412 995 senior,
441 911 527 977 illins
549 911 611 978 loci
634 931 796 998 possessor
819 917 911 995 esset,
935 913 1028 998 petiit
1051 912 1090 979 ab
1113 933 1160 996 eo,
1183 917 1219 978 ut
1240 911 1302 978 sibi
1321 911 1397 976 dare
1417 911 1462 976 di-

297 1033 454 1111 gnaretur.
489 1026 626 1111 Attila,
651 1029 752 1113 petita
774 1047 925 1110 annuens,
950 1029 1069 1115 primus
1092 1029 1233 1095 omnium
1255 1027 1462 1110 Turingorum

297 1143 502 1209 hereditatem
527 1163 616 1209 snam
638 1143 769 1210 tradidit
790 1145 969 1211 venerando
992 1145 1139 1231 praesuli.
1175 1144 1297 1211 Deinde
1318 1162 1394 1209 vcro
1408 1141 1462 1208 Al·

297 1255 382 1326 bclt¹
397 1257 512 1343 aliique
534 1259 640 1345 plures
663 1261 811 1343 contigua
832 1249 1082 1346 praedicto'looo
1105 1262 1236 1347 praedia
1256 1259 1461 1326 tradiderunt

298 1373 356 1440 His
383 1375 481 1457 igitur
509 1375 647 1462 adeptis,
676 1381 803 1443 sanctus
825 1375 1005 1443 Bonifacius
1033 1377 1173 1461 rediens,
1202 1377 1236 1443 in
1264 1375 1374 1444 eodem
1396 1375 1463 1440 loco

297 1491 432 1556 frutecta
454 1491 613 1578 extirpare
633 1497 813 1579 terramque
829 1492 964 1560 incolere
981 1495 1075 1561 iussit
1089 1499 1130 1578 et,
1152 1495 1235 1560 iacto
1250 1492 1463 1576 fundamento,
1501 1559 1511 1576 ,

298 1605 480 1673 aecclesiam
503 1610 642 1674 construi
664 1608 747 1675 fecit.
783 1608 869 1675 Haeo
892 1616 996 1676 autem
1019 1611 1054 1675 in
1075 1609 1155 1676 libro
1179 1609 1313 1696 quodam
1336 1609 1463 1692 antiqno

299 1723 418 1810 scripta
439 1725 611 1811 reperiens,
638 1725 710 1792 ideo
732 1725 871 1792 inserere
894 1725 1028 1810 decrevi,
1056 1731 1101 1810 ut,
1126 1727 1233 1808 agnita
1255 1743 1359 1806 causa,
1383 1723 1464 1790 unde

297 1840 522 1906 monasterium
551 1841 747 1927 praedictum
776 1847 988 1908 constructum
1018 1842 1129 1925 fuerit,
1164 1847 1197 1907 et
1223 1842 1293 1928 ipse
1319 1840 1406 1907 locus
1433 1845 1465 1906 ot

297 1955 445 2022 fundator
468 1957 545 2041 eius,
570 1957 712 2042 angelica
733 1958 913 2025 visitatione
936 1958 1033 2044 digni,
1057 1957 1115 2024 sub
1131 1951 1332 2024 veneratione
1352 1957 1464 2023 maiori

297 2071 480 2140 habeantur.

385 2187 556 2256 Predioans
584 2209 657 2273 ergo
687 2193 720 2256 et
741 2189 907 2276 baptizans
931 2195 1057 2257 sanctus
1080 2189 1207 2277 praesul
1228 2187 1410 2256 Bonifatius
1430 2188 1464 2253 in

297 2303 507 2387 Turingorum
531 2311 563 2371 et
584 2304 755 2372 Hessorum
778 2304 968 2390 regionibns,
992 2307 1164 2394 perspexit,
1187 2325 1323 2372 messem
1338 2305 1465 2390 quidem

297 2419 429 2485 multam
454 2440 523 2488 esse
544 2421 599 2506 ibi,
623 2423 677 2490 sed
701 2423 862 2507 operarios
885 2419 1021 2508 paucos¹
1045 2423 1085 2488 ad
1107 2423 1264 2509 copiosam
1289 2420 1467 2488 multitudi-

295 2555 367 2601 nem
396 2537 590 2602 credentium
617 2539 844 2605 instmendam.
880 2538 969 2604 Unde
992 2540 1026 2604 in
1050 2539 1242 2625 provinciam
1264 2537 1466 2624 patriamque

296 2671 386 2718 suam
409 2653 548 2738 mittens,
573 2655 687 2721 exinde
709 2660 775 2720 tam
797 2655 932 2721 feminas
955 2675 1049 2740 qnam
1066 2656 1150 2721 viros
1165 2655 1339 2739 religiosos,
1364 2655 1467 2720 scien·

295 2770 402 2855 tiaquc
424 2771 515 2837 varia
535 2770 688 2854 imbutos,
717 2771 824 2858 plures
846 2773 954 2838 renim
976 2772 1066 2855 fecit,
1095 2773 1223 2858 suique·
1245 2770 1362 2837 laboris
1386 2789 1466 2835 onas

294 2886 379 2952 inter
407 2907 459 2952 eos
488 2887 605 2952 divisit.
639 2885 725 2954 Inter
753 2907 831 2973 quos
859 2893 950 2954 erant
976 2887 1138 2974 praecipui
1159 2887 1221 2954 viri
1242 2879 1468 2970 Bnrgbardus⁸

296 3010 328 3070 et
349 3001 474 3088 bullus,
505 3000 674 3070 Willibolt‘
697 3008 729 3070 et
746 3001 946 3070 Wunnibolt⁶
968 3004 1067 3070 irater
1089 3003 1172 3087 eins,
1195 2999 1310 3070 Witte⁸
1331 3007 1363 3068 et
1386 2999 1468 3068 Gre-

295 3115 437 3204 gorius⁷3
461 3119 598 3186 feminae
620 3139 694 3186 vero
717 3119 897 3203 religiosae:
921 3126 1092 3186 matertera
1115 3119 1234 3187 scilicet
1255 3117 1356 3185 sancti
1379 3117 1467 3184 Lulli

294 3236 422 3302 nomine
437 3235 610 3320 Ohunihilt,
630 3241 662 3302 et
675 3235 740 3302 filia
755 3236 822 3302 cius
837 3235 991 3321 Berthgit,
1008 3235 1183 3302 Ghuoitrnd
1198 3244 1230 3303 et
1245 3235 1348 3317 Tecta,
1364 3232 1468 3300 Licha

295 3355 327 3418 et
343 3351 555 3438 Waltpurgb,
580 3371 670 3420 soror
686 3351 851 3420 Willibolti
875 3358 906 3418 et
923 3351 1127 3419 Wunnibolti.
1163 3351 1225 3418 Sed
1248 3351 1411 3418 Ghunihilt
1432 3353 1470 3416 et

294 3465 360 3534 filia
383 3469 449 3535 eius
471 3469 626 3553 Berhtgit,
650 3469 742 3536 valde
765 3469 907 3536 eruditae
929 3469 963 3534 in
984 3468 1108 3535 liberali
1130 3469 1271 3550 scicntia,
1294 3467 1330 3532 in
1350 3466 1469 3533 Turin-

296 3604 405 3668 gorum
434 3585 562 3670 regione
591 3586 862 3654 constituebantur
884 3585 1068 3669 magistram
1097 3583 1272 3649 Chunitrud
1295 3582 1329 3649 in
1352 3582 1469 3648 Baioa-

295 3700 375 3766 riam
404 3701 561 3768 destinata
589 3707 651 3786 est,
682 3709 718 3767 ut
746 3702 832 3768 verbi
862 3702 962 3768 divini
991 3701 1112 3767 semina
1139 3699 1256 3767 ibidem
1284 3702 1467 3784 spargeret3

295 3817 422 3884 Teolam
445 3839 519 3884 vero
542 3819 632 3885 iuxta
654 3817 784 3885 fluvium
798 3817 885 3884 Moin
906 3819 940 3884 in
963 3817 1051 3902 locis,
1074 3815 1229 3900 Kizuinga
1245 3821 1277 3883 et
1291 3813 1471 3882 Obsnofurt

366 4054 387 4088 a.
408 4041 488 4100 auique
502 4064 527 4072 -
541 4040 619 4088 divisit
634 4058 677 4087 om.
688 4060 708 4087 c.

368 4147 392 4200 1.
416 4142 458 4200 Oi.
477 4143 504 4200 S.
518 4141 647 4200 Bonifatii
664 4159 707 4215 ep.
718 4146 765 4214 20,
791 4161 808 4199 a
826 4145 996 4216 GregoriolI
1014 4146 1099 4200 musa
1115 4144 1233 4200 alvoldo
1257 4145 1372 4213 disque
1389 4143 1469 4199 Thu-

295 4235 388 4304 ringis,
407 4249 490 4303 supra
500 4249 528 4303 p.
541 4235 584 4288 80.
656 4232 891 4304 amanam.
963 4236 988 4290 3.
1007 4249 1051 4304 cp.
1065 4233 1331 4304 wirziburgensis·
1374 4233 1400 4287 4.
1419 4247 1469 4303 ep.

295 4320 466 4377 Eistetensis.
520 4323 546 4377 5.
568 4321 654 4377 abbas
671 4321 933 4378 Heideuhaimensis.
987 4325 1013 4380 6.
1032 4339 1075 4394 ep.
1088 4321 1316 4393 Burabargensis.
1370 4323 1395 4378 7.
1415 4319 1470 4376 ab·

294 4409 345 4464 bas
363 4415 391 4464 et
409 4415 497 4466 rector
514 4411 648 4466 ecclesiae
665 4411 848 4466 Traiectcnsis
866 4412 902 4466 ad
919 4411 1052 4468 Rhenum.
