3148 4846
350 251 657 302 mensunusum
679 252 900 302 eneruem
920 253 1049 304 esras
1216 235 1284 304 439

111 413 149 464 se
174 393 404 480 presbiteratus
431 393 532 479 gredo
559 392 762 481 proveheret,
795 396 876 479 iem,
907 400 1060 478 regente
1087 394 1159 464 Ine*
1180 393 1284 464 Wost·

111 527 266 577 monum
292 530 367 594 rego
376 506 394 594 ¹,
423 509 587 578 notente
615 511 770 596 qusedern
797 510 998 596 incubuerat,
1036 531 1120 579 nove
1147 513 1284 597 quedem

111 625 268 694 seditione
298 631 423 712 exorte,
451 627 638 709 moossites3
674 632 707 694 et
734 628 843 694 stetim
872 625 1023 714 synodale
1050 647 1070 694 e
1095 627 1283 716 primatibus

111 741 335 810 aeduinum
362 761 434 810 curn
461 742 592 810 consilio
619 743 754 830 predicti
780 743 866 828 regis
896 763 1058 810 servorum
1082 741 1142 810 Dei
1164 743 1283 810 fectum

111 865 161 926 Μ
182 857 359 927 concilium.
394 857 530 945 Moxque
553 859 698 926 omnibus
721 860 755 926 in
777 879 875 926 unum
898 859 1171 943 convenientibus,
1199 859 1283 926 selu·

109 973 251 1042 borrimu
277 975 317 1042 dc
343 975 403 1042 hec
424 976 544 1044 recenti
567 975 761 1044 donodono
783 975 907 1042 concidi
929 977 1051 1060 quoodo
1074 977 1157 1044 ieter
1179 995 1282 1044 secer·

110 1090 233 1158 doteles
255 1091 478 1160 aecclesiastici
500 1091 620 1158 ordinis
643 1091 760 1175 pedus
782 1093 942 1179 supienter
965 1091 1115 1158 moritur.
1149 1091 1194 1158 Et
1206 1111 1282 1180 pru·

109 1205 247 1276 denecri
268 1207 347 1274 inito
369 1207 525 1292 consultu,
548 1206 656 1274 fideles
678 1208 713 1274 in
728 1207 865 1274 Domino
880 1207 1001 1292 legulos
1017 1208 1058 1276 ed
1073 1207 1282 1296 archiepisco-

108 1343 187 1410 pum
210 1322 400 1392 Gmtuerioe
420 1324 568 1409 civintie
591 1323 719 1392 nomine
740 1319 1043 1408 Bereohwddm'¹,
1067 1324 1281 1392 distinendos·

108 1437 319 1526 deputarunt3
340 1460 380 1507 ne
402 1459 512 1507 eornm
533 1439 784 1526 praesumptioni
805 1445 862 1506 eut
882 1439 1073 1507 temeritati*
1089 1440 1282 1510 adscribere-

109 1559 174 1638 tnr‚
200 1555 227 1624 si
251 1555 327 1640 quid
348 1556 416 1622 eine
432 1555 514 1622 terti
528 1553 686 1642 pontilicis
702 1559 832 1640 egerent
846 1555 987 1622 consilio.
1023 1553 1164 1642 Cumque
1179 1559 1281 1626 omnis

109 1675 239 1740 mustus
267 1677 300 1738 et
326 1673 492 1740 nniveretu
515 1672 699 1740 clericorum
722 1670 815 1756 ordo,
845 1676 910 1738 tem
933 1672 1131 1760 providenti·
1152 1678 1282 1760 percote

108 1787 304 1872 mione,
333 1789 562 1873 consentirent,
585 1787 751 1856 confestim
773 1807 831 1854 rex
853 1793 982 1856 cunctos
1005 1788 1124 1856 Christi
1145 1789 1281 1858 famulos

109 1903 274 1972 edicentes
296 1909 345 1972 est
367 1910 414 1989 et,
440 1905 492 1971 cui
512 1904 605 1970 huius
627 1903 769 1990 preefete
791 1902 957 1986 legationis
979 1903 1126 1971 nuntium
1148 1905 1281 1993 inpone-

107 2025 196 2104 rent,
225 2019 421 2088 sciscitaret'⁸
457 2020 557 2088 Tum·
578 2023 708 2108 repento
734 2039 876 2086 summus
897 2019 932 2086 in
954 2019 1080 2087 Christo
1096 2020 1281 2098 ¹erchimun-

109 2135 194 2202 drite
222 2138 276 2223 qui
304 2136 464 2224 proedicto
486 2141 634 2224 proceret
654 2135 845 2205 monasterio
867 2135 994 2204 nomine
1011 2135 1219 2224 Wancrcht,
1249 2143 1282 2206 ct

107 2247 254 2320 Wietre⁸
270 2254 324 2338 qui
346 2253 537 2320 monasterio
560 2252 643 2340 qnod
664 2251 779 2320 dicitur
793 2247 1007 2339 Dyseesburg¹
1020 2249 1032 2282 ⁴
1045 2252 1279 2340 praecedebas,

109 2379 142 2437 et
155 2365 354 2436 Beorweld¹‘
371 2369 425 2455 qui
446 2369 555 2436 divim
577 2369 761 2437 coenobium
783 2368 1009 2452 gubernatione
1033 2369 1115 2454 quod
1136 2371 1281 2456 endqno·

108 2505 180 2552 rem
203 2491 403 2572 nuncupetur
425 2485 576 2554 vocobulo
593 2484 837 2569 Gloetingeburg
858 2483 998 2570 regebat,
1021 2505 1079 2552 nec
1099 2505 1163 2552 nou
1179 2491 1211 2554 et
1225 2485 1281 2554 elii

107 2601 203 2670 inulti
223 2601 316 2668 huius
336 2601 440 2670 sonci
461 2602 617 2690 propositi
638 2605 746 2689 petros
766 2606 911 2670 sonetum
927 2600 1011 2668 hunc
1025 2601 1127 2669 virum
1145 2604 1280 2670 accitum

108 2717 308 2784 udduxerunt
335 2718 376 2786 ed
401 2737 520 2802 rogem.
558 2716 618 2784 Oui
647 2721 679 2784 et
706 2718 853 2784 nuntium
874 2703 932 2784 rex
955 2723 988 2786 et
1008 2716 1174 2802 legationis
1195 2719 1280 2786 noti·

107 2833 186 2902 dum
208 2833 351 2920 inposuit
371 2837 412 2918 et,
436 2833 585 2901 edhibitie
607 2853 715 2902 secum
737 2833 841 2918 sociis,
864 2833 981 2900 direxit
1002 2853 1074 2901 cum
1096 2853 1183 2921 peee.
1218 2833 1280 2913 oui

107 2949 215 3033 etiem,
238 2950 349 3018 nuntio
371 2949 433 3016 sibi
455 2949 602 3037 inposito,
626 2950 715 3016 iuxte
736 2950 921 3016 necatum
943 2949 1103 3016 seniorum
1125 2969 1278 3037 prospero

106 3065 253 3132 itenerem
269 3066 413 3152 pervenit
433 3066 475 3134 ed
497 3065 605 3150 (lent,
629 3071 662 3132 et
684 3064 917 3154 archiepiscopo
939 3065 1055 3132 summi
1076 3064 1277 3152 pontificotus

107 3180 210 3250 insule
232 3181 374 3270 prendite
397 3182 556 3268 sapiente
578 3187 706 3267 cuncte,
730 3181 992 3268 qucmsdnrodum
1015 3181 1144 3248 ccccm
1167 3186 1278 3249 erete

107 3317 193 3382 roge,
216 3317 273 3385 per
293 3299 435 3366 ordinem
448 3297 610 3368 revelavit
643 3297 688 3366 Et
702 3299 758 3384 sic,
782 3301 955 3384 sponteneo
972 3301 1099 3384 eccepto
1113 3317 1275 3386 responso,

180 3507 202 3541 e.
225 3494 271 3541 iem
291 3496 398 3553 regneute
509 3493 621 3541 Sucnorn
637 3497 669 3551 A,
693 3494 733 3540 ott
750 3496 806 3540 herr
829 3495 937 3551 tegnonis
958 3503 979 3540 rt
999 3491 1112 3540 Serenum
1132 3510 1216 3541 ruem
1235 3503 1275 3541 eet.

106 3574 130 3622 b.
153 3573 338 3628 Bmedweldnm
354 3577 380 3631 F,
399 3573 580 3621 Berehtveldunu
596 3577 629 3630 A,
650 3571 831 3620 Berethveldunr
846 3577 874 3622 B.
986 3586 1005 3619 e.
1030 3571 1177 3622 destinendus
1192 3576 1227 3630 A,
1246 3575 1276 3621 B.

107 3654 131 3702 d.
151 3654 336 3715 prumptione
355 3655 395 3702 set
409 3654 537 3702 meritiis
553 3656 583 3711 F,
602 3653 782 3714 presumptioni
798 3655 837 3700 sut
851 3653 975 3700 emanue
990 3656 1022 3710 A,
1042 3653 1222 3714 presumptioni
1236 3655 1276 3700 eut

106 3733 214 3782 tenereri
228 3736 257 3780 B.
335 3747 355 3780 e.
376 3733 475 3780 evidenti
491 3736 519 3780 B.
595 3733 613 3780 1.
633 3733 763 3780 sciscitetur
780 3734 816 3779 est
830 3736 859 3790 A,
875 3733 1018 3780 sciscitureut
1033 3735 1061 3779 B.
1138 3745 1159 3792 g.
1178 3733 1231 3780 dnm
1246 3736 1275 3780 B.

107 3813 130 3861 h.
145 3811 275 3873 wynberht
289 3817 317 3870 A,
332 3811 448 3873 wynberh
464 3813 492 3860 B.
570 3811 586 3859 l.
606 3809 747 3872 heresburg
761 3814 791 3870 A,
807 3811 939 3873 Tyusburoh
949 3814 976 3861 B.
1053 3810 1077 3858 k.
1097 3829 1152 3858 corr.
1170 3815 1193 3860 tn
1208 3825 1273 3873 pree·

108 3893 198 3942 uidebat
212 3897 241 3940 A.
317 3891 334 3940 l.
354 3891 472 3940 Beroseld
487 3895 515 3940 B.
593 3906 623 3940 uu
643 3893 725 3940 itinere
739 3898 769 3950 A,
784 3895 813 3942 B.
889 3907 912 3940 n.
933 3891 1003 3940 (lunt
1017 3896 1047 3949 A,
1063 3891 1123 3940 esne
1137 3895 1166 3940 B.

179 3998 204 4053 1.
224 3996 377 4054 688-725.
453 3997 479 4052 t.
497 3997 651 4053 see-731.
723 3997 749 4053 3.
776 3996 899 4068 ,Wintrs
916 3995 1024 4053 ebbes“
1043 3999 1073 4052 et
1091 3995 1274 4066 ,Beornweld

107 4085 215 4142 sbbus¹‘
236 4089 396 4155 competent
413 4085 441 4140 in
458 4085 524 4141 lnec
542 4085 615 4155 regis
632 4084 727 4141 telum
744 4084 771 4140 d
784 4084 811 4141 d.
826 4086 861 4142 26
873 4085 936 4142 Mei.
951 4085 1004 4142 704
1021 4101 1064 4156 sp.
1077 4084 1193 4142 Kemble
1205 4083 1272 4142 God.

107 4175 173 4247 dipl.
192 4175 254 4230 sevi
272 4173 400 4233 saxonici
410 4173 424 4230 1
436 4175 546 4230 et-ee
564 4179 593 4230 et
610 4191 654 4245 sp.
667 4173 776 4244 Thorpe
793 4174 1020 4245 Diplometerium
1038 4173 1099 4230 sevi
1111 4172 1175 4230 Sex.
1188 4190 1215 4244 p.
1230 4175 1272 4229 le.

107 4263 134 4320 4„
158 4263 232 4336 quod
255 4267 355 4334 putent
376 4277 438 4320 esse
456 4262 576 4336 Tisbury
598 4263 626 4320 in
642 4263 810 4335 Wiltschire,
834 4262 1017 4336 siulesbnrp
1036 4263 1072 4320 ed
1093 4262 1272 4318 occidentem.

108 4352 134 4408 t.
157 4351 310 4423 deqnos.
328 4352 503 4422 sumpse
521 4353 587 4411 ut.
