3164 4842
308 283 376 350 4‘12
716 301 833 350 resero
856 301 882 350 s.
899 301 1075 350 normann

308 441 368 508 llic
385 445 490 508 auum
507 441 648 510 honestis
663 442 814 528 moribus,
836 448 873 510 ut
886 443 1003 529 ierunt,
1025 463 1116 511 suum
1130 444 1229 512 ritum
1244 443 1472 531 circumspexit,

307 557 370 624 nisi
398 561 522 624 tautum
551 560 633 644 quod
663 580 735 627 eum
762 555 918 626 herodiis¹
940 563 973 628 et
1000 560 1130 628 canibus
1159 580 1216 647 per
1244 560 1472 648 semetipsum

307 673 478 742 iocabatur.
571 674 635 744 Sed
656 682 763 743 tamen
787 675 968 759 diligentius
991 676 1153 763 inquirens
1176 682 1208 742 et
1230 674 1399 762 explorans
1419 695 1473 742 no-

307 809 380 856 men
404 789 474 874 riri,
499 792 553 876 qui
575 812 666 858 suum
690 792 846 860 seniorem
869 791 1035 877 occiderat,
1059 793 1199 860 exercitu
1213 811 1278 860 non
1292 791 1391 858 multo
1406 795 1475 877 pust

307 905 462 990 ιιίιιιιιιιο,
493 927 557 974 una
580 926 650 974 cum
673 907 852 976 venerando
875 907 1007 975 Karrolo
1032 908 1072 975 ad
1095 908 1220 975 eosdem
1244 907 1401 990 Saxones,
1422 907 1475 974 ubi

306 1025 398 1108 pater
426 1022 494 1088 eius
518 1022 622 1091 luerat
644 1024 819 1109 extinctus,
847 1024 997 1110 perrexit
1041 1023 1086 1092 Et
1107 1023 1288 1092 sedentibus
1311 1044 1328 1090 e
1350 1023 1475 1107 regione

307 1137 496 1204 exercitibus
520 1139 554 1205 in
577 1140 649 1226 ripa
671 1138 810 1206 fluminis
832 1138 1027 1224 Wisuraha·,
1055 1141 1218 1228 praecepit
1243 1141 1313 1226 ipse
1335 1139 1475 1222 antistes,

307 1273 421 1320 nornen
436 1253 534 1338 illius,
558 1255 612 1340 qui
627 1260 751 1342 patrem
767 1274 859 1324 suum
875 1255 1041 1340 occiderat,
1061 1255 1189 1340 inquiri.
1218 1255 1476 1342 Responsumque

307 1374 366 1452 est,
390 1390 461 1436 eum
486 1369 622 1438 affuisse.
659 1373 782 1460 Repete
802 1372 914 1456 inquid
935 1373 1027 1440 illum
1047 1375 1084 1438 ia
1104 1375 1207 1440 modio
1227 1395 1319 1438 amsa
1332 1375 1476 1459 flamia&

307 1509 426 1551 meum
454 1490 669 1554 cormeum
709 1487 752 1554 Et
773 1487 827 1554 ille
849 1488 927 1554 haut
949 1489 1088 1572 segniter
1110 1507 1190 1574 equo
1213 1493 1340 1574 parato,
1368 1485 1407 1554 in
1428 1505 1476 1556 cc·

307 1622 435 1669 eorsum
462 1604 544 1689 eius,
574 1608 610 1669 ut
633 1607 703 1669 erat
723 1603 890 1688 inritatus,
919 1603 1089 1671 festinarit
1131 1606 1184 1670 iba
1204 1603 1316 1689 inquid
1339 1601 1477 1670 Gewelib

307 1722 424 1807 sempe,
449 1742 521 1806 quo
534 1733 657 1807 patrem
679 1722 816 1802 andree,
831 1722 970 1807 sarum.
1005 1719 1177 1804 Dictoque,
1200 1721 1321 1806 pariter
1342 1719 1477 1785 translu-

307 1833 356 1900 dit
383 1854 471 1917 eum3
502 1841 533 1901 et
560 1834 615 1900 ille
644 1834 758 1901 cadens
781 1836 814 1901 in
836 1833 967 1902 flumine
989 1835 1128 1903 exalavit
1149 1835 1257 1903 vitam.
1291 1833 1335 1902 Et
1357 1833 1399 1900 ob
1422 1834 1479 1900 lucc

308 1950 460 2017 consertis
483 1951 600 2034 cuneis
624 1951 711 2017 omni
733 1951 804 2016 nisu
826 1952 985 2037 utrimque
1007 1951 1192 2018 dimicatum
1206 1957 1263 2017 est
1299 1949 1479 2038 Superatis-

307 2087 368 2152 que
391 2065 585 2150 Senonibus,
613 2065 747 2133 Karolus
771 2087 842 2133 cum
866 2069 946 2152 suis,
977 2067 1113 2154 spoliata
1135 2071 1255 2150 strage,
1285 2066 1325 2132 ad
1348 2067 1479 2154 propris

307 2183 469 2249 remeavit.
515 2181 692 2269 Episcopus
727 2189 848 2269 auum,
885 2205 903 2250 a
937 2184 1012 2250 cede
1045 2203 1222 2268 regressus,
1255 2181 1327 2250 rudi
1361 2181 1478 2269 populo

306 2298 394 2366 rudis
418 2298 521 2364 adhuc
543 2297 680 2386 praesul,
703 2299 778 2366 licet
799 2305 883 2368 etate
905 2305 1046 2366 maturus
1068 2304 1175 2366 umen
1197 2297 1278 2366 lideb
1295 2347 1365 2382 ...,
1389 2317 1481 2385 prae·

307 2412 427 2495 licitur3
462 2435 525 2482 uon
559 2414 813 2502 computantibus
844 2435 918 2482 nec·
933 2435 1007 2500 rego
1038 2435 1098 2482 nec
1123 2415 1237 2482 ceteds
1262 2413 1480 2500 optimatibus,

307 2528 480 2596 uindictam
508 2530 610 2618 patris
639 2533 757 2599 cumen
793 2552 878 2616 esse,
913 2531 1167 2617 dicentibusque:
1203 2531 1308 2598 Visam
1340 2531 1483 2598 reddidit

307 2650 411 2734 paras
432 2651 555 2714 mestit

397 2761 518 2830 Eodem
543 2765 651 2850 itaque
678 2769 821 2851 tempere
848 2763 1036 2831 venerabilis
1059 2762 1241 2830 Bonifatius
1263 2761 1403 2830 Domino
1427 2761 1483 2830 du·

309 2884 399 2946 cente
417 2878 458 2946 de
471 2877 661 2965 Brittannia,
684 2879 859 2964 Anglorum
874 2885 977 2964 gente,
1000 2877 1203 2946 Germaniam
1217 2879 1389 2963 ingressus,
1414 2898 1482 2946 nra·

309 2995 439 3079 uriam,
468 3014 562 3080 quam
593 2995 715 3062 invenit
742 2996 854 3082 optimi
883 2997 1004 3082 operis,
1033 3014 1187 3080 quaerens
1216 2994 1425 3082 praedicandi
1452 3000 1484 3062 et

310 3111 508 3198 baptizandi3
531 3111 710 3178 Renotenus
734 3113 854 3178 cunetis
874 3111 1017 3179 lustratis
1032 3111 1223 3195 dritatibus,
1246 3115 1338 3178 emta
1352 3115 1390 3177 ut
1404 3131 1483 3198 pru·

308 3227 387 3294 dens
410 3227 606 3314 prospiciens
629 3231 748 3313 pastor,
772 3247 835 3313 qua
856 3233 947 3313 parte
969 3233 1110 3294 errantes
1126 3246 1250 3312 quaque
1263 3231 1351 3294 recto
1368 3225 1483 3294 itinere

310 3343 490 3428 gradientes
514 3344 710 3430 conspiraret
731 3363 822 3426 cres,
844 3363 943 3428 usque
965 3344 1041 3409 dum
1065 3343 1105 3409 ad
1127 3361 1277 3427 magnam
1297 3342 1484 3430 metropoli-

310 3466 419 3528 tunam
441 3464 549 3526 sancte
570 3458 732 3544 Moguntie
754 3459 933 3542 civitatem,
961 3458 1098 3526 Domino
1128 3479 1233 3526 secum
1256 3463 1483 3543 commorante

310 3576 463 3664 pervenit
509 3575 578 3642 lllic
598 3576 734 3644 nefando
757 3597 852 3663 opere
876 3576 1016 3662 episcopi
1038 3580 1204 3662 conperto,
1234 3575 1344 3642 statim
1366 3575 1408 3642 ad
1430 3594 1483 3642 ca·

310 3697 370 3780 put
391 3692 481 3776 regni
503 3697 535 3758 st
557 3691 597 3757 ad
619 3692 894 3778 comprovintiales
917 3691 1081 3778 episcopos
1103 3711 1176 3759 cum
1197 3691 1320 3759 fervore
1343 3689 1484 3778 Spiritus

312 3807 429 3893 sancti,
457 3813 493 3874 ut
520 3809 680 3876 confracta
703 3808 853 3875 solidaret
874 3815 906 3876 et
928 3809 1050 3875 duma
1072 3809 1215 3875 acumine
1237 3807 1484 3894 praedicationis

313 3923 470 4008 euangelii
493 3929 672 4008 consueret,
701 3923 869 4007 conduxit3
898 3945 939 3992 ue
962 3924 1078 3992 veteris
1101 3923 1335 3992 consuetudinis
1356 3943 1483 4010 pannus

312 4045 413 4107 totam
435 4039 509 4106 fidei
529 4045 650 4108 restem
672 4041 802 4107 fedaret
848 4040 983 4126 Bisque,
1005 4046 1042 4107 ut
1064 4046 1133 4107 erat
1154 4041 1263 4123 magni
1283 4039 1418 4124 ingenii,
1442 4037 1483 4108 dc

314 4155 454 4245 periculo
488 4156 592 4240 gregis
627 4161 659 4222 et
691 4156 731 4222 de
763 4155 947 4223 habitudine
981 4157 1121 4243 episcopi
1155 4153 1284 4223 silenter
1311 4155 1480 4222 intimarit

387 4309 407 4343 ι.
427 4295 548 4344 Wlsurabs
562 4315 583 4344 c.
659 4296 682 4344 b.
703 4315 746 4344 nen
763 4307 797 4345 art
810 4299 897 4346 laura
912 4301 936 4345 ι’·
951 4317 972 4345 s.
1049 4311 1070 4346 c.
1090 4300 1163 4346 morbo
1179 4315 1199 4344 c.

387 4392 411 4446 1.
435 4389 594 4446 falconibus.
