3176 4846
311 279 379 348 634
516 299 595 346 vrrs
618 297 772 346 annuum
794 297 1053 347 snomnrrecorr
1075 297 1269 346 moousnmr

225 445 294 502 1159
312 446 423 507 saneta
450 440 664 508 uendebantur
691 445 886 524 eanotorum,
915 439 1001 506 iures
1030 446 1063 506 et
1088 439 1227 506 latrones
1254 443 1286 505 et
1307 437 1475 522 saerdegos

234 518 284 568 Μ
311 562 345 624 et
366 555 635 624 immundissimos
662 555 780 624 diaboli
808 555 958 624 semiliter
986 557 1210 624 constituentes
1233 554 1350 622 ibidem
1372 559 1475 622 ousta-

312 673 378 756 des,
400 693 459 740 ueo
473 673 576 740 Deum
598 691 656 740 neu
678 672 837 740 bominem
858 692 918 740 neo
938 674 1010 759 ipsa
1024 677 1301 753 sanotaverentes
1324 671 1477 754 eeurilega

312 793 345 856 at
366 789 556 874 impiissima
581 809 677 856 mauu
700 788 841 856 demoliti
864 795 938 857 sunt
961 788 1191 868 sanctuarium
1221 791 1253 853 et
1275 787 1382 854 omnia
1404 807 1476 874 pro-

311 905 463 988 tanarutos¹
478 923 664 989 omnemque
687 905 869 972 thesaurum
892 903 1021 972 eoeleste
1044 909 1076 970 ot
1089 903 1196 970 domni
1212 903 1361 989 episcopi,
1386 903 1477 987 quid-

312 1019 387 1105 quid
415 1039 555 1104 enorum,
584 1020 735 1106 quidquid
758 1020 826 1087 Deo
856 1021 1012 1103 diarium,
1041 1017 1194 1105 quidquid
1220 1019 1306 1086 intas
1334 1019 1393 1086 sub
1415 1017 1477 1086 Dei

313 1137 506 1223 protectione
534 1137 712 1223 depositum
740 1137 858 1220 luerat,
892 1141 1133 1204 temeraverunt
1175 1135 1249 1222 Ipsa
1276 1141 1400 1200 saerata
1427 1135 1477 1200 in·

310 1253 461 1320 dumento
483 1257 515 1318 et
530 1272 654 1320 omnem
669 1253 782 1340 templi
798 1253 951 1337 deoorem,
975 1252 1157 1340 privilegia·
1173 1252 1370 1336 antiquitatis
1379 1249 1402 1333 ¹⁸,
1426 1269 1477 1318 eo-

310 1368 405 1436 uleaie
426 1368 572 1436 librarius
595 1373 628 1435 et
650 1370 861 1455 antiquariae·
885 1369 1123 1450 destruxerunt,
1153 1371 1185 1436 ot
1207 1372 1369 1452 tamquam
1391 1386 1487 1465 mar-k

198 1476 204 1496 l
310 1485 428 1569 anites
450 1503 617 1571 porcorum
639 1485 781 1568 vestigiis
804 1504 914 1552 exesas
937 1485 1068 1553 annotod
1084 1530 1225 1552 .......
1241 1484 1292 1550 sui
1306 1481 1477 1569 populatus

309 1600 458 1685 lugubres
491 1601 532 1668 ad
562 1601 665 1668 Deum
698 1601 867 1668 mittebant
898 1602 1047 1685 mugitus.
1138 1599 1260 1668 Deinde
1287 1599 1477 1682 vertiginum

309 1717 436 1784 vesanie
458 1737 514 1784 ruo
536 1717 570 1784 iu
593 1717 697 1784 aulam
719 1717 930 1804 episoopalom
952 1723 1120 1814 vertentes,
1141 1715 1259 1782 iurioeu
1283 1735 1338 1782 oro
1359 1715 1395 1782 iu
1410 1716 1477 1801 epi·

310 1850 440 1919 eropum
462 1833 630 1916 labantes,
659 1833 766 1900 omnia
794 1833 1030 1917 subverterunt,
1059 1831 1211 1917 quidquid
1233 1832 1267 1898 iu
1289 1829 1477 1898 utensilibus

309 1951 343 2018 in
365 1947 585 2036 suppelleotili,
609 1949 760 2034 quidquid
781 1950 816 2016 iu
838 1949 912 2016 vino
936 1949 1166 2030 oenomaum,
1188 1947 1356 2014 oonlraotis
1371 1967 1477 2014 oame-

308 2065 362 2149 ris‚
387 2065 487 2148 ostiis,
510 2064 701 2148 diversoriis,
726 2065 981 2132 deambulatoriis
1004 2064 1202 2148 sudibusque,
1224 2063 1350 2149 penitus
1374 2063 1477 2130 omni·

308 2181 367 2248 bue
385 2181 565 2248 demolitisf.
595 2179 722 2264 Vinum,
746 2181 830 2267 quod
845 2200 910 2248 non
924 2185 1096 2267 potuerunt
1110 2199 1302 2263 uonsnmora,
1322 2179 1356 2244 in
1370 2179 1476 2244 rivum

307 2296 495 2384 produotum
516 2301 604 2362 terra
625 2301 726 2362 mater
749 2297 904 2365 sorbebat
994 2295 1173 2364 Nouissime
1195 2295 1229 2362 iu
1250 2294 1397 2376 dorium,
1422 2295 1475 2380 qui

308 2413 422 2480 domno
446 2412 592 2499 epieoopo
615 2411 818 2495 adherebant,
841 2413 891 2480 sui
912 2413 1028 2480 furem
1051 2417 1267 2480 convertentes
1289 2411 1475 2493 tonitruum,

308 2527 418 2594 domos
447 2527 586 2613 ipsorum
618 2534 650 2594 et
676 2549 727 2595 res
754 2529 927 2596 familiares
954 2533 986 2596 et
1017 2527 1165 2613 quiequid
1193 2527 1226 2592 in
1248 2527 1328 2613 ipsis
1350 2527 1412 2592 fuit
1435 2525 1476 2594 ad

308 2643 408 2712 solum
432 2662 530 2728 usque
551 2642 762 2712 denudabant
852 2644 964 2712 Portas
985 2661 1108 2729 quoquo
1122 2643 1209 2710 mbie
1223 2642 1414 2726 clauserunt,
1436 2661 1476 2710 ne

309 2759 423 2845 aliquis
459 2758 498 2825 ab
530 2759 605 2826 indo
634 2760 748 2827 domno
777 2761 924 2847 episeopo
951 2764 1076 2847 pateret
1104 2779 1257 2827 uouemus.
1347 2757 1392 2826 Et
1419 2759 1474 2842 sio,

307 2875 435 2944 domum
450 2874 579 2944 Domini
600 2876 809 2943 irrevomntor
831 2886 886 2942 ao¹
908 2875 1132 2944 oontumelioso
1154 2877 1379 2963 prostituentes
1400 2873 1475 2942 bae·

306 2998 409 3076 tenus,
433 2991 568 3077 qualiter
589 2990 705 3060 domno
727 2993 874 3078 episeopo
897 2992 1051 3059 inferrent
1072 2991 1254 3077 pomiuiem,
1278 2991 1365 3056 omni
1388 2989 1475 3056 solli-
1576 3075 1577 3084 ἵ

306 3108 445 3176 oitudine
467 3107 718 3194 pertractabaut3
746 3127 841 3195 super
863 3107 1009 3174 omuibus
1030 3107 1080 3174 bis
1103 3106 1288 3190 molaribus,
1316 3107 1398 3174 eiuut
1422 3107 1474 3191 qui

306 3223 419 3290 maiori
446 3243 481 3292 ee
507 3223 611 3292 iudiee
638 3224 740 3292 solent
767 3224 866 3308 tueri,
895 3223 1044 3290 domnum
1066 3225 1290 3309 imperatorem
1315 3229 1474 3292 suetorum

306 3344 340 3406 et
360 3346 575 3426 preoeptorom
597 3340 850 3427 interpretantes.

394 3454 566 3541 Postquam
587 3460 675 3522 tauto
696 3455 869 3542 impietatis
892 3455 933 3522 ad
956 3455 1106 3522 domnum
1130 3456 1312 3542 opisoopum
1330 3456 1476 3542 pervenit

306 3571 429 3658 opinio,
451 3571 687 3656 niobilominus,
717 3572 886 3639 admonitis
908 3570 1160 3654 fideiussoribus,
1189 3569 1345 3657 prolixum
1368 3591 1475 3638 emen-

306 3687 441 3756 dationis
464 3687 606 3774 ipsorum
627 3689 661 3758 in
685 3694 787 3755 oestro
803 3687 936 3772 Pinguia
956 3687 1188 3774 prestolabatur
1203 3689 1383 3754 terminum.
1412 3687 1476 3756 Ubi

306 3808 411 3872 autem
440 3823 493 3870 oon
520 3803 641 3870 trmdis
669 3823 725 3870 suo
747 3803 965 3872 emolimentoh
989 3803 1156 3890 perpendit
1177 3809 1269 3872 tane
1289 3803 1476 3872 infidelitate
1573 3873 1575 3900 1

304 3919 383 3987 foroi
406 3920 536 4006 adeptos
558 3939 617 3986 neo
639 3919 883 3987 substautiouem
906 3941 965 4007 pro
987 3920 1104 3988 iniuria
1126 3919 1182 3986 sed
1203 3921 1307 3987 minas
1325 3940 1343 3986 e
1364 3925 1476 3987 ooutm
1574 3901 1575 3974 Ῐ

305 4041 429 4120 tonare,
459 4035 579 4103 aiebat:
610 4034 661 4101 Ab
690 4035 964 4124 optumatium*
988 4039 1109 4123 eripiare
1136 4036 1241 4121 inquit
1268 4038 1335 4103 luce
1356 4038 1477 4104 aaran
1574 4077 1575 4116 t

378 4260 399 4293 a.
419 4247 542 4307 previlegio
552 4248 574 4293 1.
620 4244 643 4293 b.
659 4247 838 4307 anthuitateei.
886 4261 905 4295 o.
921 4246 1027 4296 librarios
1040 4247 1279 4309 elanthuarlua1‚i.
1327 4249 1475 4296 amesa

306 4339 326 4371 e.
346 4327 481 4373 invenerunt
495 4327 608 4373 seddim
622 4327 717 4373 viderur.
794 4326 810 4374 l.
831 4327 952 4375 demolitur
968 4330 990 4375 a.
1062 4341 1083 4386 ς.
1104 4327 1166 4375 ln1.
1237 4327 1261 4375 b.
1284 4327 1435 4376 emolumenta
1450 4331 1473 4376 2

305 4403 402 4450 lieret
418 4407 439 4451 1.
516 4405 703 4454 hlaeliouim
