3164 4842
429 255 476 306 nx
499 255 653 306 coruom
674 257 754 306 rma
777 257 804 304 a
820 256 997 308 normann
1229 243 1296 314 50³

126 399 222 462 111111
249 395 383 464 eundem
405 417 464 485 pro
488 399 754 466 reordinandum
775 399 968 486 impetravit
1002 399 1191 486 Quorsum,
1220 423 1295 469 mox

124 509 214 578 illum
244 531 340 580 mann
368 515 498 601 propria
520 493 758 604 apprehendens
781 516 1014 584 commendavit
1035 518 1156 586 cuncis
1179 519 1296 604 princi·

125 627 218 714 pibus
246 628 364 698 ibidem
391 632 606 716 congregatis,
633 637 670 699 ut
697 633 760 719 ipsi
785 637 948 718 nmquam
971 633 1055 720 patri
1078 633 1242 702 obedirent
1264 641 1297 703 ot

126 743 287 813 abrores
308 746 338 812 ei
359 747 393 814 11
416 747 561 816 omnibus
583 748 824 816 necessitatibus
847 749 1028 816 existerent

61 953 64 958 Ι
212 861 335 932 Deinde
354 863 515 950 proiectus
531 863 571 930 ad
587 883 650 949 eos,
673 865 727 950 qui
742 865 776 930 in
791 865 943 950 Turingia
959 870 990 932 et
1006 865 1060 950 qui
1074 866 1159 934 circa
1172 865 1295 936 Renum

124 977 319 1064 babitabant,
342 980 453 1048 eadem
474 981 619 1049 iaciebat
655 980 833 1050 Novissime
847 1001 924 1050 vero
940 982 1046 1068 ipsum
1062 987 1205 1050 sanctum
1220 982 1295 1050 Lul-

123 1094 189 1162 lnm
218 1115 402 1166 ammonens
431 1097 527 1164 dixit:
559 1097 717 1180 Quoniam
744 1099 944 1166 resolutionis
970 1121 1058 1166 mooe
1085 1113 1206 1188 tsntpue
1235 1125 1294 1188 cp·

118 1195 329 1300 mancat,
353 1213 497 1282 colantes
518 1237 589 1280 mea
611 1227 665 1296 est,
688 1215 849 1302 proficisci
869 1215 1046 1302 ubicunque
1060 1219 1295 1302 1111111ιά1υύ11

122 1330 494 1417 medin'grsrsooleetit.
531 1330 597 1398 sed
617 1331 917 1414 toafile'lcnrrbse'me
1118 1402 1122 1412 ,

211 1443 400 1514 Huiusmodi
427 1445 524 1530 igitur
546 1449 652 1530 strage
674 1443 779 1532 111111,
808 1446 862 1532 qui
885 1450 1087 1532 supererant,
1116 1445 1231 1514 iterum
1254 1447 1295 1515 de
1321 1456 1374 1512 755

122 1561 328 1646 peonnam
350 1562 499 1649 opinione
520 1561 692 1646 gaudentes
707 1561 935 1630 concurrebant
949 1569 991 1646 et,
1014 1561 1182 1630 confractis
1197 1562 1293 1631 libro-
1310 1529 1382 1578 Μ

122 1697 193 1744 rum
213 1678 425 1765 repositoriis,
453 1699 511 1764 pro
535 1698 611 1745 auro
634 1678 810 1763 volumine,
837 1699 895 1765 pro
919 1683 1049 1762 argento
1072 1677 1198 1746 dinnao
1222 1679 1294 1746 doc

121 1793 225 1862 trinae
246 1793 355 1862 kartae
378 1794 586 1882 reperiebant
621 1793 712 1863 Unde
732 1795 826 1862 solita
840 1795 1000 1862 dementia
1014 1794 1143 1881 arrepti,
1167 1794 1294 1862 eosdem
1371 1867 1387 1886 ι

121 1907 229 1993 libros,
253 1931 333 1996 quos
354 1911 552 1995 invenerunt,
576 1910 654 1977 alios
677 1911 805 1996 quidem
819 1931 877 1997 per
892 1911 995 1996 compi
1011 1910 1191 1997 planiciem,
1215 1909 1293 1978 alios

121 2043 196 2093 rsro
218 2045 276 2112 per
299 2026 453 2113 palustria
474 2027 543 2094 loos
565 2027 792 2113 dispersemnt,
815 2027 967 2112 quosdam
990 2030 1096 2094 autem
1113 2027 1147 2092 in
1164 2026 1293 2112 quibus-

119 2140 198 2208 libet
231 2141 308 2211 locis
342 2144 524 2228 incongruis
558 2144 746 2231 proicientes
781 2143 1020 2210 absconderunt.
1066 2141 1292 2211 Verumtamen

120 2259 347 2344 omnipotentis
369 2259 430 2328 Dei
452 2260 565 2344 gratia,
593 2265 630 2326 nt
651 2259 846 2345 claresceret,
873 2260 984 2346 quanti
1007 2266 1090 2328 esset
1111 2259 1217 2327 meriti
1238 2277 1292 2328 ou·

118 2375 170 2440 ins
191 2374 289 2442 iidem
311 2375 437 2444 fuerant
451 2375 535 2460 libri,
559 2380 679 2463 postea,
701 2395 817 2460 1113111
833 2377 985 2462 temporis
1000 2375 1107 2462 spacio
1121 2379 1292 2462 transacto,

120 2491 239 2576 reperti
262 2497 335 2560 sont
357 2491 537 2560 intemerati
561 2499 594 2560 et
616 2492 657 2560 ad
679 2491 862 2576 aecclesias,
885 2493 920 2560 in
943 2493 1056 2578 quidm
1078 2513 1179 2578 usqne
1200 2491 1293 2560 bodie

119 2605 229 2674 baberi
251 2613 394 2694 possunt,
418 2629 438 2674 a
459 2608 591 2692 singulis
614 2608 831 2676 inventoribus
854 2609 1018 2695 reportati,

209 2722 295 2792 Inter
317 2723 444 2792 11111111
466 2745 540 2792 vero
562 2724 660 2794 libros
682 2729 826 2812 rapertus
850 2729 899 2792 est
913 2723 1013 2792 sancti
1029 2723 1186 2808 euangelii
1200 2723 1290 2809 liber,

118 2859 214 2925 quem
241 2839 353 2908 beatm
376 2839 425 2906 vir
447 2860 505 2925 pro
528 2841 696 2908 sanctiate
718 2861 777 2908 sua
798 2859 905 2908 seeum
928 2840 1044 2924 iugiter
1067 2839 1189 2908 (1111111
1211 2838 1291 2908 sole-

118 2955 182 3024 bat
218 2955 279 3023 Hie
302 2975 386 3040 orgo,
410 2957 554 3040 quamvis
577 2954 682 3039 gladio
705 2962 807 3040 muto,
830 2961 867 3023 ut
881 2955 983 3022 adbuc
998 2955 1038 3022 ab
1052 2954 1291 3042 inspicientibus

117 3072 247 3158 probari
271 3073 369 3156 valet,
397 3092 454 3160 per
476 3072 615 3139 medinm
638 3072 756 3140 incisus
778 3073 888 3158 luerit,
911 3071 1029 3140 nullius
1051 3077 1159 3140 tamen
1181 3070 1292 3140 literae

116 3188 333 3272 integntatem
360 3189 470 3256 eadem
491 3188 645 3256 incisione
667 3189 814 3275 perdidit.
849 3189 964 3273 Quem,
993 3189 1171 3274 11111111,
1200 3207 1290 3256 sanc-

116 3309 170 3371 tus
192 3303 373 3372 Boniiaoins
396 3307 429 3372 in
452 3304 508 3370 illa
529 3305 616 3388 bora,
641 3305 767 3390 quaed
789 3311 886 3392 caput
907 3305 974 3372 eius
998 3303 1222 3372 abscidendum
1243 3305 1289 3372 vi-

116 3419 269 3488 brabatur
291 3421 430 3505 gladius,
461 3421 579 3489 habens
602 3422 637 3488 in
658 3421 805 3490 manibus
827 3420 878 3488 rel
900 3441 957 3507 pro
981 3419 1081 3488 tutela
1103 3420 1232 3506 capitis,
1255 3426 1291 3488 ut

116 3535 210 3604 molti
232 3535 345 3622 solent,
369 3556 425 3606 seu
447 3538 543 3606 etiam
565 3557 623 3624 pro
646 3536 756 3624 clypeo
780 3537 951 3624 spirituali,
973 3556 1067 3622 quem
1088 3537 1123 3604 in
1136 3537 1217 3604 libro
1233 3537 1290 3606 tali

116 3673 187 3722 esse
210 3653 353 3737 credidit,
375 3653 554 3740 percussori
578 3653 734 3740 opposuit
770 3652 806 3718 ln
830 3673 892 3738 quo
911 3639 1063 3720 nimirum
1078 3653 1167 3737 signo
1184 3658 1216 3720 et
1230 3654 1290 3720 mi·

115 3770 220 3838 rande
245 3771 345 3838 111111
368 3768 430 3837 Dei
458 3774 491 3836 et
518 3769 699 3836 veneranda
727 3769 879 3838 sanctim
902 3769 987 3838 beati
1008 3768 1164 3838 Bonilaeii
1185 3773 1291 3855 potest

116 3885 254 3970 mosei.
290 3883 466 3953 Mirabilius
488 3885 777 3972 namquonidetur,
799 3885 881 3970 quod
900 3885 988 3954 nulla
1002 3887 1094 3954 incisi
1108 3885 1182 3954 libri
1197 3885 1290 3952 litero

115 4001 295 4086 delebatur,
320 4021 415 4086 quam
439 4003 466 4068 si
488 4001 611 4070 nullum
633 4002 795 4070 incisionis
817 4002 934 4086 stigma
955 4022 1012 4089 per
1033 4002 1198 4070 1111111111
1221 4001 1288 4085 gla-

115 4119 204 4186 dium
226 4117 261 4186 in
282 4117 363 4186 libro
386 4118 588 4206 reperiretur.

205 4232 375 4320 Postquam
394 4234 492 4319 igitur
506 4231 678 4319 carnifices,
703 4235 757 4319 qui
771 4239 997 4318 remanserant,
1019 4233 1108 4300 nulla
1122 4233 1287 4300 estimatae

114 4351 268 4439 pecuniae
290 4351 407 4417 indicia
429 4351 625 4436 invenerant,
649 4351 725 4418 setis
749 4350 927 4417 contristati
