3148 4846
294 217 361 282 440
532 233 739 312 rrmprasrmr
760 235 841 280 vrrs
864 233 891 282 s.
908 231 1085 282 nostrum
1105 232 1181 282 osu.
1195 231 1232 280 rr

293 379 367 464 post
387 377 450 442 non
473 374 591 443 multos
614 375 681 442 dies
703 377 848 444 reversus
872 379 921 442 est
943 374 982 441 ad
1005 375 1152 463 patiam,
1176 373 1377 462 prucfutoq'ue
1390 374 1451 459 ιαμ·

295 513 331 560 ac
353 491 523 579 praedictis
546 491 647 558 serris
666 491 727 558 Dei
749 511 857 558 secum
881 490 1104 558 adsistentibus
1127 490 1339 558 euenerabili
1360 489 1453 558 areli·

294 608 441 696 episcopo
460 613 669 696 spontaneum
686 607 821 674 scienter
836 606 950 674 detulit
964 627 1160 694 responsum,
1184 613 1217 676 et
1229 627 1376 692 magnum
1390 607 1455 674 uni·

293 725 393 792 versis
423 724 557 791 contulit
584 724 744 808 goudium.
783 723 831 790 Ac
860 723 906 790 sio
933 722 1081 812 deinceps
1110 725 1195 791 mira·
1220 723 1459 810 dispensationis

262 893 264 898 .
293 840 354 908 Dei
388 840 599 908 beniuolentia
630 840 841 908 nomenoius
870 839 1067 907 diffamatum
1095 846 1144 908 est
1171 847 1204 907 et
1230 839 1350 908 celebre
1379 838 1457 926 apud

295 976 404 1023 omnes
426 961 494 1023 tarn
517 955 673 1024 seculares
697 956 867 1042 dignitates
884 965 996 1042 quam·
1011 956 1214 1024 ecclesiastici
1229 955 1323 1024 officii
1339 955 1457 1024 ordiner
1556 939 1557 950 ¹

294 1073 484 1155 habebatur;
506 1073 553 1139 ita
574 1078 611 1139 nt
633 1094 653 1139 a
674 1073 785 1158 modo,
808 1073 873 1139 iam
895 1072 929 1138 in
951 1073 1093 1140 loturum
1116 1071 1298 1160 proficiens,
1321 1069 1458 1160 synodali

230 1197 234 1208 '
295 1189 460 1276 sepissime
483 1209 591 1256 eorum
613 1188 784 1258 intererat*
806 1188 962 1256 instituto.

385 1304 447 1372 Sed
470 1306 546 1393 quia
566 1325 656 1373 mens
679 1305 776 1372 etiam
798 1304 866 1373 Deo
890 1304 1011 1372 dicata⁰
1034 1304 1195 1372 fauoribus
1217 1305 1281 1371 non
1303 1302 1460 1371 adtollitur

295 1420 441 1489 humanis
463 1441 522 1488 neo
543 1421 690 1488 laudibus
714 1419 911 1505 sublevatur,
940 1425 1087 1509 coeperet
1109 1420 1149 1487 ad
1173 1420 1237 1487 alia
1257 1419 1360 1486 multa
1381 1417 1460 1486 solli·

296 1538 445 1604 citudinis
479 1557 556 1605 cura
591 1538 749 1604 adtentius
778 1556 966 1624 properare,
1000 1543 1032 1604 et
1058 1541 1225 1625 parentum
1255 1535 1461 1622 adliniumque

296 1674 424 1722 suorum
452 1655 612 1721 comortia
641 1653 798 1738 devitarc,
828 1659 861 1721 ct
885 1653 1052 1739 peregrina
1075 1654 1176 1736 magis
1199 1673 1294 1739 quam
1314 1659 1462 1740 paternae

295 1771 481 1838 hereditatis
510 1776 667 1837 terrarum
695 1769 765 1836 loca
794 1768 981 1836 desiderare.
1018 1767 1080 1836 Sed
1109 1788 1179 1836 curn
1203 1769 1250 1836 sic
1270 1769 1366 1853 longo
1388 1774 1462 1836 tem·

295 1888 382 1975 poris
405 1885 571 1954 intervallo
595 1906 700 1953 secum
724 1884 941 1953 sollertissime
964 1885 1167 1970 deliberaret,
1194 1891 1231 1952 ut
1251 1885 1389 1973 patriam
1411 1903 1462 1972 pa·

296 2008 463 2090 nentesque
486 2003 659 2085 desereret;
683 1999 822 2085 medem,
847 2006 973 2088 arrepto
996 2001 1107 2068 beatae
1129 2002 1300 2069 memoriae
1322 2007 1357 2069 et
1377 2021 1463 2090 prae·

297 2120 373 2187 dicti
394 2119 496 2208 patris
518 2118 673 2202 consultu,
699 2123 813 2184 cuncta
835 2116 951 2184 aenirni‘¹
974 2118 1025 2184 sui
1047 2123 1177 2202 recreo„
1201 2118 1286 2184 intra
1306 2118 1463 2186 conscicn-

296 2236 374 2304 tiam
403 2241 476 2302 ante
505 2245 558 2302 ιιι·
581 2233 780 2316 abscondita,
811 2238 957 2320 patenter
986 2235 1110 2322 aperuit
1138 2240 1172 2300 et
1198 2253 1314 2318 magna
1339 2253 1463 2322 precum

297 2353 450 2419 instantia
473 2351 513 2418 ad
536 2370 723 2418 consensum
746 2369 821 2416 suae
843 2349 1014 2417 voluntatis
1036 2350 1140 2417 saneti
1161 2350 1222 2418 viri
1239 2351 1380 2418 animum
1395 2371 1464 2438 pro·

298 2468 432 2534 vocavit
467 2466 527 2546 Qui
550 2467 656 2551 etiam,
680 2485 797 2551 magna
818 2466 965 2553 primitus
988 2466 1198 2534 admiratione
1222 2464 1464 2554 obstupefactus,

298 2583 442 2672 poscenti
464 2603 540 2650 sanc
563 2583 817 2671 supplicantique
838 2582 1050 2650 desideratum
1073 2582 1112 2649 ad
1135 2589 1259 2671 tempus
1276 2583 1466 2652 contradixit
1556 2663 1557 2670 ἵ

298 2702 374 2786 iter,
405 2706 443 2767 ut
468 2701 552 2787 cepti
580 2699 737 2787 propositi
758 2698 885 2766 sedaret
905 2698 1109 2782 industriam3
1140 2699 1194 2766 sed
1217 2699 1259 2766 ad
1281 2705 1464 2783 extremum,
1556 2709 1557 2800 l

299 2816 511 2885 invalescente
534 2815 758 2903 omnipotentis
780 2814 841 2882 Dei
863 2814 1071 2903 providentia,
1095 2815 1268 2884 convaluit‘
1287 2835 1391 2884 sermo
1413 2799 1465 2903 pe·

300 2935 406 3001 tentis.
441 2931 485 3000 Et
507 2938 615 2999 tanta⁸
637 2929 760 2998 abbatis
781 2932 978 3016 fratrumque
1001 2951 1140 3016 suorum,
1167 2951 1273 3000 secum
1296 2933 1355 3000 sub
1377 2951 1465 3016 rego·
1556 2973 1557 3004 r

299 3049 361 3116 lari
384 3048 553 3135 disciplina
569 3048 753 3133 viventium,
777 3046 943 3115 devotione
963 3047 1165 3135 adoptatum·²
1180 3047 1394 3116 inchoaverat*
1409 3049 1466 3114 iter
1556 3011 1557 3034 ³

302 3166 490 3250 dominoque
512 3163 580 3231 Deo
609 3164 810 3250 dispensante
832 3162 1073 3250 compleuerat,
1099 3164 1148 3231 ut'
1170 3164 1199 3232 ei
1222 3164 1318 3232 sthur
1339 3163 1466 3232 humani
1556 3169 1557 3172 ’

302 3285 446 3369 sumptus
474 3280 592 3348 solacia
618 3279 752 3347 libenter
779 3280 988 3368 inpenderent
1013 3286 1045 3347 et
1070 3300 1186 3364 magna
1207 3281 1311 3348 cordis
1332 3299 1466 3348 commo·
1556 3267 1557 3270 ¹

302 3398 388 3465 tione
409 3395 612 3464 lacrimarum
635 3396 753 3463 diutius
775 3395 947 3464 infusiones
971 3396 1210 3482 orationumque
1225 3396 1465 3484 supplicationes

303 3535 361 3602 pro
386 3533 422 3580 eo
446 3513 486 3580 ad
508 3512 636 3580 Deumm
656 3511 831 3579 tunderent

392 3628 452 3695 Hic
481 3629 577 3696 etiam
605 3628 695 3713 dum,
724 3628 861 3716 spiritali
883 3628 1076 3696 confortatus
1099 3633 1260 3695 armatura
1282 3632 1315 3696 et
1335 3626 1466 3696 seculari

304 3745 491 3813 sublimatus
514 3751 689 3832 sumptura,
712 3745 876 3831 utriusque
898 3743 982 3812 ritae
1005 3744 1170 3831 stipendiis
1192 3745 1323 3812 minime
1336 3745 1465 3826 careret,

304 3862 453 3929 adhibitis
482 3881 587 3928 seeum
616 3860 736 3928 duobus
765 3865 820 3928 aut
841 3859 942 3928 tribus
964 3860 1129 3947 fratribus,
1160 3880 1292 3946 quorum
1314 3857 1466 3948 corporali

233 3993 285 4049 tlt
305 3977 503 4067 spiritalique
529 3978 693 4064 indigebat
720 3977 948 4062 sustentaculo,
977 3977 1135 4064 profectus
1163 3981 1221 4044 est
1260 3975 1391 4061 Accio,
1418 3976 1465 4042 in·

377 4203 397 4238 a.
419 4191 486 4238 etlam
503 4191 561 4238 odd.
572 4195 599 4248 A,
611 4192 638 4238 Β.
715 4191 738 4238 b.
759 4191 881 4239 interesset
890 4193 918 4237 A.
995 4203 1015 4237 a
1035 4189 1079 4236 deo
1095 4189 1200 4238 dedicata
1209 4193 1238 4238 A.
1310 4189 1334 4237 d.
1351 4187 1463 4244 aninlcF,

305 4271 375 4318 animi
390 4274 419 4328 A,
433 4273 462 4319 Β.
539 4284 560 4316 s.
575 4271 642 4317 antea
658 4271 686 4328 A,
702 4272 729 4318 Β.
805 4269 822 4318 ἰ.
843 4271 911 4317 otiam
927 4271 984 4318 add.
1000 4274 1029 4328 A,
1044 4273 1073 4318 Β.
1145 4283 1167 4329 ς.
1187 4271 1246 4318 tanti
1261 4271 1290 4319 Β.
1360 4269 1383 4316 ln
1403 4269 1462 4329 eph·

305 4351 354 4395 turn
369 4353 397 4397 Β.
459 4349 475 4396 i.
494 4347 613 4396 inchoaret
627 4352 655 4396 B.
716 4350 740 4396 k
761 4350 885 4411 wmplerct
899 4353 926 4397 Β.
989 4350 1004 4397 l.
1023 4352 1093 4411 utque
1109 4353 1137 4399 Β.
1198 4363 1229 4398 ιιι.
1250 4349 1365 4398 domim
1378 4352 1406 4398 A.
