3024 4864
279 280 307 328 ο.
324 279 500 330 numeru
521 281 566 328 nn
588 281 691 330 nunni
711 281 898 332 sumnonem
917 281 955 328 oo.
970 281 1002 328 eo
1163 265 1227 332 183

71 423 139 489 citor
158 421 404 508 proclamantes,
432 443 503 490 reos
532 443 566 489 se
587 442 652 490 non
675 441 760 508 osse,
789 427 865 490 tuno
894 442 966 490 cnm
994 425 1226 510 probatissimis
1254 433 1305 490 74⁷

71 543 152 623 omne
173 539 427 625 prudentissimis
451 537 678 624 sacerdotibus,
702 538 824 607 dnobus
847 539 899 606 vel
912 539 1025 624 tribus,
1048 539 1226 627 praedictos

1244 507 1316 556 lunt

69 655 103 720 ed
126 673 181 720 nos
208 654 365 738 dirigitis·
393 656 494 738 viros,
528 661 565 721 ut
596 655 754 741 profundo
782 655 986 740 inquisitione
1015 674 1123 723 corum
1153 656 1228 724 sede

69 769 230 856 apostolico
243 791 351 837 eornm
368 771 547 857 inquiratur
561 789 657 836 cause
672 776 713 855 et,
730 772 820 838 inxtu
835 771 920 855 quod
933 772 1117 856 meruerint,
1131 770 1228 840 finem

68 886 239 973 smcipiont.
285 887 356 969 Age
379 887 501 971 itaque,
531 886 735 954 dilectissime
765 886 879 971 irater,
907 887 941 952 in
970 888 1146 954 ministerio
1168 888 1227 956 tibi

67 1003 233 1085 commisso,
255 1006 293 1069 nt
315 1003 355 1069 ab
378 1003 593 1088 omnipotente
608 1002 688 1087 Deo,
712 1003 865 1070 mercedis
888 1003 1045 1090 premium
1060 1004 1228 1091 recipiens,

67 1122 216 1184 nemmem
239 1119 339 1184 uitem
370 1119 518 1202 consequi
541 1119 703 1186 merearis.
749 1118 836 1186 Deus
859 1123 891 1186 te
913 1119 1101 1186 incolomem
1124 1125 1229 1188 custo-

66 1235 140 1319 diet,
161 1234 418 1302 reverentissime
441 1238 473 1299 et
495 1234 713 1301 sunotissimel
736 1235 844 1302 freter.
879 1234 964 1302 Dete
986 1234 1093 1304 Nonus
1116 1235 1228 1304 Ianua-

67 1350 135 1435 rius,
168 1352 348 1438 imperante
377 1349 509 1415 domno*
539 1350 683 1436 piissimo
713 1357 845 1435 angusto
875 1351 1083 1418 Constantino
1113 1372 1133 1418 o
1159 1351 1228 1420 Deo
1290 1383 1296 1398 ·

67 1472 202 1532 urenete
232 1485 348 1550 magno
378 1466 568 1553 imperatore
596 1487 679 1533 enno
709 1463 779 1552 28¹,
809 1474 882 1555 post
914 1467 1131 1534 consulutnm‘¹
1161 1469 1228 1535 eius

67 1601 138 1649 enno
161 1585 192 1668 6,
217 1583 390 1650 indictione
413 1581 523 1666 quintu
546 1582 678 1648 decimo.

68 1792 120 1864 64.
142 1797 331 1882 Bonifatiuo
359 1795 520 1862 monachis
544 1795 837 1863 Friteoleruenoibue
855 1809 932 1884 poet
958 1795 1110 1884 Wiptem·
1131 1796 1155 1862 I
1172 1797 1228 1862 uh-

143 1913 226 1979 betie
249 1925 380 1978 monem
396 1926 569 2000 praecepta
593 1915 674 1978 dact
866 1910 901 1992 (S
923 1913 972 1996 17,
996 1909 1035 1978 W
1053 1912 1105 1996 79,
1130 1910 1229 1994 (369)

143 2045 327 2112 Carissimis
347 2044 420 2111 liliis
437 2044 579 2112 Tutwino
596 2049 628 2112 et
643 2043 805 2129 Wigberto
828 2045 1022 2133 presbiteris,
1046 2043 1229 2112 Bernhardo
1298 2046 1349 2102 747

66 2166 92 2227 et
111 2161 232 2229 Hicdde
240 2160 258 2246 ¹,
287 2161 474 2228 Huniritho⁸
498 2167 531 2227 et
553 2160 699 2245 Stirmel,
728 2159 908 2228 Boniiecius
936 2182 1044 2230 servus
1068 2181 1230 2230 servorum
1245 2121 1398 2181 mmm

65 2277 115 2344 Dei
135 2298 311 2365 perennem
335 2278 369 2344 in
392 2275 529 2344 Domino
552 2277 696 2344 salutem.

139 2394 280 2462 Paterno
304 2415 410 2460 umore
433 2393 635 2460 dilectionem
657 2397 796 2461 vestrem
820 2393 964 2477 obsecro,
993 2400 1029 2461 ut
1052 2413 1088 2462 eo
1111 2395 1231 2462 maiore

66 2512 141 2576 .....'
163 2510 400 2578 monasteriolis
423 2529 568 2576 normam
591 2510 676 2576 vitae
696 2509 853 2576 custodire
874 2509 1037 2596 studeatis,
1062 2531 1122 2598 quo
1138 2517 1231 2598 peter

65 2627 176 2694 neor*
190 2623 392 2710 wigbertus'
405 2625 570 2692 defunctus
591 2630 660 2692 est.
718 2623 898 2709 Wigbertus
918 2626 1074 2712 presbiter
1096 2633 1128 2695 et
1142 2627 1230 2694 Men·

65 2743 197 2828 gingotus
223 2743 376 2809 diaconus
403 2741 545 2826 regulum
568 2747 706 2807 vestrum
730 2741 818 2807 vobis
841 2741 1015 2826 insinuent,
1048 2748 1080 2810 ot
1102 2744 1230 2830 spirita·

64 2857 113 2924 les¹
132 2853 248 2926 horue⁸
271 2863 303 2925 ct
330 2877 457 2924 cursum
485 2856 656 2924 eecclesiae
684 2857 880 2942 custodiunt,
910 2863 943 2924 et
970 2863 1090 2924 ceteros
1121 2859 1229 2926 edmo-

65 2981 163 3060 neunt,
187 2981 222 3043 et
246 2974 392 3058 magistri
415 2973 479 3039 sint
501 2973 668 3057 infantum,
692 2977 725 3040 et
746 2972 909 3060 predicent
932 2974 1062 3040 verbum
1082 2973 1143 3041 Dei
1165 2973 1229 3041 iro·

3 3099 4 3102 ’
66 3091 163 3159 tribus.
264 3089 387 3156 Hiedde
414 3089 457 3156 sit
484 3088 665 3178 prepositus
694 3095 727 3155 et
754 3109 861 3156 servos
889 3095 1015 3156 nostros
1043 3089 1227 3173 admoneet3

66 3211 92 3270 et
113 3205 306 3273 Hunirithus
336 3205 464 3272 adiuvet
490 3205 597 3289 illum,
630 3203 819 3290 ubicumque
847 3225 926 3292 opus
954 3207 1004 3271 sit.
1103 3205 1229 3292 Styrme

65 3319 92 3387 in
111 3325 247 3409 coquina
269 3322 320 3389 sit.
410 3321 611 3388 Bernhardus
636 3321 798 3410 operarius
822 3322 864 3388 sit
882 3326 914 3389 et
933 3320 1077 3389 aedificet
1097 3322 1229 3388 domnn-

3 3475 4 3520 ι
126 3479 146 3510 u.
167 3483 226 3512 cerr.
240 3468 262 3511 le
279 3464 385 3522 dirigetis
397 3467 422 3512 C.
500 3463 522 3509 b.
540 3464 817 3511 circumsedemus.
891 3477 911 3510 o.
927 3465 1086 3512 nostrooddit
1097 3469 1131 3520 Μ,
1149 3482 1190 3512 om.
1204 3467 1229 3512 C.

66 3542 143 3604 dimp
159 3549 195 3601 M,
212 3544 306 3604 imperii
322 3547 348 3592 C.
372 3547 460 3604 Scripsi
474 3545 527 3603 post
544 3542 696 3599 consulatum
712 3561 732 3589 u.
751 3561 820 3602 cupra
834 3561 858 3602 p.
870 3545 907 3590 1⁷.
970 3559 990 3590 ο.
1011 3562 1040 3590 ex
1056 3549 1086 3592 M
1100 3545 1228 3600 otto—89,

68 3623 213 3678 Cili-loo,
233 3626 255 3672 V
270 3623 293 3670 9.
317 3626 424 3670 mma.-
439 3623 496 3668 ltem
513 3621 610 3682 epistole
624 3622 736 3669 Bonilooil
751 3623 918 3683 orchiepisoopi
936 3625 1013 3671 ΜΝ.
1073 3623 1089 3670 i.
1108 3623 1177 3670 ledde
1196 3627 1229 3670 M.

3 3701 4 3742 ἒ
67 3703 206 3757 tllunffido
226 3707 284 3752 MC.
355 3702 379 3750 h.
400 3693 486 3764 stirme
503 3704 529 3751 C.
592 3701 607 3748 i.
629 3715 682 3750 curu
698 3723 717 3752 e.
733 3703 851 3762 diligentie
866 3704 979 3751 excidisse
993 3705 1087 3752 uidetur.
1149 3702 1173 3750 k.
1191 3717 1229 3750 ve·

68 3785 151 3830 eorm.
230 3783 390 3843 topirotulos
408 3783 435 3830 7.

128 3889 150 3944 1.
174 3889 260 3944 immo
278 3888 321 3958 27,
347 3903 374 3941 v.
393 3901 477 3955 supro
494 3902 520 3956 p.
535 3887 578 3940 19.
667 3887 693 3940 2.
718 3887 730 3941 1
749 3885 835 3942 ebbos
853 3886 1081 3958 Fritesluriensio,
1104 3885 1227 3958 ,quem“

69 3975 143 4044 inquit
158 3978 255 4046 Lupus
274 3975 456 4030 Ferrariensis
475 3976 502 4031 in
519 3975 579 4030 vite
590 3973 725 4044 Wigbertl
744 3974 884 4039 (llobillon
901 3976 974 4031 Acte
992 3973 1040 4031 SS.
1054 3975 1112 4031 ord.
1125 3975 1228 4031 Bonod.

3 4075 5 4116 t
70 4077 129 4120 socc
142 4067 181 4121 Ill
192 4067 224 4121 P.
235 4065 248 4120 l
260 4065 324 4132 675)
340 4063 459 4134 ,bocum
472 4061 629 4120 Boniiocius
642 4093 675 4104 -
688 4079 796 4119 summo
806 4065 982 4120 veneratione
995 4065 1127 4134 suspexit,
1146 4063 1227 4134 qnod,

3 4143 4 4218 ξ
70 4155 95 4204 rt
112 4159 174 4210 nutu
198 4153 299 4224 maior,
324 4153 368 4208 ille
387 4151 485 4208 endiis
502 4151 647 4221 flagrasset
665 4157 728 4207 ante
747 4151 877 4208 divinis“.
904 4151 1040 4223 Wigberti
1059 4155 1174 4208 mortem
1193 4152 1229 4207 od

3 4235 4 4240 ’
71 4253 156 4296 unonn
174 4244 227 4300 747
245 4241 370 4298 referunt
387 4241 507 4296 Anneles
525 4239 804 4311 weissenburgenses
822 4247 851 4296 ot
868 4241 1020 4311 Lamberti,
1044 4241 1116 4296 llon.
1136 4241 1227 4296 Germ.

3 4351 4 4356 ¹
72 4325 111 4382 Sd.
127 4331 162 4385 lII
174 4333 224 4404 353
244 4332 279 4387 od
297 4332 371 4387 diem
391 4331 425 4385 13
438 4329 557 4399 Augusti
575 4327 721 4384 Hrebenus
732 4330 852 4401 liturus,
872 4347 898 4384 v.
912 4329 1040 4386 liubillon
1057 4329 1075 4385 l.
1088 4329 1106 4386 l.
1125 4347 1152 4401 p.
1166 4331 1227 4386 673.

72 4413 93 4469 i
112 4433 132 4474 o.
149 4421 294 4477 cononicus
311 4420 402 4492 hores,
420 4419 439 4475 i.
451 4434 475 4475 ο.
495 4419 707 4490 supplicationes
725 4419 844 4474 diurnus.
