3024 4864
279 298 307 345 s.
323 297 500 346 normann
521 297 566 346 nv
587 297 690 346 nunni
711 297 900 348 nrmnonnu
922 297 953 344 ce
1134 282 1201 350 ala

61 440 113 506 riso
130 437 292 524 Gregorius
300 435 319 522 ¹,
342 438 418 505 dum
440 459 492 506 me
514 438 679 523 indignum
701 439 860 507 ordinavit
886 446 920 509 et
947 441 988 507 ad
1015 440 1200 528 praedican·
1219 450 1270 506 ccl

58 554 117 620 dum
140 555 266 622 vebum
292 553 367 622 lidei
394 552 591 622 Germanicis
618 555 764 640 gentibus
792 557 896 641 misit,
925 562 1122 625 sacramento
1149 577 1201 624 me

57 671 237 739 constrinxit:
257 677 294 738 ut
308 673 468 740 canonicis
485 676 517 738 et
530 671 623 738 iustis
638 672 794 760 episcopis
811 677 843 739 et
857 672 1041 760 presbiteris
1054 673 1089 741 in
1103 672 1200 740 verbo

56 786 170 854 iniecto
191 788 226 853 iu
248 806 403 854 consensu
425 785 634 874 adstipulator
657 793 690 855 et
711 788 837 855 adiutor
863 786 978 856 fierem·
997 823 1032 836 -
1062 789 1122 856 hoc
1143 809 1200 856 au-

53 907 119 968 tom·
138 921 205 969 cum
229 903 337 970 divine
357 902 462 987 gratia
481 901 615 988 implere
638 903 762 970 cutm*
780 926 837 987 -3
852 903 950 971 falsos
970 911 1077 972 autem
1096 925 1199 972 sacer-

54 1015 140 1102 dotes,
161 1017 364 1106 hypochrites
388 1023 420 1085 et
442 1017 622 1086 seductores
645 1017 851 1106 populorum,
873 1019 925 1088 vel
947 1022 1137 1105 corrigerem
1159 1022 1200 1088 ad

52 1133 120 1200 viam
140 1134 249 1202 salutis
271 1134 322 1201 vel
344 1133 535 1202 destinarem
559 1139 592 1201 et
612 1134 804 1202 abstinerem
825 1155 845 1202 a
863 1137 1100 1204 mmmumone·
1115 1137 1200 1224 ipso·

51 1269 121 1333 rum;
148 1251 230 1336 quod
259 1271 299 1318 ex
327 1256 419 1338 parte
450 1251 574 1316 servavi
604 1257 637 1318 et
658 1271 698 1318 ex
721 1257 813 1338 parte
834 1251 992 1320 custodire
1014 1257 1047 1319 et
1068 1251 1201 1339 implere

51 1384 100 1432 non
119 1369 215 1453 potui.
252 1365 448 1454 Spiritaliter
461 1366 593 1452 implevi
608 1371 851 1452 sacramentum,
874 1368 950 1453 quia
963 1368 998 1434 iu
1013 1387 1201 1435 consensum

50 1482 127 1549 etin
154 1481 322 1550 eonsilium
350 1481 478 1548 illorum
505 1501 569 1548 uon
599 1482 687 1550 venit
715 1483 821 1550 anima
853 1502 934 1551 mea
987 1482 1202 1571 corporaliter

49 1601 137 1665 nutem
158 1599 198 1668 ab
227 1599 274 1666 eie
301 1599 429 1666 omnino
459 1597 617 1666 abstinere
646 1617 710 1666 non
739 1599 844 1685 potui,
873 1599 948 1666 dum
977 1599 1134 1668 venissem
1161 1599 1202 1666 ad

47 1713 206 1801 principem
234 1714 444 1798 Francorum,
480 1717 611 1798 cogente
640 1713 863 1782 aecclesiarum
891 1715 1095 1798 necmsitate3
1129 1735 1202 1783 cum

47 1827 111 1897 talos
136 1831 180 1899 ibi
208 1831 352 1918 repperi,
382 1829 491 1917 quales
513 1829 610 1896 uolui.
658 1829 721 1898 Sed
743 1831 907 1898 tamenin
930 1835 1040 1899 saneta
1061 1851 1201 1899 commu·

46 1946 139 2014 ntone‘
161 1946 304 2034 corporis
327 1945 446 2014 Christi
468 1945 532 2013 illis
553 1965 618 2014 non
640 1947 880 2014 communicavi.

118 2062 286 2150 Praecepit
314 2081 437 2148 quoquc
459 2062 537 2128 mihi
566 2061 728 2148 praetatus
759 2062 950 2149 apostolicus
979 2062 1139 2149 pontifex,
1166 2068 1203 2129 ut

44 2177 235 2264 populorum,
273 2197 485 2264 quoscumque
513 2177 710 2263 visitassem,
738 2178 1008 2246 conversationem
1038 2184 1070 2246 et
1098 2197 1202 2246 mores

45 2294 219 2378 apoccncae
243 2294 327 2362 sedis
350 2292 492 2381 pontifici
506 2293 705 2362 indicassem.
741 2293 841 2380 Quod,
863 2295 898 2361 in
912 2293 1049 2362 Domino
1070 2293 1202 2380 conlido,

43 2409 240 2478 minuissem.

115 2523 164 2594 De
188 2546 226 2594 eo
252 2531 368 2610 numm,
393 2524 564 2611 quodiam
588 2526 759 2611 praeterito
782 2530 925 2612 tempore
940 2527 980 2594 de
995 2525 1204 2615 archiepisco-

43 2640 82 2723 pis
102 2647 133 2708 et
154 2641 196 2710 de
219 2640 351 2728 palleisd
374 2661 394 2707 a
414 2639 558 2708 Romana
580 2641 731 2709 aecclesia
751 2642 897 2730 petendis
918 2643 1008 2709 iuxta
1029 2644 1203 2730 promissa·

43 2751 225 2825 Francorum
241 2757 402 2825 sanctitati
415 2763 538 2826 vestrae
553 2762 663 2824 notum
678 2758 750 2843 ieci,
766 2757 997 2842 indulgentiam
1011 2757 1203 2845 apostolicae

42 2872 111 2940 ocis
133 2873 255 2958 flagito.
303 2872 398 2958 Quia,
422 2875 505 2959 quod
527 2873 757 2960 promiserunt,
781 2873 943 2942 tardantes
966 2895 1030 2940 nou
1052 2874 1203 2961 impleve-

40 2994 116 3072 rmt;
143 2996 177 3058 et
209 2989 313 3056 adlruc
343 2987 487 3056 differtur
515 2995 548 3056 et
575 2988 746 3056 ventilatur
773 2990 829 3075 et‘,
858 2989 1031 3077 quidinde
1053 2988 1203 3076 perticere

41 3101 194 3192 voluerint,
213 3107 388 3190 ignoratur.
419 3103 481 3172 Sed
495 3125 569 3172 mea
582 3103 744 3173 voluntate
760 3104 893 3192 impleta
907 3111 991 3173 esset
1005 3105 1201 3193 promissim.

112 3221 174 3289 Est
196 3227 326 3309 praeter
349 3241 387 3288 ea
408 3220 496 3288 locus
518 3220 681 3288 silvaticus
703 3221 737 3288 in
760 3221 887 3289 haemo
911 3221 1109 3289 vastissimae
1129 3221 1203 3288 soli·

40 3335 161 3422 tudinis,
186 3338 223 3404 in
245 3335 351 3404 medio
374 3337 537 3404 undenum
559 3337 806 3424 praedicationis
828 3342 971 3422 nostme,
994 3337 1027 3404 iu
1052 3355 1113 3423 quc
1136 3358 1205 3404 mo-

39 3449 219 3520 menum·
231 3456 460 3537 construentes,
475 3451 645 3520 monachos
661 3451 893 3538 constituimus,
909 3453 967 3520 sub
982 3452 1092 3538 regula
1102 3453 1203 3521 suncti

38 3571 124 3649 patris
153 3567 322 3637 Benedicti
350 3567 510 3653 viventes,
545 3568 631 3636 viros
664 3571 793 3638 strictae
823 3569 1050 3655 absinentiae,
1085 3568 1203 3656 absque

40 3699 118 3752 orne
142 3693 175 3753 et
199 3686 285 3769 vino,
310 3684 428 3771 absque
451 3685 552 3752 sicera
574 3688 606 3752 et
626 3683 736 3769 semis,
760 3685 890 3772 proprio
905 3705 1057 3752 manuum
1073 3705 1203 3752 suarum

38 3795 131 3868 labore
154 3804 333 3868 contentos.
379 3800 471 3868 Hunc
493 3800 598 3868 locum
621 3819 719 3888 supra
741 3801 860 3868 dictum
883 3821 942 3888 per
963 3801 1049 3868 viros
1075 3799 1203 3885 religio·

39 3931 79 3980 scs
99 3922 131 3984 et
153 3916 263 3984 Deum
285 3917 448 4001 timentes,
471 3915 611 4000 maxime
635 3915 880 3984 Carlmannum'
903 3917 1063 4002 quondam
1084 3917 1203 4004 princi·

39 4047 99 4113 pem
112 4031 325 4117 Francorum,
347 4030 431 4100 iusto
453 4030 561 4100 labore
585 4031 740 4118 adquisivi
763 4033 851 4102 etin
872 4033 992 4102 honore
1015 4033 1117 4100 sancti
1133 4029 1202 4100 Sal·

97 4223 116 4256 a
134 4227 179 4257 οι.
201 4212 229 4259 C.
322 4209 345 4256 b.
366 4208 436 4256 studii
452 4211 486 4256 Μ.
581 4223 601 4258 c.
622 4210 779 4258 communione
796 4213 831 4257 Μ.
924 4209 947 4258 d.
968 4227 1026 4258 corr.
1041 4211 1065 4257 ta
1080 4209 1157 4270 palliis
1175 4211 1201 4258 ι’.

40 4289 166 4346 scmus
183 4293 221 4338 Μ.
298 4288 316 4336 t.
336 4288 360 4336 et
374 4305 418 4335 oso.
435 4291 469 4336 η.
546 4301 568 4348 g.
588 4289 697 4350 promitio
713 4293 749 4338 M.
828 4289 851 4336 ln.
873 4288 1046 4338 carlomannum
1063 4291 1088 4337 c.

97 4393 121 4448 1.
143 4393 180 4449 ll.
272 4393 299 4450 2.
323 4391 468 4448 Fuldeme.
