3164 4842
338 313 543 363 murreum
564 315 644 364 vrrs
667 314 693 364 s.
710 315 887 364 cormeum
907 313 982 363 oar.
999 315 1037 362 rx
1216 297 1277 364 471

111 460 217 522 terrae
238 455 401 543 inpressis,
424 455 535 523 ruinae
557 457 684 542 penitus
706 475 850 523 casumm
867 457 1093 544 temptabatur,
1117 456 1282 524 auteriori-

111 570 234 658 busquc
256 571 352 640 burno
373 571 481 640 induis
503 572 664 655 cruribus,
692 572 907 655 volutabatur3
938 572 1036 640 donec
1057 573 1113 656 hii,
1138 573 1192 657 qui
1216 573 1282 656 agi·

110 686 205 754 liores
233 687 475 774 eolsrderesque
497 689 681 772 extiterant,
713 688 884 756 disocnsis·
907 689 973 756 suis
995 707 1208 775 praepropere
1230 707 1282 756 ca-

110 801 234 888 bellini,
263 823 380 890 equum
407 809 512 872 terrae
541 803 737 872 inherentem
761 804 971 871 extraherent.
1007 803 1069 872 Sed
1092 805 1281 892 stupendum
1423 841 1424 846 =

110 919 219 985 statim
243 939 280 986 ac
301 919 480 1006 spectaculo
503 919 633 1004 dignum
655 920 705 987 bis
729 921 783 1006 qui
805 921 937 988 aderant
959 926 1208 989 ostensumerat
1222 922 1282 988 mi·

109 1035 269 1102 noudum:
293 1041 326 1102 et
346 1035 586 1122 limpidissimus
610 1041 702 1103 suma
723 1035 982 1104 consuetudinem
1002 1036 1087 1103 illius
1102 1044 1186 1105 terre
1200 1037 1281 1123 fons,

109 1150 191 1218 nim
212 1151 378 1218 suavitatis
400 1157 494 1236 gustu
516 1150 695 1220 indulcatus
703 1163 724 1236 ⁸,
747 1153 975 1240 prorumpebat
989 1158 1022 1220 et
1034 1172 1092 1240 per
1105 1154 1282 1238 moognioos

107 1272 279 1354 ponemus
301 1272 424 1334 meatus
446 1265 638 1354 profluebat,
670 1273 706 1334 ut
727 1269 815 1334 rivus
837 1268 901 1334 iam
923 1269 1082 1336 maxinnm
1105 1289 1175 1336 esse
1196 1270 1283 1337 vide-

107 1389 206 1450 retur.
242 1383 310 1462 Quo
336 1384 545 1471 obstupefacti
566 1384 735 1468 musculo,
765 1383 943 1452 mdtaubs
965 1389 1060 1470 atque
1083 1384 1203 1454 alacres
1226 1386 1282 1453 do·

107 1500 349 1584 maturanensi,
373 1519 420 1584 ea,
444 1519 524 1584 quas
546 1498 702 1583 viderunt,
727 1499 872 1586 plebibus
896 1499 1112 1584 devulgarunt

426 1838 600 1917 PASSIO
630 1838 666 1916 S.
688 1837 958 1916 BONIFATll.

104 2035 257 2122 Incipit
277 2033 411 2122 passio
435 2035 566 2100 sancti
587 2032 786 2100 Bonifatii
808 2013 1130 2116 Moguntiueusis
1153 2032 1280 2098 archi-

104 2150 306 2240 episcopi,
336 2150 402 2236 qui
431 2149 572 2217 extitit
599 2148 842 2236 temporibus
872 2147 1009 2214 Karoli
1038 2147 1280 2214 nobilissimi

151 2266 261 2350 regis
290 2267 355 2350 qui
383 2265 515 2333 senior
542 2265 690 2332 dicitur
721 2269 759 2332 et
780 2263 943 2351 Pippini
970 2263 1111 2330 fratris
1140 2264 1233 2329 eius.

196 2425 403 2512 Temporibus
425 2424 597 2493 venerandi
619 2423 728 2490 Karoli
751 2424 805 2509 qui
828 2424 934 2491 senior
956 2423 1071 2490 dicitur
1093 2429 1126 2490 et
1139 2421 1279 2510 Pippini,

102 2541 216 2609 fratris
238 2541 316 2626 eius,
339 2541 400 2607 init
420 2541 547 2627 quidam
563 2541 696 2608 antistes
712 2541 839 2606 nomine
855 2537 1019 2623 (deroldus,
1044 2539 1098 2623 qui
1112 2543 1186 2626 post
1198 2537 1280 2605 Rao-

103 2655 257 2726 bardum¹
280 2661 422 2724 sanctam
437 2655 620 2740 lloguutine
643 2655 726 2722 sedis
749 2657 834 2722 rexit
856 2655 1030 2722 ecclesiam.
1066 2653 1114 2721 Eo
1136 2659 1280 2741 tempore

101 2772 325 2859 inquietabant
347 2772 489 2840 Sucnee
504 2771 709 2856 Thuringiam
731 2772 894 2856 regionem
916 2771 971 2854 ita,
994 2775 1030 2836 ut
1052 2768 1195 2856 conpulsi
1216 2768 1281 2836 sint

103 2895 220 2978 sponte
242 2889 409 2973 coningere
431 2889 472 2955 ad
495 2887 712 2974 supradictum
734 2887 911 2974 prinoipem
933 2884 1100 2970 Karolum,
1124 2889 1279 2971 quatenus

102 3025 163 3074 suo
187 3005 362 3093 patrocinio
384 3009 573 3073 tutarentur.
608 3001 692 3082 Quos
714 3003 769 3070 ille
791 3007 953 3088 susceptos
976 3007 1144 3088 utrumque
1163 3006 1195 3068 et
1209 3021 1279 3068 mu·

102 3122 234 3190 neribus
265 3121 426 3188 onusmvit
454 3125 486 3188 et
513 3119 679 3187 consilium
706 3117 871 3206 impendit.
964 3118 1104 3202 Contigit
1130 3136 1277 3202 namque,

101 3237 303 3326 praedictum
320 3238 496 3325 prinoipem
515 3256 588 3304 curn
604 3235 744 3302 exercitu
758 3240 869 3300 contra
884 3233 1024 3301 Saxones
1040 3236 1097 3319 ire,
1122 3233 1278 3317 simulque

101 3353 278 3422 Geroldum
306 3353 480 3420 antistitem
509 3371 580 3419 oum
610 3352 675 3418 suis
704 3350 819 3417 Karolo
847 3349 1047 3435 suffragando
1076 3356 1108 3417 et
1135 3349 1277 3417 hostibus

101 3469 294 3555 refragando
315 3469 480 3536 certamini
501 3469 663 3534 interesse.
699 3465 780 3546 Quid
801 3464 914 3553 plura?
944 3466 1144 3534 (lenientibus
1168 3465 1278 3533 altuin-

3 3661 5 3666 ,
102 3605 197 3654 saeue
220 3585 419 3670 enmcitibua
443 3583 630 3652 venerabilis
646 3583 778 3650 antistes
794 3580 958 3667 Geroldus,
981 3583 1175 3650 irruentibus
1190 3582 1277 3648 iacu-

100 3703 209 3772 lorum
230 3701 382 3787 nubibus,
404 3703 613 3788 interemptus
637 3700 790 3768 occubuit

194 3818 271 3886 Fuit
293 3823 398 3886 summ
422 3819 530 3885 eodem
554 3822 696 3904 tempore
719 3816 846 3901 quidam
869 3814 996 3882 nomine
1011 3812 1151 3901 Gewelip
1172 3813 1206 3880 in
1220 3833 1277 3901 pa·

102 3936 183 4004 latio
205 3935 290 4020 regis
313 3935 561 4022 acceptissimus,
583 3932 869 4020 supramemorati
891 3931 1041 3998 substitio
1063 3929 1147 3997 lilius
1163 3930 1274 3997 dictus.

102 4052 167 4131 Qui
194 4057 268 4139 post
294 4051 415 4118 obitum
441 4051 542 4136 patrie
571 4049 701 4118 eandem
729 4049 905 4133 gubernare
933 4047 1073 4133 suscepit
1100 4046 1274 4114 eeclesiam.

178 4234 198 4268 a.
220 4221 336 4268 descensis
352 4224 381 4268 A.
458 4219 481 4265 b.
501 4235 559 4265 σοιν.
574 4221 597 4265 in
612 4217 703 4266 cavallls
719 4222 749 4266 A.
790 4245 791 4250 =
826 4230 846 4264 c.
866 4217 1020 4264 indulcoratur
1036 4218 1064 4264 A.

178 4327 203 4382 1.
226 4325 261 4382 V.
281 4325 405 4396 catalogi
423 4339 466 4395 ep.
484 4323 557 4394 Mag.
577 4337 661 4393 supra
677 4325 735 4393 p.2
753 4327 782 4377 et
800 4323 829 4391 ³,
854 4319 902 4376 ubi
920 4320 1032 4377 (letoldi
1049 4319 1274 4391 praedecessores

102 4414 263 4473 Laboaldue
279 4419 309 4470 et
324 4413 482 4486 Rigibertm
499 4417 641 4470 vocantur.
