3110 4844
312 267 378 334 346
651 283 838 330 nrrsnoaaa
858 281 1085 330 uooparman
1110 281 1139 328 ru

241 433 295 491 956
400 424 620 492 Fraternitatis
648 441 755 491 amore
783 426 847 492 aeti
873 414 996 511 fideque
1022 421 1235 510 antiquiorum
1257 424 1464 510 obnuntiasti,

312 563 350 610 ea
371 542 460 608 vobis
482 547 671 626 sanctaeque
693 539 894 625 Mogontinse
919 540 1099 625 aeoelesiao,
1122 541 1173 608 eui
1195 541 1356 627 praeestis,
1381 541 1466 608 dene-

312 677 387 743 gare
409 659 601 741 ignoramus,
623 662 753 744 propter
776 677 856 742 quae
879 663 1001 724 vestros
1018 655 1146 724 nuntios
1161 655 1202 722 ad
1217 661 1357 724 sanatam
1371 657 1467 724 sedam

240 855 245 870 Ι
311 774 465 863 principis
489 773 703 860 apostolorum
725 778 757 840 et
772 775 812 840 ad
826 779 967 841 nostram
985 772 1188 860 apostolieam
1204 773 1385 857 dignitatem
1399 775 1468 840 mis·

312 911 364 958 soe
386 889 603 974 eognoeoimns
627 895 659 956 et
681 908 762 974 quae
783 890 883 956 nostri
907 893 1119 956 antecessores
1141 890 1256 956 vestris
1276 890 1469 958 anteoessori·

312 1007 371 1074 bus
399 1007 554 1090 denegare
580 1005 776 1088 ignorarunt.
813 1005 935 1072 Scimus
958 1025 1032 1072 vero
1054 1006 1168 1073 uestris
1193 1005 1309 1072 litteris
1330 1007 1469 1074 intiman-

311 1121 414 1190 tibus:
444 1127 553 1188 saneto
574 1120 735 1188 Boniiaoio
764 1127 868 1188 vostro
897 1121 1087 1188 snteoessori
1115 1119 1307 1205 aGregorio
1334 1122 1470 1206 seeundo,

313 1237 464 1323 Gregorio
487 1237 591 1321 tertio,
614 1257 673 1304 nee
694 1257 758 1304 non
780 1236 933 1304 Zaoburia
954 1237 1071 1304 nostris
1093 1238 1358 1306 anteoessoribus·
1371 1245 1471 1308 nostm

312 1355 421 1441 utique
447 1353 703 1441 praedeeessore,
731 1373 791 1420 neo
811 1373 875 1421 non
896 1371 1098 1440 praecessore
1119 1360 1226 1421 nostro
1249 1351 1389 1422 Mariuo¹
1408 1353 1471 1420 Fri·

313 1471 421 1538 durioo
444 1476 553 1536 nostro
576 1469 737 1553 confratri,
760 1474 865 1536 vestro
888 1470 1092 1557 praecessori,
1115 1469 1274 1555 oollatum‚
1297 1477 1335 1538 ut
1352 1471 1386 1538 in
1405 1491 1471 1558 par·

313 1589 398 1654 tibus
424 1587 522 1654 totius
545 1584 733 1654 Germaniae
756 1584 938 1671 Galliaeque
966 1586 1109 1672 provisor
1131 1591 1258 1654 sanotae
1280 1585 1473 1672 Mogontinae

172 1743 178 1754 ·
238 1717 243 1729 “
313 1703 397 1771 sodis
420 1703 556 1769 vinarius
578 1702 755 1786 missusque
778 1702 943 1789 apostoliei
965 1705 1140 1786 teneretur3
1162 1703 1209 1770 ita
1225 1709 1270 1787 ut,
1293 1704 1416 1788 siquos
1429 1704 1472 1770 in·

313 1821 452 1888 venisset
473 1819 558 1885 viros
586 1837 607 1884 a
633 1822 719 1883 reato
742 1818 870 1885 tramite
892 1817 1032 1885 iustitiae
1054 1818 1231 1903 deviantes,
1258 1819 1473 1904 euiuseumque

314 1943 418 2004 essent
441 1954 603 2022 personae,
628 1933 667 2000 ad
685 1953 719 2000 se
735 1953 857 2019 vocare,
881 1934 935 2001 ubi
949 1935 1010 2002 loei
1026 1933 1130 2020 vellet,
1152 1954 1290 2020 monere,
1313 1935 1472 2020 eorrigoro,

313 2052 530 2140 synodumque
552 2051 742 2118 constituere
762 2050 816 2117 ubi
831 2049 935 2135 vellet,
958 2055 1146 2138 potestatem
1162 2051 1329 2139 apostolici
1341 2051 1472 2120 haberet

313 2169 403 2254 Inde,
428 2168 504 2253 quia
524 2187 580 2234 vos
601 2165 695 2233 tidem
718 2167 1004 2252 subiectionomqne
1026 2173 1059 2234 et
1080 2173 1220 2252 eastern,
1244 2167 1351 2252 qualia
1372 2187 1473 2235 omnes

313 2289 441 2352 sanotae
461 2283 642 2367 Mogontine
666 2283 748 2349 sedis
772 2283 893 2370 priores
916 2284 1095 2370 provisores
1117 2283 1195 2350 fassi
1215 2290 1304 2368 sunt,
1327 2284 1472 2367 fatemini,

313 2399 445 2468 eandem
468 2399 556 2465 uobis
578 2403 767 2485 potestatem
790 2399 1007 2484 consedimus,
1039 2420 1132 2485 quam
1154 2400 1275 2486 priores
1297 2402 1400 2468 nostri
1419 2399 1474 2466 viri

314 2513 478 2603 apostolici
507 2515 620 2582 vestris
649 2515 806 2601 prioribus
835 2522 1071 2598 oonaessorunt3
1101 2517 1248 2601 quatinus
1275 2517 1345 2584 viee
1373 2521 1474 2584 nostra

313 2631 482 2698 soeleratos
504 2636 537 2697 ot
558 2650 675 2718 pravae
696 2632 781 2697 vitae
803 2631 944 2698 hominos
961 2631 1103 2699 habeatis
1119 2636 1307 2719 potestatem
1322 2634 1474 2720 oorripere

314 2755 347 2817 et
375 2747 415 2816 ad
445 2748 530 2814 viam
558 2747 701 2814 veritatis
724 2748 837 2814 vestris
861 2749 1108 2816 exortationibus
1130 2768 1277 2815 revocare
1299 2755 1334 2816 et
1355 2756 1392 2817 nt
1411 2749 1474 2816 sitis

312 2869 421 2932 noster
436 2864 571 2931 vinarius
586 2863 702 2930 misem
717 2864 750 2929 in
765 2863 909 2950 partibus
924 2863 1113 2932 Germaniae
1127 2863 1326 2949 Galliaeque:
1350 2871 1395 2951 ut
1411 2865 1474 2932 ubi·

313 2999 448 3065 eumque
468 2979 631 3066 episeopos
645 2979 837 3065 presbiteros
852 2981 999 3048 diaeonos
1014 2980 1064 3048 vel
1078 2981 1248 3048 monaobos
1263 2982 1361 3048 etiam
1376 2982 1474 3050 ouius·

314 3116 446 3183 eumque
473 3115 627 3183 personae
656 3095 797 3163 homines
820 3102 931 3164 eontra
952 3116 1087 3164 canones
1109 3103 1142 3164 et
1163 3099 1336 3165 constituta
1358 3103 1474 3166 saneto-

313 3233 386 3280 rum
407 3217 535 3299 patrum
558 3212 624 3278 sive
646 3216 756 3278 oonbe
779 3212 1024 3280 aeoleeiastieam
1047 3213 1188 3298 regulam
1203 3215 1378 3282 exoessisse
1391 3233 1474 3301 rope·

313 3331 413 3412 rietis,
437 3327 610 3415 apostoliea
632 3329 817 3394 auctoritate
839 3329 930 3396 iuxta
944 3349 1078 3397 canones
1094 3337 1127 3397 et
1140 3331 1287 3398 instituta
1300 3336 1476 3399 sanatorum

314 3449 441 3532 patrum
469 3443 540 3511 illos
563 3445 719 3529 corrigere
742 3451 774 3512 et
797 3445 836 3511 ad
860 3446 943 3512 viam
965 3447 1108 3514 veniatis
1129 3446 1279 3514 redueere
1301 3467 1366 3514 non
1389 3446 1476 3513 omit

314 3559 399 3627 tatis.
436 3557 598 3646 Synodum
621 3561 717 3628 etiam
739 3561 829 3628 vobis
852 3561 1007 3648 provisori
1022 3563 1264 3651 metropolitano
1279 3561 1477 3647 Mogontinae

316 3676 399 3744 sedis
425 3677 631 3761 constituere,
661 3675 716 3743 ubi
737 3675 876 3762 placeat,
906 3678 1105 3746 oenoedimus
1128 3679 1270 3766 partibus
1294 3677 1477 3746 Germaniae

316 3791 498 3878 Galliaeque
520 3793 589 3858 sine
612 3792 743 3859 alieuius
765 3794 1012 3861 mntradiotione
1026 3814 1189 3882 personae.
1259 3795 1294 3862 Si
1309 3795 1380 3882 quis
1395 3814 1475 3878 vero,

316 3908 399 3995 quod
422 3907 514 3994 absit,
537 3907 625 3974 vobis
648 3908 765 3975 vicario
788 3910 951 3997 apostolici
966 3910 1043 3978 velit
1058 3911 1161 3997 aliquo
1177 3912 1401 3997 contradioere,
1424 3931 1476 3977 vos

315 4025 520 4114 apostolicam
548 4023 654 4090 sedem
676 4023 881 4112 appellando,
911 4027 1004 4112 seint,
1033 4029 1096 4094 nisi
1119 4035 1192 4096 ante
1214 4049 1272 4096 nos
1294 4029 1476 4096 terminetur

314 4149 456 4229 tempore
478 4161 498 4207 a
519 4141 607 4208 vobis
630 4142 810 4227 constituto,
833 4141 921 4210 illum
944 4144 1115 4231 apostoliea
1129 4144 1345 4214 benedictione
1360 4141 1475 4233 privari

315 4265 348 4326 et
369 4257 577 4326 anathematis
599 4258 724 4326 vineulo
747 4259 882 4343 religari.

386 4391 411 4444 l.
434 4389 460 4446 Π
477 4389 637 4446 942-946.
826 4414 847 4450 ι.
868 4405 892 4448 et
906 4401 1022 4463 Stephano
1037 4403 1150 4450 matu
1165 4404 1260 4454 eidam
