3176 4846
318 271 384 338 620
520 289 600 336 vrrs
623 288 777 336 snaouur
800 287 1060 337 saornnrreoorr
1082 287 1277 338 aroeuurmr

150 439 308 495 11634160
317 451 375 497 sna
396 430 443 496 sio
463 431 560 498 fuerit
581 436 756 517 ooopertus.
839 430 951 498 Vestes
974 437 1079 497 autem
1101 431 1211 518 ipsius,
1238 451 1302 516 qne
1321 427 1479 516 poutihee·

316 546 378 612 lem
405 547 561 630 fulgorem
587 547 786 633 prestabant,
816 567 856 614 ex
878 547 1108 634 pretiosissima
1129 547 1263 614 materia
1285 565 1380 633 opera
1401 545 1480 633 poli·

315 664 393 728 mito
415 669 506 730 erant
522 683 598 730 auro
613 669 773 744 contexte3
796 669 1013 730 verumtamen
1028 663 1191 730 materiam
1207 661 1378 750 superabat
1391 681 1479 748 opus.

315 777 457 845 Primum
480 799 615 864 namque
638 779 815 844 eocoineam
836 779 987 846 induebat
1003 779 1170 847 olamidem
1184 777 1480 866 splendidissimam,

316 913 386 980 qne,
409 895 547 982 speeiem
570 893 800 962 omnimodam·
816 895 995 980 equalitatis
1013 895 1142 980 habens,
1166 915 1224 962 neo
1237 895 1320 960 iufra
1335 895 1401 962 eius
1417 901 1482 961 sta·

315 1017 418 1078 turam
442 1018 590 1095 angusta,
620 1029 677 1078 neo
699 1017 790 1077 extra
812 1011 981 1094 excedens,
1009 1012 1132 1078 decenti
1155 1010 1314 1096 parilitate
1335 1030 1482 1078 mensure

315 1127 349 1192 in
370 1127 440 1212 ipso
463 1127 516 1194 ee'
538 1131 637 1193 totam
660 1127 819 1213 pandebat
840 1127 992 1212 aqualem.
1082 1127 1203 1194 Deinde
1226 1127 1483 1213 superhumerale

315 1242 401 1310 nuda
422 1242 496 1309 oolli
516 1243 652 1326 tegebat,
679 1242 901 1328 probatissimo
925 1262 1001 1309 auro
1024 1262 1119 1328 opere
1139 1242 1245 1309 fabrili
1267 1244 1317 1309 in·
1339 1245 1483 1328 margine

315 1364 417 1424 totum
445 1364 636 1425 contextum.
728 1357 835 1425 Tertio
859 1358 1013 1425 adieitur‘¹
1035 1365 1068 1425 et
1093 1359 1192 1440 linea3
1222 1361 1339 1446 quein
1361 1361 1482 1428 omens

316 1475 397 1541 oris·
419 1495 518 1558 usque
548 1475 588 1540 ad
615 1475 825 1560 protensionis
855 1494 910 1540 sue
933 1475 1089 1561 quaslibet
1109 1473 1265 1560 fimbrias,
1293 1496 1351 1562 per
1373 1496 1482 1543 omnes

316 1589 491 1658 humerulos
514 1591 657 1674 regiones
679 1589 866 1676 lateraque'‚
894 1591 934 1658 ab
955 1591 1020 1658 imo
1043 1595 1076 1658 et
1097 1611 1232 1676 sursum,
1255 1592 1295 1658 de
1317 1591 1429 1658 dextra
1446 1592 1482 1658 in

316 1707 486 1790 sinistram,
515 1707 595 1772 miro
619 1727 713 1793 opera
735 1707 769 1772 in
793 1727 923 1774 aureum
945 1727 1058 1794 eorpus
1082 1713 1239 1791 contexta,
1262 1727 1391 1774 aureum
1414 1727 1482 1774 eer-

314 1823 460 1890 nentibus
483 1821 575 1888 offert
595 1823 740 1889 nitorem.
820 1821 887 1889 Hee
910 1843 990 1891 zona
1011 1824 1181 1890 iaainotina
1202 1821 1407 1909 concluditur,
1429 1825 1482 1891 eui

314 1938 474 2005 baltheum
503 1958 578 2005 auro
602 1945 784 2005 motorium
805 1938 1017 2021 fulgidissima
1038 1939 1143 2026 speeie
1164 1941 1347 2006 eonseritur.
1415 1940 1481 2006 De·

312 2054 386 2120 inde
415 2055 496 2121 stola
524 2055 709 2142 apponitur3
739 2056 828 2121 ouius
857 2055 1010 2139 siquidem
1039 2055 1066 2120 si
1093 2054 1314 2142 contemplaris
1335 2053 1481 2140 figuram,

313 2175 403 2236 tauta
425 2171 502 2236 artis
524 2170 641 2236 virtute
664 2191 742 2258 opus
764 2171 869 2257 ipsum
884 2169 1149 2258 deprehenderes·
1164 2171 1362 2255 instructum,
1386 2171 1481 2256 qnod,

313 2286 368 2353 nbi
396 2287 438 2352 sit
466 2307 577 2352 aurum
605 2285 660 2352 ubi
687 2291 791 2353 summ
814 2307 877 2353 non
901 2287 943 2354 sit
963 2285 1159 2372 qualiterque
1180 2286 1382 2374 implexnm',
1410 2287 1482 2354 visu

315 2402 445 2469 errantii
467 2421 531 2468 non
559 2403 627 2468 sine
650 2403 858 2469 admiratione
880 2408 911 2469 et
935 2407 1062 2489 stupore
1084 2403 1242 2470 transibis.
1313 2401 1481 2470 Eiusdem·

314 2537 375 2603 que
397 2517 519 2601 generis
542 2517 741 2604 manipulusk
759 2518 825 2585 illio
846 2523 880 2586 et
900 2537 995 2604 opere
1018 2518 1126 2585 eodem
1149 2518 1280 2605 pulohra
1301 2519 1481 2586 oonsidera·

313 2634 399 2700 tione
427 2634 631 2701 eonsooiatur.
722 2633 767 2701 Et
792 2633 908 2718 adhue,
937 2634 983 2699 ut'
1006 2639 1115 2719 peetus
1141 2632 1297 2720 pontificis
1320 2641 1482 2702 omaaters

314 2749 375 2816 Dei
403 2749 537 2816 virentis
566 2750 743 2834 muniatur,
774 2749 1023 2834 insignissimum
1055 2753 1087 2816 et
1114 2750 1355 2816 invictissimum
1378 2752 1482 2819 erneis

315 2867 451 2950 signnm,
475 2865 596 2950 lignum
618 2865 774 2950 videlieet,
797 2867 831 2932 in
854 2886 915 2951 quo
938 2865 1024 2933 salus
1045 2865 1155 2932 mnndi
1177 2867 1337 2952 pependit,
1359 2873 1484 2935 crusta·

314 2983 387 3049 rio¹¹¹
403 3001 497 3069 opere
518 2983 637 3050 lamina
659 2987 808 3067 argentea
829 2981 1015 3048 mirabiliter
1028 2982 1231 3068 inseulptum,
1255 2981 1431 3050 balsamum
1447 2991 1485 3052 ut

315 3099 542 3184 aromatizans,
573 3099 626 3166 ubi
649 3119 766 3182 magna
787 3103 967 3164 sanatorum
989 3099 1123 3184 pignora
1144 3099 1372 3184 condebantur,
1399 3101 1485 3168 eollo

314 3213 471 3302 pontifiois
495 3216 597 3282 aureis
621 3215 757 3282 saarim
773 3212 984 3301 suspenditur.
1052 3215 1140 3281 Tune
1163 3215 1342 3299 adiungitur
1364 3220 1398 3282 et
1418 3216 1485 3282 alia

315 3330 440 3415 clamis,
468 3331 701 3415 smaragdinum
723 3351 780 3418 per
803 3335 903 3397 totum
926 3336 1037 3397 tenens
1058 3330 1210 3416 virorem,
1234 3351 1294 3417 qne
1316 3332 1357 3398 ad
1379 3331 1484 3400 linee⁰

314 3469 413 3532 usque
434 3448 586 3514 laminam
609 3448 760 3534 pendens,
783 3447 923 3514 eiusdem
945 3446 1080 3512 lamine*
1095 3453 1187 3514 orasq
1202 3447 1339 3532 undique
1360 3449 1484 3532 tetigit3

314 3569 347 3630 et
366 3562 403 3630 fit
424 3565 529 3630 neseio
547 3563 680 3648 quodam
696 3563 882 3630 admiranda
897 3563 967 3630 auri
980 3562 1153 3647 viridisque
1167 3565 1321 3630 iunctura
1392 3565 1486 3632 Tune

314 3679 440 3746 additur
462 3679 625 3764 rationale,
649 3680 689 3746 ad
712 3679 849 3747 officium
870 3679 1038 3746 ministerii
1060 3679 1168 3746 iudioii
1189 3679 1363 3747 doctrinam
1379 3686 1412 3748 et
1427 3701 1486 3748 ve-

311 3797 439 3864 ritatem
467 3794 626 3879 baiulans‚
655 3797 762 3863 tuniea
783 3795 944 3880 videlieet,
973 3795 1108 3882 desuper
1128 3801 1277 3862 oontexta
1297 3815 1354 3883 per
1377 3801 1485 3864 totum

312 3933 351 3980 ex
378 3911 499 3978 lamina
525 3931 619 3978 aureo
645 3912 878 3996 contextionis,
906 3910 1046 3978 fimbrias
1069 3918 1199 3999 aspectu
1221 3913 1486 3999 oonoupiseibilee

383 4095 404 4128 a
426 4084 460 4128 sr'e
475 4083 559 4141 scripsi
569 4097 613 4140 pro
629 4081 653 4126 in
668 4080 829 4136 modum1,2.
880 4081 903 4128 b.
924 4094 949 4127 se
966 4081 1058 4128 addidi.
1110 4095 1130 4128 c.
1145 4083 1170 4128 in
1185 4083 1242 4128 inl.
1289 4081 1312 4127 d.
1332 4081 1452 4129 addicitur
1462 4085 1486 4129 1.

313 4178 333 4209 e.
354 4163 418 4208 horis
435 4163 456 4207 1.
554 4159 571 4206 l.
590 4159 706 4220 lateraque
722 4164 804 4220 scripsi
815 4179 858 4222 pro
873 4161 986 4221 latamque
1003 4161 1129 4218 1,1etaa.
1227 4173 1249 4220 g.
1269 4159 1444 4221 deprehendere
1462 4165 1486 4210 1.

311 4241 335 4289 h.
355 4242 473 4301 impletum
489 4241 511 4287 i.
578 4240 703 4286 horrente
716 4241 738 4286 2.
799 4240 958 4302 hmanipnlr'r
970 4244 991 4290 1.
1051 4242 1068 4288 l.
1090 4243 1158 4288 esth
1220 4255 1250 4288 m.
1271 4241 1382 4288 ermtario
1397 4243 1488 4301 autera·

311 4339 353 4381 pro
369 4320 560 4375 edstellinom.
622 4333 645 4366 n.
666 4317 768 4366 adenis
784 4323 806 4366 1.
871 4335 893 4367 o.
912 4321 967 4369 linei
984 4323 1005 4378 1,
1017 4323 1039 4368 2.
1096 4335 1118 4382 p.
1139 4321 1229 4369 lerninis
1245 4323 1267 4368 1.
1329 4334 1351 4382 q.
1373 4321 1446 4369 horu
1461 4323 1484 4368 1.

301 4411 332 4446 ·r.
351 4400 504 4446 eoutexeionis
521 4402 543 4456 1,
559 4399 699 4446 aonhxlonis
714 4400 736 4445 2
