3024 4864
290 241 322 292 s.
338 243 515 292 normann
536 243 581 290 un
602 242 704 290 nuum
727 241 914 290 urmronsn
937 241 968 290 so
1153 224 1216 292 199

67 385 189 452 neuma·
210 389 244 452 et
265 383 447 470 vigilantius
476 383 511 450 in
533 382 614 469 quur>b
637 381 794 468 angelicas
817 387 866 450 et·
887 381 974 450 beati
995 381 1116 450 domini
1137 377 1218 450 mci¹
1237 389 1312 476 (τῷ)

66 499 286 585 eisingillatim
310 501 498 588 protulimus
521 518 623 566 aures.
668 498 712 566 Et
733 500 824 566 iuxta
845 517 971 566 roseum
1000 499 1080 566 illud
1108 505 1139 566 et
1162 520 1218 566 an·
1237 461 1308 522 (Μ’)

64 616 181 700 relicum
202 621 347 703 optatum
370 613 561 684 desiderium
584 614 798 682 desideratum
820 613 977 682 antelatus
1001 616 1146 682 dominus
1169 621 1218 683 ter

63 733 157 800 beatus
178 734 213 799 in
236 731 409 819 apostolica
430 751 486 798 vos
510 730 550 797 ad
573 749 703 816 presens
731 730 880 814 dignatur
902 727 1141 799 informatione¹
1164 729 1217 798 fir·

62 847 162 914 nari⁴2
190 847 327 934 qualiter
353 867 417 914 non
445 847 548 914 solnm
570 846 609 913 de
633 846 830 933 scysmaticis
852 850 884 912 et
906 846 1053 914 hereticis
1076 846 1139 914 illis
1163 867 1219 914 seu

62 964 326 1030 excommnnicatis
354 968 387 1030 et
416 962 456 1031 ab
478 961 652 1029 orthodoxe
674 959 749 1044 fidei
771 960 881 1046 regula
903 961 1048 1047 nequiter
1070 963 1219 1030 aberran-

60 1079 147 1146 tibus·
168 1081 340 1164 censeatis,
370 1084 406 1146 ut
428 1079 589 1162 convenit,
621 1099 731 1146 vemm
754 1079 849 1144 etiam
873 1075 1065 1146 Francorum
1090 1083 1122 1146 et
1145 1076 1220 1145 Gal·
1357 1108 1360 1115 ·

59 1194 160 1264 burum
180 1201 293 1281 gentes
315 1193 388 1264 fidei
411 1195 573 1262 tramitem
595 1194 688 1277 solite
712 1193 938 1282 amplectentes
961 1193 1134 1262 exuberent
1152 1195 1219 1262 eni·

59 1315 157 1396 tontes,
183 1318 218 1380 et
239 1316 344 1379 vestm
367 1315 476 1378 sancto
499 1310 558 1377 sub
581 1315 724 1398 tempore
745 1328 810 1377 non
832 1313 957 1376 tantum
980 1308 1140 1378 occiduas¹
1163 1311 1219 1378 sed

58 1445 290 1512 usquequaque
312 1425 444 1494 floreant
466 1425 621 1493 nationes.
702 1423 863 1512 Scriptum
886 1444 1023 1511 namque
1041 1430 1105 1493 est:
1128 1427 1216 1493 Mal-

58 1556 113 1608 tan
142 1544 227 1610 colet
253 1545 431 1631 deprecatio
461 1545 539 1610 iusti
565 1536 731 1608 amicost
777 1539 821 1607 Et
846 1539 950 1608 David
980 1539 1112 1608 similia:
1141 1542 1220 1608 Nea·

58 1659 169 1745 Moyses
198 1662 331 1726 atrtmad
358 1663 393 1724 in
422 1670 586 1746 coaopactu
608 1657 690 1738 Det,
723 1670 757 1724 at
784 1669 934 1724 commui
956 1661 1040 1722 irum
1066 1660 1148 1740 eius,
1178 1680 1218 1724 rte

57 1776 239 1861 dipoderot
260 1771 338 1842 σοι’.

130 1890 194 1958 Nos
220 1890 349 1973 etenim,
370 1888 512 1976 priscum
535 1887 712 1954 sodalitatis
734 1888 907 1956 retinentes
931 1906 1081 1972 amorem,
1106 1905 1216 1974 quam·

56 2006 95 2072 ris
114 2007 222 2074 ranae
243 2006 298 2072 in·
320 2009 470 2089 utrosque
491 2002 635 2070 natones
651 2008 683 2068 et
698 2005 802 2072 maria
816 2003 969 2088 dividant,
993 2008 1101 2070 tanim
1116 2003 1215 2091 sarip-

57 2127 113 2189 inm
132 2128 195 2190 aa:
229 2123 324 2209 Aque
344 2122 462 2188 multoe
483 2142 548 2186 nors
565 2132 739 2207 potuerant
761 2125 940 2207 ratinpaere
963 2123 1136 2201 coriatus,
1160 2143 1216 2186 aso

50 2242 171 2320 flumbo
194 2239 329 2305 otmunt
356 2230 474 2304 illuni
519 2233 754 2302 Benedictionis
782 2237 898 2302 etenim
926 2235 1147 2304 munusculum
1175 2235 1215 2304 ob

56 2353 269 2422 mandationis
292 2353 394 2420 nostri
413 2351 615 2419 memoriam:
639 2350 889 2436 cinnamomum,
913 2357 1046 2438 costum,
1069 2353 1162 2440 piper
1184 2359 1216 2424 et

56 2469 202 2538 incensum
234 2469 355 2556 pariter
382 2467 556 2536 direximus
584 2466 794 2552 obsignatum.
841 2465 932 2546 Quod
959 2469 1128 2536 minimum
1150 2475 1215 2536 ete-

56 2585 125 2652 nim*
151 2591 188 2652 ut
218 2603 278 2672 pro
305 2603 420 2668 magno
449 2583 594 2670 excipere
622 2581 778 2666 debeatis,
813 2581 977 2670 inpensius
1006 2585 1213 2671 postulamus.

57 2697 199 2789 Scriptum
226 2719 364 2784 namque
387 2703 449 2766 ast:
477 2699 587 2766 Omna
608 2699 715 2786 pluria
735 2701 901 2784 eiusflb'oc
914 2722 1024 2786 repam
1038 2701 1077 2768 ub
1093 2697 1214 2780 ioao⁰3

56 2823 93 2882 a:
115 2819 211 2884 Omni
234 2817 363 2884 Ιιαόωιιί
383 2809 536 2882 amtor.
575 2813 665 2899 Quia,
689 2814 830 2900 quisquis
854 2815 1020 2882 commum
1041 2816 1214 2902 perfectum

55 2929 144 3017 babet,
167 2935 267 3000 etiam
291 2936 405 3000 cuncta
425 2930 518 3015 dona,
543 2935 652 2998 cando
676 2928 797 3017 Spiritu
819 2930 1031 3016 ministrante,
1055 2952 1213 3019 promere-

56 3051 97 3114 tur
124 3050 279 3136 accipere.
371 3045 577 3133 Omnipotens
611 3047 729 3112 etenim
762 3066 867 3112 raum
902 3045 1007 3132 cpiiex
1037 3051 1069 3114 et
1096 3047 1213 3114 arbiter

55 3160 141 3246 Deus3
165 3165 222 3250 qni
246 3167 352 3230 vestro
375 3166 484 3228 sancto
509 3161 566 3228 sub
589 3168 732 3248 tempore
755 3160 900 3230 occidam
923 3165 956 3228 et
970 3161 1212 3250 circumquaque

56 3279 173 3364 populos
195 3281 429 3347 commorantes
454 3277 493 3344 ad
509 3282 631 3345 vestrae
646 3277 758 3344 beatae
774 3277 1017 3364 praedicationis
1032 3279 1212 3346 facundiam

55 3392 249 3462 numanus
279 3398 311 3460 et
338 3392 529 3480 apostolicae
551 3397 680 3459 eunome
701 3393 786 3462 sedis
807 3391 883 3478 tuci
905 3391 1018 3460 florere
1039 3394 1136 3462 iaciat
1156 3413 1211 3480 pe-

56 3511 188 3596 ramiter,
212 3515 252 3576 ut
274 3513 429 3597 optamus.

8 3675 9 3730 b
112 3729 133 3761 ι.
152 3735 182 3762 ιι
198 3715 323 3763 ἱησιηὶωῖ
392 3713 416 3760 b.
436 3715 471 3760 sic
487 3711 527 3770 (cru
543 3710 659 3772 intimi)
725 3725 746 3760 t.
766 3731 795 3760 an
812 3712 857 3760 td?
927 3712 950 3760 d.
967 3729 1023 3759 corr.
1040 3715 1063 3759 iu
1078 3713 1168 3760 firmare
1186 3717 1211 3762 C.

57 3793 239 3842 autumnum
257 3797 283 3842 C.
361 3792 376 3840 i.
397 3810 454 3840 corr.
470 3795 493 3839 in
514 3791 621 3840 occiduus
640 3795 665 3840 C.
744 3805 765 3850 ς.
787 3809 843 3840 corr.
860 3795 882 3840 ἐκ
902 3792 962 3840 nter
979 3795 1006 3842 C.
1082 3791 1107 3841 h.
1128 3794 1212 3842 stanin

57 3869 134 3919 Hm
149 3885 182 3922 cat
197 3878 221 3921 ix
238 3877 265 3922 C.

114 3980 136 4033 1.
158 3977 306 4034 Zachariae
324 3991 421 4047 papae.
529 3978 555 4031 2.
578 3989 621 4045 ep.
639 3976 674 4030 66
693 3989 776 4045 supra
792 3991 820 4044 p.
835 3975 894 4030 184.
1003 3977 1028 4032 3.
1048 3975 1103 4032 Iao.
1122 3977 1148 4045 5,
1169 3977 1210 4032 16.

57 4060 134 4120 ara
148 4067 208 4136 105,
221 4067 264 4122 23.
336 4066 363 4122 t.
386 4065 465 4121 Cant.
477 4066 504 4133 8,
517 4065 542 4119 7.
614 4064 822 4135 eratali.
895 4065 919 4120 7.
939 4063 1034 4120 Matri.
1047 4065 1091 4135 aa,
1104 4065 1147 4120 29.
