3164 4842
265 255 331 322 488
566 271 613 318 ux
635 269 790 318 cranous
812 269 892 316 vrrs
915 270 941 316 e.
960 269 1133 316 aonmsrn

266 414 354 482 dium
382 412 597 480 oboeoationos
626 410 885 498 inlustrarentur,
920 409 1117 499 protulisset,
1146 411 1229 477 inter
1255 407 1434 476 huiusmodi

265 529 386 596 lumina
415 532 559 596 sunctum
587 548 710 614 quoque
731 528 943 612 Bonifacinm,
973 527 1058 595 velut
1084 527 1249 594 luciferum
1278 525 1434 611 quendam

266 647 398 714 caeteris
422 644 585 732 syderibus
608 643 783 730 clariorem,
806 645 879 711 hnic
893 643 1011 711 mundo
1027 643 1118 710 edere
1133 642 1257 710 meruit
1292 641 1363 726 Qui,
1385 641 1434 706 ni·

266 764 383 830 mirum
405 782 522 846 magna
543 765 712 847 parentum
735 760 944 828 sollicitudine
965 759 1104 827 nutritus
1127 808 1223 826 .....

458 875 660 964 Apostolicus
689 897 778 962 vero,
808 877 944 964 acceptis
973 875 1124 963 lectisque
1150 875 1266 942 litteris
1295 880 1328 941 et
1349 893 1435 942 oom-

265 1001 356 1082 perto
379 998 487 1060 sancto
512 993 572 1058 viri
594 992 760 1076 desiderio,
784 993 927 1060 sedulum
943 977 1090 1080 deinceps
1106 1011 1179 1058 cnm
1193 1011 1230 1057 eo
1244 989 1435 1076 colloquium

264 1109 384 1194 habuit
407 1113 648 1194 reverenterque
671 1129 743 1176 eum
766 1109 811 1175 ibi
835 1114 1081 1188 commorantem
1103 1109 1252 1192 retinens,
1276 1128 1334 1194 pro
1358 1125 1434 1192 qna·

264 1225 470 1310 libuscunqne
486 1231 667 1292 sanctorum
683 1225 824 1310 reliquiis
839 1224 1030 1312 postulabat,
1053 1223 1099 1291 illi
1117 1223 1257 1290 tradidit.
1291 1223 1343 1289 Ad
1359 1223 1436 1290 haec

265 1343 360 1408 otiam
385 1342 584 1409 committens
609 1341 639 1408 ei
660 1341 694 1407 in
717 1342 837 1409 cunctis
855 1339 1043 1408 Germaniae
1064 1339 1190 1428 populis
1213 1359 1321 1406 curam
1343 1359 1435 1426 prae·

177 1467 229 1552 tte
265 1457 407 1542 dicandi,
436 1456 568 1524 tradidit
590 1456 767 1544 epistolam,
790 1459 878 1524 ouius
902 1457 1063 1544 exemplar
1085 1455 1149 1524 tale
1170 1456 1355 1524 invenitur·.

158 1540 324 1640 ¹¹⁸1'¹⁵His
346 1572 444 1657 igitur
466 1571 581 1640 litteris
605 1574 740 1661 acceptis
764 1594 783 1639 a
805 1572 976 1640 venerabili
998 1593 1093 1661 papa,
1116 1572 1274 1660 proiectus
1297 1577 1346 1638 est
1361 1571 1436 1638 inde

265 1689 306 1756 ad
327 1687 606 1774 Langobardorum
629 1710 736 1773 regem
758 1687 990 1777 Liutprandum

171 1813 224 1868 722
353 1804 550 1872 Adveniente
573 1825 647 1890 ergo
671 1805 879 1872 ordinationis
902 1806 969 1872 eius
991 1804 1051 1889 die,
1076 1825 1156 1890 quae
1171 1809 1240 1872 erat
1253 1805 1357 1891 pridie
1371 1803 1436 1872 Ka-

151 1886 248 1934 N⁰''⁸⁰
264 1919 429 1987 lendarnm
451 1920 690 2007 Decembrium,
720 1922 781 1988 hoo
809 1927 858 1990 est
883 1921 918 1988 in
943 1921 1043 1988 natali
1066 1922 1167 1988 sancti
1188 1922 1336 1990 Andreae
1359 1943 1436 2010 apo-

265 2035 353 2120 stoli,
384 2037 537 2124 imposuit
564 2038 594 2106 ei
622 2039 811 2106 venerabilis
838 2059 923 2125 papa
951 2044 984 2104 et
1011 2038 1209 2126 episcopatus
1238 2039 1380 2106 ordinem
1404 2043 1437 2106 et

265 2153 395 2220 alterius
422 2154 573 2239 nominis,
603 2154 686 2240 quod
716 2160 765 2222 est
785 2154 981 2239 Bonilaoius,
1013 2155 1214 2239 dignitatem
1245 2175 1320 2222 nam
1342 2159 1437 2222 antea

265 2267 403 2336 Winirid
426 2270 596 2337 dicebatur.
631 2269 764 2354 Deinde,
787 2277 824 2336 ut
846 2290 918 2337 eum
935 2271 976 2337 ad
991 2271 1220 2338 oboedientiam
1236 2271 1296 2338 sibi
1313 2290 1436 2338 moces·
1559 2259 1560 2262 ¹

265 2384 451 2469 acribusque
473 2387 537 2452 suis
562 2384 769 2452 exhibendam
793 2406 852 2453 nec
874 2406 937 2452 non
960 2386 1000 2452 ad
1019 2407 1143 2454 ornnem
1159 2407 1267 2454 sacrae
1280 2384 1355 2452 fidei
1370 2391 1435 2452 tra-

265 2501 416 2568 ditionem
439 2499 668 2568 observandam
692 2502 790 2568 artius
814 2503 1050 2588 constringeret
1074 2503 1180 2588 exegit
1202 2508 1235 2570 et
1256 2503 1378 2589 accepit
1395 2502 1435 2568 ab

266 2637 302 2683 eo
324 2617 547 2702 iuramentum,
572 2618 655 2704 quod
678 2617 798 2685 sedicet
818 2619 852 2684 in
875 2619 1013 2704 antiquis
1029 2619 1262 2706 exemplaribus
1277 2618 1436 2686 inuenitur

179 2745 180 2748 ’
264 2733 311 2802 ita
333 2731 513 2821 scriptnml.

353 2847 525 2936 Postquam
559 2849 656 2934 igitur
689 2849 868 2918 huiusmodi
900 2851 1143 2938 promissionem
1170 2850 1302 2918 iurando
1331 2871 1437 2918 coram

266 2965 417 3050 Gregorio
448 2986 533 3053 papa
560 2965 697 3052 peregit,
727 2971 802 3033 tuno
825 2972 857 3032 et
877 2968 947 3052 ipsa
970 2987 1041 3034 eum
1063 2967 1097 3033 in
1120 2966 1265 3035 omnibns
1288 2967 1436 3035 adiuvare

266 3083 426 3169 praeferre
450 3088 483 3149 ct
497 3082 643 3149 venerari
659 3082 789 3149 studuit.
824 3081 906 3148 Nam
920 3083 1073 3168 libellum,
1096 3082 1130 3148 in
1146 3101 1207 3170 qno
1223 3084 1436 3150 sacratissima

266 3197 516 3266 aecclesiasticae
542 3199 751 3266 institutionis
779 3201 851 3266 iura
876 3197 1107 3286 pontificalibus
1131 3199 1255 3285 digesta
1275 3199 1436 3267 conventi-

265 3315 323 3381 bus
353 3313 565 3399 habebantur,
594 3315 624 3380 ei
652 3315 795 3399 donauit3
828 3315 1041 3403 praecipiens,
1070 3322 1106 3382 ut
1127 3321 1193 3396 tom
1216 3316 1319 3382 clarus
1342 3336 1436 3402 quarn

265 3431 382 3497 caetui
404 3429 531 3517 populi,
556 3451 611 3496 suo
635 3431 782 3514 regimini
805 3431 993 3517 subiciendi,
1016 3432 1170 3498 institutis
1193 3431 1309 3498 talibus
1333 3432 1437 3500 erudi-

265 3552 384 3613 rentur.
420 3545 483 3612 Sed
505 3552 537 3612 et
559 3547 807 3614 familiaritatem
831 3548 914 3615 sedis
939 3547 1129 3635 apostolicae
1152 3548 1213 3615 sibi
1230 3548 1437 3635 omnibusque

266 3660 326 3728 sibi
350 3661 499 3730 subiectis
515 3662 698 3748 perenniter
712 3664 935 3731 reservandam
950 3664 1115 3751 privilegio
1131 3663 1338 3732 confirmavit
1370 3665 1437 3732 Sic-

267 3799 327 3864 que
356 3798 428 3844 eum
454 3777 569 3846 litteris
599 3780 793 3846 bansmissis
821 3801 886 3848 non
913 3779 1014 3847 solum
1042 3779 1158 3848 Karolo
1188 3780 1260 3848 duci
1289 3781 1437 3866 glorioso,

267 3894 322 3979 qui
342 3914 400 3980 per
421 3894 506 3960 idem
529 3900 654 3981 tempus
670 3894 863 3964 Francorum
885 3917 1017 3982 regnum
1039 3897 1245 3982 gubernabat,
1268 3898 1437 3966 sedetiam

266 4010 422 4078 universis
451 4009 690 4078 aecclesiasticis
719 4012 796 4078 viris
824 4014 1080 4101 principibusque
1108 4017 1141 4081 in
1166 4013 1337 4082 Germania
1363 4035 1438 4083 oon·

267 4127 386 4193 stitutis
415 4127 620 4193 muniendum
644 4129 885 4196 commendavit.
919 4129 1112 4198 Litterarum
1135 4137 1240 4199 anum
1262 4137 1338 4199 tuno
1360 4133 1437 4200 mis-

338 4317 359 4350 a.
385 4307 482 4365 aequitio
503 4307 621 4388 S..Boaif.
643 4323 677 4365 cp.
689 4307 719 4352 12
740 4323 810 4366 supra
828 4308 902 4367 ruffi.
990 4309 1013 4356 b.
1039 4311 1138 4372 requim
1158 4312 1273 4368 Bonifatii
1291 4313 1436 4358 mrum

266 4397 336 4442 sopra
349 4399 374 4442 p.
386 4383 424 4429 76.
