3090 4848
295 287 323 334 a.
340 285 515 336 monrium
536 289 581 335 nr
603 289 706 340 nuum
727 289 914 337 nrmnonnn
943 289 979 336 re.
998 289 1027 334 no
1203 273 1246 338 te

73 427 264 513 imperatore
286 447 369 494 anno
392 429 546 516 septimo,
568 429 880 516 postconsulatum·
903 429 970 497 eius
994 447 1076 496 onno
1097 431 1244 517 septimo,
1261 435 1331 556 Dim

73 541 126 608 sed
148 547 181 609 et
203 541 412 612 Gommnuno
433 543 567 628 magnol
589 545 798 632 imperatore·
821 547 888 614 eius
914 544 980 612 lilio
1009 565 1092 613 anno
1121 549 1244 632 quarto,
1284 509 1343 556 ω’]

72 658 242 726 indictione
266 655 383 726 sertui

76 868 133 940 19.
160 869 337 960 drepente
359 873 402 939 ΙΙ
420 874 618 961 pupeclare
642 875 750 941 ordini
772 887 801 942 et
817 875 908 962 plebi
928 875 1147 960 Bonifatium,
1177 877 1245 961 cpi·

156 992 352 1076 scopulosis
371 990 579 1076 praesectum,
604 985 844 1058 conmudandi
952 989 1080 1074 (8124,
1105 987 1174 1058 WG
1192 989 1244 1070 10)

157 1119 332 1206 Gregorius
360 1123 525 1210 episcopus
554 1143 663 1190 servus
692 1143 854 1191 servorum
877 1123 938 1192 Dei
967 1123 1050 1190 clero
1081 1122 1184 1190 ordini
1214 1127 1246 1190 et
1278 1122 1331 1176 ‘122

72 1235 154 1323 plebi
177 1237 392 1323 consistenti,
415 1228 627 1306 dilectissimis
649 1237 723 1305 filiis
745 1239 780 1304 in
802 1239 955 1324 Domino,
979 1240 1125 1306 sulutem.

1261 1194 1317 1242 Dae.
1332 1197 1345 1241 1
1387 1221 1394 1230 ·

155 1352 381 1421 Probabilibue
414 1354 577 1422 desideriis
606 1354 685 1422 nihil
714 1355 878 1422 attulimus
906 1356 1083 1438 tarditatis,
1113 1355 1244 1422 tratrem

69 1469 130 1534 iam
166 1473 200 1536 et
234 1471 456 1556 coepiscopum
489 1476 633 1537 nostrum
665 1468 873 1538 Bonifatium¹
906 1473 995 1538 robis
1030 1469 1245 1538 ordinavimus

68 1583 276 1651 sacerdotem.
312 1584 371 1652 Oui
393 1585 536 1653 dedimus
556 1586 590 1652 in
605 1585 778 1653 mandatis:
802 1586 849 1653 Ne
864 1607 1014 1674 nmquam
1030 1586 1245 1653 ordinationes

68 1707 253 1787 praesumat
274 1700 423 1768 inlicitas.
469 1701 517 1770 Ne
544 1701 721 1786 bigamum,
754 1707 809 1769 aut
838 1704 892 1787 qui
921 1704 1075 1787 virginem
1104 1722 1167 1768 non
1197 1706 1247 1770 est

68 1819 197 1884 sortitus
229 1837 377 1902 uxorem,
407 1837 510 1903 neque
536 1818 764 1905 inlitteratum,
794 1819 845 1886 vel
872 1821 905 1887 in
934 1818 1074 1906 quelibet
1103 1819 1244 1904 corporis

1 1945 2 1948 ’
66 1937 155 2018 parte
184 1933 352 2018 vitiatum,
382 1938 437 2001 out
464 1953 504 2001 ox
527 1933 716 2021 penitentess,
740 1935 790 2003 vel
813 1920 919 2004 curiae
942 1940 997 2002 aut
1018 1935 1148 2002 cuilibet
1170 1954 1246 2002 eon·

67 2047 184 2114 dicioni
207 2049 383 2116 obnoxium
404 2054 611 2135 notatumque
639 2050 680 2117 ud
709 2071 816 2118 sacros
845 2052 971 2118 ordines
998 2053 1165 2139 permittet
1194 2069 1246 2118 ac·

1 2175 2 2200 ³
66 2164 192 2246 oedere3
232 2163 305 2250 sed,
336 2165 364 2231 si
392 2185 470 2250 quos
499 2165 679 2233 huiusmodi
706 2166 788 2234 iente
815 2167 1009 2255 reppererit,
1037 2185 1101 2234 non
1132 2166 1247 2234 audeat

1 2331 2 2378 ἒ
66 2299 267 2366 promouere.
300 2279 408 2366 Afros,
430 2281 550 2369 passim
575 2282 615 2349 ud
632 2282 878 2350 aecclesiasticos
894 2283 1020 2350 ordines
1035 2283 1246 2372 praetenden-

1 2389 2 2480 ᾗ
65 2396 141 2480 tes',
166 2395 261 2462 nullu
282 2397 406 2463 ratione
428 2397 595 2484 suseipiat3
620 2399 695 2484 quia
717 2399 814 2485 aliqui
838 2418 946 2467 eorum
969 2397 1125 2466 Manichei
1148 2398 1247 2484 aliqui

67 2511 264 2600 rebaptizati
297 2512 424 2600 saepius
460 2519 533 2580 sunt
567 2514 702 2600 probati.
755 2513 933 2582 Ministeriu
963 2520 1058 2600 atque
1087 2513 1246 2583 ornatum'

1 2695 2 2720 ξ
67 2628 257 2713 eecclesiae,
284 2628 337 2695 rel
366 2629 516 2715 quiequid
544 2629 623 2697 illud
646 2631 748 2698 estin
777 2632 969 2719 patrimonio
998 2631 1154 2715 eiusdem,
1182 2649 1245 2697 non

1 2799 2 2824 1
67 2745 212 2811 minuere
242 2743 370 2812 studeat
397 2743 454 2811 sed
477 2765 601 2830 augere.
646 2746 696 2813 De
718 2747 824 2814 reditu
845 2767 920 2814 rere
945 2746 1094 2815 ecclesiae
1115 2747 1168 2814 rel
1191 2747 1246 2814 ob-

66 2858 187 2927 latione
216 2859 359 2928 fidelium
388 2865 538 2946 quattuor
564 2863 660 2930 faciat
688 2864 867 2950 portiones;
897 2883 1029 2949 quarum
1059 2883 1156 2931 unam
1185 2861 1246 2930 sibi

1 3009 2 3014 κ
66 2975 134 3062 ipse
157 2975 329 3061 retincat&
353 2977 486 3044 alteram
508 2976 630 3045 clericis
653 2998 711 3065 pru
735 2977 909 3046 officiorum
932 2999 1061 3046 suorum
1079 2979 1247 3046 sedulitate

1 3101 2 3110 ’
66 3091 257 3177 distribuat,
284 3093 414 3160 tertiam
437 3093 629 3180 pauperibus
653 3100 686 3161 et
707 3095 882 3182 pereginis,
912 3101 1056 3182 quartum
1080 3095 1247 3162 aecclesie·

64 3211 155 3277 dicis
178 3208 312 3276 fabricis
332 3210 458 3277 neverit
479 3209 699 3278 reservandam
707 3211 723 3295 ¹,
746 3211 785 3278 de
808 3210 922 3297 quibus
940 3211 1047 3278 divino
1067 3213 1128 3278 erit
1142 3211 1246 3280 reddi·

1 3345 2 3360 ¹
64 3332 157 3392 turus
190 3324 308 3392 indicio
340 3326 506 3394 rationem.
560 3327 781 3394 Ordinationes
809 3347 885 3394 vero
913 3327 1161 3415 presbiterorum
1190 3347 1246 3394 seu

63 3441 278 3510 &concrum
299 3461 365 3508 non
379 3441 465 3508 nisi·
481 3444 586 3529 quarti
601 3444 728 3531 septimi
743 3448 776 3511 et
789 3442 903 3510 decimi
918 3445 1093 3511 mensium¹¹
1108 3443 1245 3528 ieiuniis,

137 3607 161 3640 ι.
178 3595 248 3653 peter
264 3597 298 3649 tt,
314 3593 404 3652 imperii
420 3595 558 3643 hlumec.
582 3593 893 3654 Scripsiposteonsnlctnm.
920 3596 948 3641 V.
956 3611 1026 3655 cupra
1033 3611 1058 3654 p.
1067 3595 1104 3642 17.
1162 3595 1185 3642 b.
1201 3593 1247 3642 moi

64 3677 103 3729 1,
120 3691 185 3721 eoo-r.
201 3675 225 3720 i·
241 3669 293 3733 ma&
310 3677 336 3722 C·
414 3685 434 3721 t·
454 3673 503 3734 imp
518 3677 574 3724 Mc.
652 3674 674 3722 d.
695 3693 724 3722 os
741 3675 859 3731 nto—8,
877 3676 997 3723 (Ii-2⁹·
1021 3675 1073 3724 Stoa
1089 3677 1193 3722 humus«
1204 3679 1246 3734 Me

62 3753 119 3801 lien
136 3753 248 3800 eimdem
265 3752 368 3812 Gregord
385 3757 411 3802 C.
497 3768 517 3800 e.
540 3771 584 3802 oen
604 3758 703 3816 sequitur
724 3757 810 3800 lucumu
826 3757 849 3800 in
865 3755 934 3802 codd.
1019 3753 1035 3800 i.
1057 3753 1194 3802 Bonifatium
1210 3758 1246 3814 M,

62 3833 213 3881 emmim
227 3836 255 3880 C·
318 3845 339 3892 g,
356 3835 395 3880 ont
411 3833 592 3894 expoenitentem
607 3833 655 3880 to.
669 3835 742 3880 diurn.
756 3831 795 3880 l.l.
857 3833 881 3880 h.
897 3833 1047 3893 procedentes
1060 3834 1111 3882 tic.
1120 3836 1193 3881 diram.
1206 3834 1222 3881 1.
1230 3833 1247 3882 1.

62 3915 79 3960 i.
98 3915 243 3962 emmanu
258 3913 309 3960 ne.
326 3914 400 3960 dium.
416 3913 459 3960 l.l.
536 3913 559 3960 t.
580 3916 685 3962 mtsnuut
701 3917 740 3972 tt,
760 3929 817 3960 eon.
834 3915 857 3960 in
873 3913 971 3960 retineat
987 3915 1013 3961 C.
1092 3912 1108 3959 l.
1128 3926 1246 3960 reserven-

61 3993 117 4042 ἐπ
131 3999 170 4050 11,
190 4011 250 4040 em.
266 3996 289 4040 in
305 3993 465 4040 resonandum
475 3997 502 4041 C.
562 4007 593 4040 m.
609 3994 654 4041 nisi
666 3994 734 4054 primi
747 3993 822 4053 quurti
835 3993 927 4054 septimi
940 3995 964 4041 at
976 3993 1058 4040 decimi
1066 3992 1247 4041 metenti.

61 4088 84 4121 ι.
104 4087 219 4122 neum
235 4076 272 4120 nt.

134 4164 162 4216 1.
189 4173 265 4214 anno
283 4158 344 4214 ἴῃ.
372 4159 407 4214 V.
427 4173 510 4229 supra
534 4175 559 4229 p.
573 4161 617 4214 21.
725 4161 751 4213 2.
775 4158 870 4214 Omnis
895 4159 963 4214 haee
986 4157 1114 4228 epistola,
1138 4161 1248 4228 praeter

62 4251 180 4305 nomina
199 4253 228 4303 et
247 4251 329 4302 nous
347 4247 487 4319 temperis,
506 4251 648 4317 assumpta
665 4252 709 4303 est
726 4263 761 4302 ex
778 4247 860 4302 Libro
876 4247 972 4303 diurno
985 4249 1168 4303 Romanorum
1180 4261 1247 4317 pon-

61 4337 171 4395 tificum
193 4337 238 4393 ed
251 4335 404 4392 (temerius
422 4351 449 4406 p.
462 4337 505 4406 72,
523 4336 571 4394 ubl
589 4335 707 4394 formula
724 4335 793 4393 haec
809 4337 942 4407 inscripta
959 4337 999 4392 sic
1016 4341 1072 4392 estc
1093 4333 1248 4408 „Synodnle

62 4430 138 4499 quod
156 4427 264 4499 accipit
280 4425 455 4497 episcopus“.
