3144 4852
237 331 240 336 ¹
341 325 539 419 pnmsrrsxr
561 325 763 374 onnomcox
785 323 1020 372 uoeusrmnu
1196 307 1264 372 683

94 487 152 554 per
175 487 252 553 quas
275 467 383 532 viuum
405 473 531 553 poterat
552 466 660 550 colari,
683 468 710 532 si
732 487 860 533 necesse
882 467 1008 548 fuissem
1032 471 1261 553 praeteream,

95 603 175 670 quae
203 583 358 650 attinebat
384 583 474 649 calici
498 603 609 667 aureo,
639 583 769 649 ethaeo
792 603 887 649 aurea
909 588 986 648 erat.
1077 581 1145 648 Hoc
1167 603 1263 650 aureo

95 697 191 766 calice
215 700 300 765 solus
321 699 475 786 pontifex,
499 699 548 765 vel
571 697 731 785 praelatus
755 699 904 765 ecclesiae
920 699 1058 782 maioris,
1081 699 1115 765 in
1131 699 1262 765 summis

94 815 317 881 festivitatibus
346 815 502 881 utebatur.
593 814 660 880 Alii
689 814 749 879 dno
778 815 891 882 taliaes
920 817 1028 880 tentae
1051 821 1142 880 erant
1164 833 1262 899 quan·

93 930 206 1013 litatis,
230 931 312 1016 qnod
335 949 404 996 cnm
428 931 507 1017 ipsis
531 931 639 996 divina
660 931 811 1016 mysteria
832 949 1030 1015 nequaquam
1052 911 1198 1016 poterant
1212 950 1263 996 ce-

94 1045 219 1112 lebrari.
260 1046 339 1112 Erat
372 1047 456 1111 onim
491 1066 572 1112 anus
608 1045 709 1112 maior
746 1045 853 1112 altero.
896 1045 999 1111 Minor
1028 1045 1163 1112 babebat
1192 1065 1261 1112 cnm

94 1168 211 1249 patena
238 1183 361 1228 marcas
390 1163 459 1227 anri
488 1161 669 1228 electissimi
700 1162 886 1243 octodecim;
916 1163 950 1227 in
980 1162 1068 1227 cuins
1098 1161 1177 1247 pede
1206 1182 1264 1247 per

94 1279 259 1344 circuitum
287 1279 421 1364 preciosi
451 1284 542 1345 erant
568 1275 690 1364 lapides
718 1277 828 1360 valde,
859 1283 890 1342 et
918 1277 951 1342 in
974 1283 1109 1364 patenae
1132 1278 1264 1343 circuitu

93 1393 209 1460 limbus
238 1393 376 1460 eiusdem
406 1395 510 1481 operis
540 1393 713 1476 ambiebat,
742 1399 774 1459 et
795 1395 864 1479 ipse
888 1393 1013 1479 quidem
1035 1395 1169 1476 gemmis
1192 1413 1264 1480 pre-

94 1491 188 1576 ciosis
218 1529 281 1576 non
310 1509 444 1576 carebat
536 1510 627 1575 Oelix
649 1510 752 1576 maior
774 1514 850 1595 quot
872 1527 994 1574 marcas
1017 1510 1085 1574 auri
1109 1508 1263 1593 habuerit,

94 1627 214 1705 nescio;
244 1631 364 1692 certum
394 1631 497 1692 autem
522 1635 585 1708 est,
615 1626 697 1710 quod
721 1625 891 1712 spissitudo
916 1625 983 1690 eius
1006 1631 1074 1690 erat
1096 1625 1201 1710 digiti,
1232 1634 1264 1692 et

94 1763 151 1829 per
168 1747 280 1826 totum,
304 1743 418 1808 tamin
434 1741 513 1827 pede
530 1761 622 1826 qnam
640 1761 746 1827 supra,
770 1741 903 1826 gemmis
920 1745 989 1806 erat
1002 1741 1262 1826 praeciosissimis

94 1858 274 1924 adornatus.
310 1857 455 1923 Habebat
477 1857 573 1922 etiam
596 1857 680 1922 idem
704 1857 786 1922 calix
802 1856 880 1923 duas
896 1877 999 1940 ansas,
1023 1877 1103 1942 quae
1118 1863 1264 1943 poterant

93 1994 205 2040 manus
229 1973 351 2059 replere
372 1973 521 2055 levantis3
552 1973 634 2038 siout
656 1972 757 2038 solent
778 1971 894 2040 habere
917 1975 1071 2056 mortarii,
1093 1973 1127 2039 in
1151 1973 1263 2058 quibus

93 2091 239 2176 piperata
267 2096 299 2156 et
327 2089 411 2155 salsa
433 2091 672 2175 praeparantur.
707 2087 808 2154 Huius
832 2095 948 2175 patena
969 2089 1042 2156 talis
1066 2096 1135 2155 erat
1156 2089 1263 2155 latitn·

93 2205 176 2272 dinis
200 2212 231 2271 et
254 2204 478 2292 spissitudinis,
503 2204 586 2288 quod
608 2204 669 2290 ipsi
694 2203 895 2287 congruebat,
919 2211 951 2270 et
972 2206 1044 2292 ipsa
1058 2205 1190 2289 gemmis
1207 2226 1263 2291 per

93 2323 259 2388 circuitum
281 2321 438 2388 decorata.
473 2319 533 2386 llic
555 2320 637 2385 calix
660 2319 796 2386 habebat
819 2320 1018 2388 altitudinem
1041 2322 1135 2388 nnius
1158 2321 1261 2404 ulnae,

94 2442 126 2504 et
148 2457 260 2524 capere
282 2441 407 2523 poterat
430 2436 594 2502 dimidium
619 2437 783 2502 sestarium
802 2437 884 2520 rini3
908 2458 966 2504 nec
982 2438 1021 2504 ab
1037 2438 1122 2504 omni
1137 2438 1263 2504 bomine

93 2559 219 2641 poterat
240 2553 338 2620 levari
362 2573 382 2618 a
403 2559 488 2618 terra
511 2554 681 2619 commode.

182 2669 294 2735 Nullus
317 2688 367 2735 me
391 2669 424 2734 in
448 2668 506 2734 hoc
529 2669 647 2755 scripto
671 2675 798 2752 arguat,
822 2669 966 2754 obsecro,
991 2669 1147 2736 falsitatis.
1180 2669 1261 2735 Nam

94 2785 224 2854 ecclesia
246 2786 317 2872 ipsa
339 2789 370 2852 ot
391 2785 481 2852 sedes
498 2784 536 2851 ab
552 2785 697 2852 omnibns
712 2785 837 2868 regibus
854 2789 885 2851 et
899 2783 1152 2870 imperatoribus,
1176 2785 1264 2870 prin·

93 2902 225 2989 cipibus,
250 2900 425 2985 comitibus,
449 2900 629 2984 baronibus,
652 2899 776 2966 liberis·
800 2905 832 2967 et
854 2903 940 2967 omui
963 2900 1078 2987 populo
1101 2899 1282 2980 venerabi,

93 3018 132 3084 lis
156 3017 329 3085 habebatur
350 3023 480 3103 propter
503 3016 684 3102 pontificum
709 3017 925 3100 sanctitatem,
955 3017 1029 3084 cleri
1053 3017 1261 3099 devotionem,

92 3134 210 3200 civium
232 3135 392 3220 pietatem.
477 3132 536 3211 Qui
559 3134 721 3200 tamenin
744 3133 881 3217 rigorem
904 3134 1076 3220 pessimum
1100 3140 1133 3199 et
1152 3153 1261 3218 super·

92 3250 177 3317 biam
206 3251 298 3316 modo
329 3254 360 3316 et
388 3250 541 3316 duriciam
565 3255 639 3316 sunt
661 3251 819 3331 conversi;
848 3249 970 3315 minusb
993 3251 1075 3315 iuste
1098 3248 1165 3314 dixi
1188 3267 1262 3314 oon-

91 3365 192 3448 rersi,
221 3365 324 3432 aversi
347 3365 465 3431 dixisse
487 3364 666 3432 debueram.
700 3367 726 3432 0
750 3365 927 3450 blaguntia⁰
950 3365 1055 3448 ielixl,
1083 3371 1131 3431 tot
1153 3364 1261 3430 donis·

91 3482 221 3568 inclyta,
244 3483 272 3548 si
295 3487 330 3548 tn
352 3487 491 3548 mutares
513 3487 649 3565 gentem,
672 3483 804 3548 rationis
827 3502 864 3548 ac
885 3481 1029 3548 honoris¹
1051 3484 1210 3565 egentem!

182 3599 282 3681 Igitur
312 3618 400 3682 cum,
430 3597 511 3664 sicut
532 3599 596 3664 iam
620 3617 717 3683 snpra
739 3597 857 3662 dictum
881 3604 944 3680 est,
973 3598 1020 3663 sio
1040 3597 1204 3684 pontifices
1227 3617 1261 3664 se

91 3715 298 3784 haberentet
321 3713 473 3780 clericalis
498 3713 664 3800 disciplina
687 3713 804 3800 optime
827 3719 1015 3797 servaretur,
1039 3715 1085 3780 ita
1103 3719 1139 3780 ut
1154 3714 1260 3801 plebes

91 3832 194 3914 clero,
224 3832 326 3898 clerus
348 3830 500 3916 praelatis
530 3830 739 3896 obedientiam
769 3837 801 3896 et
829 3831 1039 3896 reverentiam
1063 3831 1258 3914 exhiberent,

90 3949 228 4015 invicem
250 3947 455 4028 honorantes,
485 3947 619 4012 invicem
648 3945 829 4030 diligentes,
858 3947 1057 4034 praesidente
1083 3952 1157 4012 tunc
1184 3967 1260 4032 quo-

91 4065 166 4131 dam
190 4057 343 4130 ilenrico¹
366 4062 616 4148 archiepiscopo,
639 4062 707 4130 viro
729 4062 838 4147 utique
860 4063 989 4150 pacifico
1012 4069 1044 4128 et
1066 4063 1199 4146 benigno
1223 4075 1427 4132 acilia-1153

165 4255 186 4288 a.
207 4244 250 4288 etc.
267 4241 323 4288 add.
340 4242 376 4288 ed.
469 4241 490 4287 b.
513 4240 587 4287 minus
602 4263 624 4272 -
639 4239 760 4288 debueram
781 4242 838 4288 add.
855 4243 885 4296 T,·
907 4257 950 4287 om.
965 4241 1001 4287 ed.
1095 4253 1114 4286 e.
1135 4239 1258 4296 lloguntia,

91 4323 210 4382 Mogontia
226 4326 250 4369 Y.
313 4321 336 4368 d.
357 4319 411 4368 villa
427 4321 484 4366 add.
497 4324 521 4367 Τ.
583 4335 603 4365 e.
623 4320 689 4367 bonis
705 4321 749 4375 ad,
765 4321 831 4367 donis
848 4323 872 4368 Τ.
934 4319 949 4366 i.
968 4320 1064 4366 rationis
1078 4317 1165 4366 honoro
1180 4322 1204 4366 T.

165 4428 190 4482 1.
214 4427 235 4497 1,
255 4425 324 4480 nm
333 4425 444 4480 a1153.
