3142 4848
295 273 339 339 46
512 292 538 338 s.
554 291 729 339 normann
750 291 794 338 nn
816 291 919 339 nunnr
940 289 1128 340 snrsroran
1152 289 1251 338 arur

241 445 270 492 rs
295 431 415 516 passim
439 431 523 499 orbis
545 453 603 519 per
625 433 801 517 marginem
891 432 931 498 ad
953 453 1053 518 usquo
1076 432 1155 499 caeli
1178 431 1353 512 cardinem3

296 545 420 614 Phoebe
442 567 565 634 quoque
586 547 792 632 flagrantibus
880 549 1012 615 statuam
1034 549 1139 615 iuvat·
1162 548 1338 631 ardoribus

295 667 434 748 noctem,
457 665 580 748 nigram
604 665 770 746 nubiculis‚
860 664 986 731 lucensb
1009 664 1124 731 lustrat
1147 663 1331 744 corniculis;

296 778 387 846 ambo
411 786 564 866 spargunt
587 781 761 866 spiramina
848 780 931 863 ignis
955 780 1103 846 aethralis
1125 778 1256 864 lumina,

295 914 396 979 neque
419 901 533 962 nocent
554 896 709 963 nitoribus
799 896 973 961 nemorosis
997 895 1167 982 cespitibus

242 1025 272 1070 no
295 1011 390 1092 ruris,
413 1011 508 1094 rigati
530 1011 632 1077 rivulo
721 1011 838 1078 roscidi
859 1011 941 1076 ron's
964 1010 1082 1078 sedulo.

298 1123 359 1192 Sed
381 1126 517 1192 lutosam
540 1127 715 1211 liquoribus
803 1126 949 1194 tellurem
971 1125 1203 1192 umectantibus

296 1241 447 1307 urebant⁰
472 1249 558 1308 astra
579 1243 679 1326 ignito
769 1243 919 1310 torrentis
941 1241 1026 1326 globi
1049 1242 1162 1326 iaculo,

296 1356 447 1440 gliscantd
470 1363 506 1423 ut
528 1357 640 1441 glebae
662 1359 805 1443 germina
895 1359 975 1424 dura
997 1361 1090 1442 atque
1113 1357 1295 1424 tenerrima

298 1471 369 1538 Situ
390 1474 514 1540 roscido
536 1474 651 1541 robora
740 1495 882 1560 quaeque
903 1474 1065 1540 virescunt
1087 1483 1226 1560 aspera',

242 1603 272 1650 au
297 1607 442 1654 sucorum
465 1595 592 1656 sumunt
614 1610 774 1676 saporem3
866 1591 893 1655 si
914 1588 1108 1656 verminant‘
1130 1609 1188 1676 per
1209 1607 1371 1674 vaporem.

296 1704 362 1770 lta⁸
383 1704 488 1771 Cascae
510 1725 567 1791 per
589 1705 726 1772 culmina
811 1710 917 1794 prabos·
938 1705 1121 1792 splendent¹¹
1144 1703 1342 1790 praefulgida

296 1819 433 1904 gloriosa
455 1841 513 1906 per
536 1823 662 1905 agmina
751 1821 936 1904 gemmifera
958 1823 1123 1887 ornamina

297 1935 450 2003 rutulanti
472 1938 620 2004 redimita
709 1937 827 2022 obrizo,
851 1936 945 2003 velud
966 1936 1101 2022 limpida

297 2057 384 2118 astra
406 2053 539 2119 convexi
561 2052 679 2139 Olimpi
769 2054 838 2120 orbi
861 2053 1037 2119 clarescunt
1059 2051 1162 2117 viridi.

244 2185 273 2230 sc
298 2169 489 2233 Altluetmam
510 2187 586 2233 nam
611 2167 799 2234 altissimum
890 2187 967 2234 cano
992 2173 1085 2253 atque
1108 2165 1318 2234 clarissimum

298 2281 361 2348 alto
384 2283 552 2348 nostratim
574 2284 702 2350 nomine
791 2289 1039 2369 nunccupatum,
1064 2287 1095 2351 et
1117 2283 1247 2348 numine

296 2397 483 2483 pollentem,
507 2418 565 2483 per
587 2398 736 2465 caelestia
823 2404 983 2485 potentem
1007 2417 1044 2465 ac
1065 2398 1239 2480 terrestria,

298 2514 353 2596 sic,
378 2515 423 2579 sic
445 2533 522 2580 sane
544 2513 731 2582 sublimibus
821 2515 898 2580 satis
922 2519 1069 2580 ornatum
1091 2512 1238 2596 cultibus,

297 2627 376 2695 caeli
403 2648 461 2694 ceu
482 2649 539 2715 per
562 2629 700 2697 culmina
789 2630 934 2697 candent¹
957 2628 1087 2696 exorta*
1109 2629 1252 2712 fulmina,

244 2763 274 2808 as
297 2744 377 2828 illis,
400 2743 465 2810 illis
487 2746 521 2809 in
545 2745 689 2812 omnibus
780 2746 943 2831 aequalem
966 2746 1036 2812 dico
1060 2745 1190 2812 actibus.

298 2859 384 2937 Quae
407 2858 509 2926 effari¹
532 2860 708 2927 sublimiter
797 2860 897 2928 odes*l
919 2861 1012 2926 hams
1035 2863 1200 2928 inormiter

298 2995 429 3058 surgens
451 2985 584 3062 nempen
608 2976 773 3062 prolixitas
862 2977 1118 3060 refragaturque⁰
1140 2977 1284 3043 restitas.
1369 3021 1377 3032 ·

299 3089 371 3156 Tibi
394 3090 488 3174 salus,
511 3111 570 3177 per
593 3090 699 3158 secula
788 3091 917 3177 sospiti,
941 3091 1076 3176 absque1’
1099 3092 1224 3159 macula

299 3211 427 3273 maneat
447 3205 658 3274 inmortalitcr
746 3205 808 3278 line
831 3211 923 3272 tenus
945 3205 1078 3272 feliciter
1086 3213 1106 3271 ³.

860 3410 911 3476 V'.

299 3551 392 3637 Vale,
416 3553 501 3636 vale,
523 3550 675 3618 fidissime
765 3551 866 3637 phile,
890 3551 1006 3617 christe
1029 3551 1201 3636 carissime,

301 3685 394 3750 quem
416 3667 450 3732 in
473 3667 575 3733 cordis
598 3666 740 3734 cubiculo
830 3666 920 3750 cingo
945 3667 1062 3733 amoris
1084 3667 1219 3734 vinculo.

301 3780 404 3866 Have,
428 3791 501 3849 ova·
524 3783 687 3867 altissime,
778 3781 867 3847 olim‘
890 3777 999 3848 sodes¹
1022 3783 1230 3866 sanctissime,

372 3964 393 3996 a.
413 3951 477 3997 iubat
494 3952 523 3998 V.
584 3951 607 3996 b.
626 3951 701 3996 lucem
720 3950 747 3996 V.
810 3963 829 3996 e.
850 3949 943 3995 arabunt
961 3949 989 3996 V.
1052 3949 1074 3994 d.
1096 3948 1200 4006 glcscunt
1217 3950 1245 3996 V.
1308 3952 1434 3997 atonem
1453 3953 1488 3999 V.

301 4029 318 4075 l.
332 4033 367 4076 sic
381 4034 464 4090 scripsi
475 4047 518 4090 pro
535 4031 555 4078 sl
570 4045 648 4078 verum
663 4043 716 4076 nam
734 4029 761 4075 V.
830 4041 851 4085 g.
871 4029 918 4076 lsta
936 4029 963 4076 V.
1031 4027 1054 4074 b.
1074 4028 1177 4086 pandunt
1195 4027 1222 4074 V.
1291 4029 1306 4074 l.
1328 4030 1434 4077 cendunt
1453 4033 1488 4080 V.

302 4106 326 4153 lr.
347 4111 423 4155 axorta
438 4113 522 4169 scripsi
532 4127 576 4170 pro
592 4124 633 4169 per
650 4111 700 4155 orta
717 4109 744 4155 V.
807 4107 823 4152 l.
844 4121 945 4167 quaeque
961 4107 1003 4153 lari
1017 4107 1045 4153 V.
1106 4121 1136 4152 m.
1157 4107 1225 4152 hedis
1239 4108 1266 4153 V.
1329 4123 1353 4154 n.
1374 4112 1438 4171 napa
1453 4115 1488 4160 7.

304 4201 325 4234 c.
345 4187 442 4248 refragat
462 4189 575 4262 atqnels.
638 4201 661 4248 p.
681 4187 757 4246 scapis
772 4185 800 4232 ab
816 4199 888 4245 usque
907 4187 934 4234 V.
997 4199 1019 4244 q.
1040 4186 1124 4232 additu
1140 4197 1193 4233 suar
1207 4187 1278 4233 baec.-
1297 4185 1361 4234 Finit
1377 4202 1489 4239 carmen.

303 4280 322 4312 r.
341 4266 424 4328 Incipit
439 4283 529 4317 carmen
545 4268 573 4314 sl
592 4269 618 4316 V.
681 4280 700 4312 s.
720 4266 781 4311 hona
799 4266 826 4312 V.
888 4267 905 4310 t.
926 4263 987 4312 ellim
1006 4265 1033 4312 7.

374 4375 399 4428 1.
423 4373 533 4430 sodalis
