3110 4844
266 245 334 312 344
449 279 454 285 ·
579 259 766 308 nrmuousn
788 259 1015 308 mocnurnsan
1039 257 1076 306 15.
1093 257 1122 305 1s

108 413 249 472 adl-954
333 402 435 487 Haeo,
459 402 631 470 crocitans⁶
653 421 746 485 rogo,
769 405 878 468 sancte
899 405 1007 487 pater,
1029 399 1233 468 reminiscere
1255 417 1394 486 semper:

333 519 414 598 Quid
437 519 498 603 sis,
522 517 743 604 quidudum,
768 519 892 601 quentis
915 517 1085 584 subsistere
1107 517 1229 601 saeclis,

332 635 376 702 Et
398 640 468 702 rota
489 635 634 701 fortunae
656 633 749 700 citius
774 653 867 718 quam
891 633 1028 700 volvitur
1050 639 1147 700 atrae.

332 752 404 818 Non
426 770 517 836 mage
539 768 719 833 monemus,
742 749 882 834 linguam
906 770 1050 816 sermone
1073 769 1268 836 premamus3

333 868 414 935 Nam
437 865 566 934 Domini
589 865 741 932 auxilium
765 885 827 931 non
850 865 898 932 las
921 865 1066 932 dubitare
1087 865 1236 932 futurum.

335 983 397 1052 Sed
418 988 526 1050 minen
548 980 626 1048 baec
648 981 724 1048 olim
745 981 853 1047 forsan
876 983 1057 1048 meminisse
1079 982 1208 1049 iurabit.

333 1098 415 1178 Quid
437 1118 529 1182 maga
551 1097 709 1181 clamabo,
734 1097 808 1181 quid
831 1096 928 1163 rerba
950 1117 1006 1184 per
1029 1118 1104 1164 aera
1125 1097 1229 1164 iacto?

378 1215 467 1294 Quod
488 1217 632 1280 nostmm
656 1219 704 1280 est
725 1212 833 1296 hodie,
856 1233 926 1280 oras
949 1214 1010 1279 orit
1032 1213 1170 1282 alterius.

355 1331 475 1398 Felices
499 1329 615 1410 valete3
640 1349 698 1416 pro
720 1329 812 1396 nobis
834 1329 1012 1397 infelicibus
1035 1335 1132 1397 orate.
1173 1329 1217 1396 Et
1237 1349 1300 1395 non
1323 1328 1438 1395 oblivi-

267 1453 388 1532 scatur,
418 1449 506 1532 quia,
536 1445 610 1530 quid
634 1450 863 1532 superventura
885 1446 990 1532 pariat
1011 1446 1094 1529 dies,
1122 1447 1270 1514 nescitur.
1317 1444 1439 1512 Sedet

266 1563 357 1632 Pauli
378 1583 442 1630 non
464 1563 572 1648 pigeat
593 1562 761 1628 reminisci.
799 1559 973 1628 Subvenite
987 1583 1138 1650 oppresso
1148 1559 1164 1628 ¹.
1198 1561 1242 1628 Et
1256 1563 1290 1629 in
1304 1562 1356 1628 die
1371 1567 1438 1628 tre-

266 1680 372 1748 mendi
401 1679 555 1746 examinis
585 1678 660 1763 quid
682 1677 818 1744 Domino
849 1678 987 1745 venienti
1015 1684 1109 1764 atque
1138 1679 1270 1746 dicenti:
1300 1681 1344 1747 Et
1369 1703 1439 1746 non

266 1799 417 1864 obducas
439 1790 515 1875 me¹,
541 1793 583 1860 sit
605 1792 874 1878 respondendnm,
898 1813 1097 1881 summopere
1120 1795 1361 1862 adtendendum.

277 1972 278 1978 ,
355 1911 470 1979 Valeat
492 1909 664 1977 dominatio
688 1913 793 1974 vestra
816 1929 873 1994 per
896 1909 996 1976 molta
1019 1929 1173 1977 annornm
1188 1911 1353 1994 curricula,
1377 1910 1438 1976 ali-

268 2029 351 2116 quod
374 2027 522 2094 solatium
546 2024 696 2112 parvitati
719 2027 845 2090 nostrae
867 2025 1082 2111 inpendendo,
1106 2027 1220 2094 sinon
1242 2027 1349 2112 factis,
1372 2027 1438 2093 sal-

267 2151 332 2214 tem
355 2143 405 2212 rel
429 2142 535 2210 dictis,
578 2142 690 2206 Amen.

334 2260 378 2328 Ut
399 2259 478 2328 mibi
500 2253 737 2324 membranulas
758 2255 926 2340 quasdam,
949 2263 1040 2344 pater
1062 2258 1197 2344 optime,
1221 2259 1339 2342 mittas,

334 2374 532 2443 Omnimodis
556 2371 693 2456 rogito⁶3
718 2373 793 2456 quia
814 2378 890 2440 sunt
912 2394 968 2459 pro
992 2395 1121 2441 munere
1143 2394 1267 2459 magno.

272 2587 331 2658 16.
354 2589 554 2655 Fritburioaa
583 2589 836 2675 archiepiscopus
859 2589 1065 2674 Mopuata'nus
1092 2611 1162 2654 com
1185 2589 1258 2656 ale'e's
1281 2592 1439 2677 episcopie

226 2737 227 2740 ¹
356 2709 391 2772 ia
414 2707 535 2792 synodo
551 2705 589 2770 de
610 2705 843 2792 precationibus
867 2719 896 2770 ct
917 2706 955 2770 de
978 2729 1055 2770 ocra
1078 2709 1230 2790 operatium
1244 2701 1399 2772 statuit⁰³.

108 2849 250 2906 950-954
356 2838 552 2925 Disponente
585 2836 692 2904 divina
719 2838 823 2920 gratia
849 2835 1043 2904 venerabiles
1073 2838 1211 2926 episcopi
1240 2837 1440 2906 Fritburieus

269 2954 538 3041 archiepiscopus,
568 2953 661 3020 Anno
690 2949 884 3040 opiscopus⁴,
915 2951 1018 3020 Uodo⁵
1043 2955 1207 3041 episeopus
1237 2955 1275 3020 de
1301 2956 1439 3038 negotiis

267 3076 405 3137 tractare
438 3067 641 3155 synodalibus
668 3069 862 3154 Mogontiam
891 3077 1117 3154 convenerunt,
1152 3071 1294 3156 interque
1322 3078 1439 3156 cetera,

270 3207 350 3272 quae
371 3205 430 3271 per
451 3183 592 3271 plurima
613 3184 732 3253 salubri
755 3185 953 3252 ordinatione
975 3186 1014 3252 de
1037 3191 1122 3252 statu
1145 3193 1271 3254 sanctae
1287 3186 1439 3254 ecclesiae

269 3301 476 3368 communiter
499 3301 715 3383 decreverunt,
740 3302 799 3368 hoc
820 3321 904 3370 nuno
924 3307 956 3368 et
975 3302 1008 3368 in
1028 3308 1190 3388 posterum
1204 3322 1329 3370 summa
1343 3323 1440 3372 curae

269 3416 433 3501 diligentia
456 3417 615 3484 obseruari
639 3423 826 3501 statuerunt,
851 3417 998 3502 quatinus
1016 3417 1130 3501 singuli
1146 3419 1322 3505 presbiteri,
1346 3427 1441 3488 extra

269 3533 461 3598 monasterie
483 3532 630 3600 ccclesias
654 3532 866 3621 populumque
888 3539 1103 3620 procurantes,
1127 3533 1212 3600 omni
1230 3555 1311 3602 anno
1328 3556 1347 3602 a
1363 3556 1439 3623 syn-

268 3647 327 3713 odo
352 3653 424 3714 ante
446 3669 542 3735 pasca
565 3649 673 3716 habita
694 3669 794 3735 usque
817 3669 897 3732 eam,
921 3669 1000 3734 quae
1023 3657 1096 3736 post
1117 3650 1321 3718 festivitatem
1336 3655 1439 3720 sancti

268 3763 405 3847 Remigii
432 3765 620 3831 confessoris
643 3763 762 3831 Christi
784 3764 915 3832 colenda
937 3786 1005 3831 esse
1028 3765 1215 3850 dinoscitur,
1245 3771 1289 3834 40
1312 3768 1438 3854 missas,

269 3884 302 3946 et
329 3878 461 3945 totidem
491 3879 603 3948 deinde
630 3901 729 3967 usque
756 3881 797 3947 ad
811 3901 921 3969 pasca
943 3882 1001 3949 hoc
1023 3881 1133 3949 ordine
1156 3882 1364 3950 celebrarant:
1398 3889 1440 3951 10

342 4027 362 4060 a.
387 4013 494 4060 cruditam
517 4017 542 4062 C.
652 4015 673 4062 b.
698 4015 770 4074 rogito
788 4019 814 4064 C.
892 4029 911 4062 c.
931 4034 960 4062 aa·
980 4017 1090 4062 tabularii
1106 4020 1251 4064 Monacensis
1272 4019 1323 4064 cod.
1340 4021 1438 4084 Fn'ss'ng.

269 4094 356 4140 mbr.
371 4110 434 4142 saec.
445 4096 473 4142 l
484 4097 529 4151 fol.
540 4096 572 4142 so
582 4097 636 4142 —4.
659 4097 741 4142 Edidit
755 4099 831 4151 aaa,
848 4099 912 4142 Mon.
925 4099 996 4143 Gerra
1010 4099 1067 4159 Lag.
1076 4099 1102 4144 ΙΙ
1118 4097 1203 4154 2159.

341 4181 366 4234 1.
390 4181 453 4235 lsai.
473 4183 497 4250 1,
511 4183 553 4236 17.
649 4185 673 4236 2.
699 4182 794 4238 bluttb.
809 4183 853 4252 25,
865 4183 910 4236 43.
1005 4183 1030 4236 3.
1054 4181 1182 4253 Synodus
1204 4182 1274 4238 baec
1296 4185 1438 4255 aptissime

269 4269 392 4338 epistolis
409 4269 719 4327 inserendavidsbatur.
791 4272 816 4326 4.
837 4270 1053 4340 Wormatiensis,
1066 4271 1226 4328 ano-978.
1290 4274 1315 4328 ὁ.
1334 4274 1437 4331 mnr-

269 4357 446 4430 geutiueusis,
464 4360 623 4416 eoo—965.
