3142 4848
366 308 392 356 s.
409 308 584 357 sosmsmr
606 313 650 359 nr
672 313 774 361 nunni
794 311 982 362 urmrousn
1006 314 1020 360 a
1231 300 1275 366 33

190 444 256 514 Sed
276 447 316 514 de
337 448 388 516 his
411 449 529 518 diutius
551 453 750 538 ratiocinari,
773 455 900 522 stricta·
923 455 1102 542 epistolaris
1126 457 1274 542 angustia
1291 463 1433 523 tto-tot
1554 441 1566 452 “

103 562 231 630 minime
253 564 346 647 sinit;
371 566 526 650 quomodo
549 567 695 636 videlicet
716 570 817 657 ipsius
839 571 970 638 metrico
991 573 1068 638 artis
1083 571 1274 642 clandistiua

101 680 312 747 instrumenta
337 679 469 766 litteris,
496 681 607 768 logisl,
635 684 784 772 pedihus,
813 686 945 773 poeticis
968 684 1093 772 liguris,
1117 688 1272 773 vorsihus,

100 794 196 879 tonis,
225 795 424 883 temporibus
452 798 739 883 conglomerentur3
767 801 944 888 pathetica⁰
972 821 1095 888 quoque
1123 809 1273 890 septenae

99 910 266 978 divisionis
288 912 473 1000 disciplina,
496 913 555 982 hoo
577 914 644 982 estd
668 915 818 1000 acefalos,
841 914 1017 1004 lagaros·¹,
1040 919 1178 1005 procilos
1199 938 1273 987 cum

98 1029 211 1094 ceteris
238 1028 390 1115 qualitert
411 1030 566 1112 variatum
597 1031 651 1116 qui
679 1053 790 1100 vorsus
817 1035 1038 1118 monosoemi⁸,
1067 1033 1137 1120 qui‘
1158 1039 1271 1122 penta·

98 1144 213 1228 scemi,
244 1145 299 1231 qui
322 1141 515 1214 decasccmi'
537 1147 640 1214 certah
663 1149 780 1235 pedum
801 1169 951 1218 memma
972 1150 1218 1233 terminantem
1242 1155 1274 1218 ct

98 1259 246 1344 qualiter¹
270 1261 445 1330 catalectici
466 1262 517 1329 rel
538 1263 823 1332 hrachicatalectioi
846 1285 902 1333 seu
925 1265 1179 1352 yperoatalectici
1200 1285 1273 1334 vor·

97 1395 148 1442 sus
171 1375 302 1460 sagacik
325 1378 596 1462 argumentatione
618 1378 814 1464 colligantur.
861 1381 964 1466 Haec,
992 1387 1029 1448 ut
1050 1401 1138 1466 reor,
1168 1387 1201 1450 et
1222 1381 1272 1450 his

98 1491 217 1559 similia
243 1493 333 1560 brevi
355 1495 508 1581 temporis
534 1495 771 1582 intercapedine
798 1498 1093 1584 momentaneoque*
1123 1499 1189 1565 ictu
1218 1497 1273 1565 ad-

97 1607 252 1694 prehendi
275 1629 474 1696 nequaquam
496 1609 680 1678 valebunt&

184 1723 236 1791 De
259 1724 383 1792 ratione
405 1745 479 1794 vero
502 1725 718 1794 calculationis
741 1728 817 1812 quid
840 1727 1171 1794 commemorandum?
1200 1747 1272 1796 cum

98 1845 223 1907 huma*
250 1841 486 1927 supputationis
521 1842 680 1910 inminens
715 1843 910 1930 desperatio⁰
941 1842 1022 1910 colla
1053 1843 1169 1912 mentis
1198 1863 1272 1912 oon·

4 2033 5 2048 2
97 1957 277 2042 presserit‘,
301 1961 337 2023 ut
359 1977 483 2024 omnem
506 1959 693 2045 preteritum
715 1958 859 2026 lectionis
881 1958 1022 2026 lahorem
1045 1959 1138 2046 parui
1152 1958 1271 2046 pende·

96 2091 173 2158 rem,
196 2073 288 2140 ouius
310 2092 362 2139 me
385 2072 507 2160 pridem
531 2081 653 2142 secreta
676 2074 820 2142 cubicula
841 2095 935 2142 nosse
950 2074 1164 2158 credideram
1189 2079 1222 2142 et
1237 2080 1273 2141 ut

95 2189 289 2256 sententiam
305 2189 392 2256 hecti
406 2188 592 2274 Hieronimi,
617 2191 712 2258 dum*¹
727 2211 761 2279 so
776 2192 898 2259 occasio
915 2190 1039 2275 obtulit,
1055 2191 1270 2277 depromam':

96 2304 149 2390 qui
174 2304 257 2371 mihi
279 2305 384 2392 prius·
412 2305 542 2374 videbar
570 2307 700 2392 sciolus,
730 2327 838 2374 rursus
866 2307 956 2394 coepi
984 2326 1054 2375 esse
1083 2305 1271 2394 discipulum

95 2420 165 2505 sict
190 2421 277 2506 quod
298 2422 438 2506 hudem,
465 2442 604 2509 superna
623 2423 728 2507 gratia
749 2423 860 2508 fretus,
883 2421 1070 2490 difficillima
1091 2441 1198 2490 rernm
1222 2441 1272 2488 ur·

93 2540 246 2618 gumenta
268 2541 302 2603 et
323 2536 436 2604 calami
457 2538 707 2625 supputationes,
732 2558 809 2624 ques
832 2542 940 2625 partes
960 2539 1084 2606 numeri
1100 2535 1273 2625 appellant,

55 2707 58 2713 .
93 2649 239 2718 lectionis
262 2653 417 2721 instantia
439 2655 553 2741 reperi.

181 2766 284 2835 Porro
307 2767 345 2835 de
368 2769 507 2855 zodiaco,
534 2772 574 2836 12
597 2770 759 2854 signorum
782 2769 929 2854 oirordo”,
953 2790 1014 2854 que
1036 2769 1190 2853 vertigine
1212 2766 1271 2836 oeli

93 2884 280 2968 solvuntur,
309 2883 379 2951 ideo
401 2887 570 2953 tacendum
595 2886 746 2970 arbitror,
769 2907 810 2954 ne
833 2892 902 2952 ars'
928 2903 1028 2971 opaca
1050 2890 1082 2952 et
1102 2882 1270 2970 profunda,

93 3007 196 3086 quae'
225 3000 323 3084 longa
345 3000 616 3088 explanandarum
639 3021 746 3070 rerum
768 3001 891 3069 ratione
914 2999 1051 3084 indiget,
1082 2999 1110 3066 si
1132 2998 1189 3066 vili
1212 3019 1267 3066 ex-

90 3117 289 3202 planationis
310 3121 420 3183 textu¹
443 3117 645 3204 promulgata
665 3117 772 3200 fuerit,
794 3117 967 3184 insumatur
982 3120 1015 3182 et
1028 3114 1174 3197 rdesoat3
1197 3133 1269 3200 prc-

163 3281 185 3314 ι
201 3267 297 3314 dautins
313 3267 443 3314 ntiocinari
459 3267 539 3314 stricta
552 3268 579 3322 7,
595 3267 683 3327 produn
697 3266 781 3314 ambitu
792 3265 912 3314 vorborum
923 3265 1041 3326 disputare
1053 3267 1121 3313 nst.
1183 3263 1206 3310 h.
1223 3263 1269 3324 syl-

88 3346 148 3394 hsta
167 3349 240 3394 ml.
319 3346 472 3407 apothetica
489 3348 516 3402 V,
532 3347 623 3406 postica
640 3347 708 3394 ΝΜ.
786 3346 808 3391 d.
824 3345 869 3392 hoc
884 3347 921 3392 est
936 3362 979 3392 om.
997 3345 1025 3394 7.
1102 3359 1122 3392 e.
1139 3361 1183 3392 om.
1200 3345 1269 3392 VM.

87 3426 104 3473 d
123 3444 170 3472 οι.
187 3427 218 3474 V.
300 3440 322 3484 g.
342 3426 506 3484 monoschemi,
525 3423 687 3486 pentaschemi,
704 3423 846 3472 decaschemi
865 3427 932 3472 WM.
1011 3423 1034 3470 h.
1055 3423 1175 3472 videanhrr
1192 3425 1217 3471 7
1225 3441 1269 3485 pro

87 3509 150 3552 serta
162 3506 353 3552 -termiusntur
370 3509 437 3553 ΨΜ.
516 3506 532 3552 i.
551 3503 649 3564 qualiter
667 3505 695 3559 V,
710 3517 756 3563 qua
771 3505 858 3551 ratione
876 3507 943 3552 WM.
1021 3503 1045 3550 lu.
1065 3505 1231 3562 cognoscantur
1248 3505 1274 3551 V

4 3595 5 3660 g
82 3602 126 3644 μη
139 3587 222 3645 sagaci
234 3608 259 3617 -
270 3585 405 3644 cohigsntnr
420 3587 488 3632 ΝΜ.
551 3584 566 3630 Ι.
583 3585 785 3644 momentaneoque
798 3583 845 3630 ictu
860 3601 902 3631 en.
913 3585 980 3630 ΠΜ.
1043 3596 1073 3630 m.
1088 3585 1187 3642 possunt
1198 3584 1266 3630 ml.

4 3685 5 3720 i
85 3679 107 3712 m
122 3667 191 3712 tnta
207 3664 239 3720 V,
255 3666 333 3712 tantae
350 3667 416 3712 ΠΜ.
497 3677 519 3710 o.
535 3662 660 3722 disputatio
671 3663 699 3718 V,
715 3663 846 3723 desperatio
859 3665 927 3711 ms.
1006 3676 1029 3722 p.
1046 3661 1188 3721 oppresserit
1200 3663 1268 3709 ΝΜ,

84 3757 107 3805 q.
123 3745 220 3792 dum-
233 3742 318 3790 obtulit
333 3760 376 3790 om.
394 3745 421 3791 V.
499 3757 518 3789 r.
539 3742 750 3789 autentis-utar
768 3745 835 3789 ΨΜ.
915 3755 933 3788 s.
955 3757 998 3788 cm.
1011 3741 1038 3788 7.
1115 3741 1133 3786 t.
1152 3740 1268 3787 sic-rs·

83 3825 134 3883 pari
150 3842 197 3873 on.
213 3823 244 3872 V.
323 3837 346 3868 u.
361 3823 449 3869 radone
462 3825 530 3870 ΝΜ.
608 3836 630 3866 v.
646 3835 683 3868 ras
696 3822 724 3876 V,
741 3834 778 3868 urs
791 3824 859 3869 ΨΜ.
937 3833 964 3866 w.
981 3817 1175 3880 qnae-ludigst
1191 3835 1227 3866 our
1240 3819 1268 3868 V.

4 3915 5 3972 ᾗ
83 3917 104 3950 ι.
124 3901 329 3963 interpretationis
344 3901 404 3948 serie
422 3903 489 3948 WM.

4 3973 6 3996 '
157 4001 183 4053 1.
209 3997 256 4052 De
273 3995 381 4051 vitiosis
405 3994 543 4065 versibus,
561 3996 608 4066 qui
626 3993 732 4050 Graece
755 3993 883 4049 dicamur
903 3995 1033 4064 ἀκέφαλοι
1050 3999 1080 4048 et
1096 3995 1221 4069 λαγαροὶ,
1239 4009 1266 4048 v.

82 4085 202 4142 limium
220 4084 395 4142 Victorinum
412 4083 427 4139 1
441 4085 485 4152 21,
498 4085 523 4140 2.
536 4084 554 4139 3
572 4087 601 4139 et
619 4081 780 4139 Diomedem
793 4081 834 4136 lll
847 4083 888 4153 17,
903 4083 945 4136 12.
960 4081 993 4137 13
1012 4097 1057 4151 sp.
1070 4077 1198 4137 Gaislord
1217 4078 1266 4135 SS.

4 4159 5 4224 Γ
82 4174 161 4230 nens
183 4173 228 4230 rei
251 4173 383 4230 mameae
405 4187 434 4243 p.
447 4173 482 4229 ao
499 4177 528 4228 et
544 4173 612 4243 4⁷23
637 4176 667 4227 es
682 4169 820 4226 limem
844 4185 888 4240 ep.
908 4171 944 4226 cu
961 4169 1113 4238 senorum,
1139 4184 1203 4239 opp.
1222 4167 1266 4224 ec.

4 4281 5 4290 ³
84 4263 160 4322 Giles
177 4281 207 4335 p.
221 4263 286 4319 246.
377 4263 403 4317 2.
427 4261 471 4318 De
488 4261 614 4317 seminus
632 4259 906 4329 monoschematistis,
925 4257 1200 4328 pentaschematistis,
1219 4256 1266 4312 de-

4 4403 5 4422 ,
85 4351 308 4408 mmcmaostis
325 4367 353 4406 v.
372 4349 514 4408 Diomedis
532 4351 563 4406 L.
577 4349 676 4417 11115,
699 4348 747 4404 l.l.
765 4365 794 4418 p.
808 4348 863 4404 465
875 4362 934 4418 squ.
954 4351 983 4403 ot
999 4345 1136 4402 Aldhelmi
1154 4359 1198 4415 ep.
1217 4345 1234 4400 1.
1247 4344 1266 4400 l.

4 4427 5 4430 ¹
85 4443 254 4512 pfflsqu„

4 4537 6 4606 t
126 4537 208 4590 ιωέ,
226 4539 375 4584 naamam
389 4539 430 4584 111.
1033 4531 1051 4586 3
