3164 4842
364 323 525 372 aunuum
545 321 733 372 ιιιιιιιιιιιιι
754 323 837 371 sunu
858 321 1031 372 suauome
1213 305 1279 372 533

198 463 257 532 Vir
278 463 386 551 iisque
408 463 556 532 melliflue
579 463 769 547 dulcedinis,
792 463 839 542 nil
862 463 947 530 uliud
970 481 1066 546 agens
1088 461 1280 548 studensque

109 601 206 668 quum
228 580 368 648 moribus
391 599 612 648 consenescere
634 585 667 648 et
689 602 707 648 e
728 585 839 648 oontm
860 579 1098 647 benefaciendi
1119 577 1280 646 uoluntate

109 717 236 785 semper
257 697 466 781 iuvenescere,
489 696 612 764 nullm
633 702 759 784 tempus
774 695 933 778 lusciniae,
956 693 1078 761 nullum
1093 693 1181 761 dedit
1195 695 1279 777 oeio;

109 814 167 882 sed
190 814 265 899 quid
288 813 340 897 ogi
363 817 532 899 oporteret,
556 813 664 880 sedulo
687 813 737 880 vel
760 811 871 878 didicit
892 810 1024 894 legendo
1046 809 1097 876 uel
1111 809 1281 877 inculcavit

109 929 263 997 maudo
299 928 412 1012 Quare,
440 929 577 995 muudus
599 928 694 995 cordo
717 933 748 996 et
771 947 911 1014 corpore,
936 927 1019 993 sicut
1039 926 1191 1011 seriptum
1215 930 1279 993 est:

109 1047 208 1112 Beati
228 1049 345 1112 muodo
369 1047 471 1127 corde,
496 1049 647 1133 quoniam
669 1049 735 1132 ipsi
755 1045 862 1111 Deum
882 1043 1032 1110 ridebunt
1039 1037 1058 1124 ¹,
1082 1041 1185 1108 saucii
1208 1040 1280 1128 Spi-

109 1162 193 1228 ritus
214 1162 316 1228 iactus
339 1160 530 1245 sacrarium,
552 1160 642 1227 illum
663 1159 907 1227 inhabitatorem
930 1157 1119 1245 promeruit,
1143 1157 1197 1244 qui
1220 1158 1280 1224 ait:

112 1277 155 1346 δι’
176 1281 247 1366 quie
269 1279 376 1364 dilipr't
397 1301 455 1360 me,
479 1300 651 1344 corneum
673 1299 776 1343 mcum
796 1276 941 1355 secubet,
967 1289 997 1341 et
1014 1287 1108 1362 pater
1128 1297 1214 1340 meree
1230 1276 1280 1340 ci-

111 1396 187 1481 lr'pet
209 1417 294 1475 eum,
326 1407 355 1460 ιι
376 1396 420 1460 ud
442 1417 512 1459 cum
533 1397 690 1460 variemus
713 1407 742 1460 ιι
763 1395 958 1458 macriorem
980 1393 1069 1478 apud
1090 1413 1160 1456 ιιιιι
1172 1392 1281 1475 sacie-

109 1505 208 1576 Μ’.
298 1507 447 1576 Filicem·
471 1509 606 1575 carnalis
634 1507 834 1594 cogitationis
861 1507 987 1594 penitus
1016 1505 1180 1574 eradicans
1201 1505 1282 1572 falce

110 1625 265 1712 spiritalis
280 1625 483 1712 operationis,
507 1624 654 1710 quicquid
670 1623 827 1692 offendere
841 1629 950 1710 posset
965 1622 1070 1689 oculos
1085 1621 1282 1688 convivantis

111 1736 234 1826 amioi⁸,
263 1739 417 1808 sollicitus
445 1740 592 1822 abstulit3
622 1745 655 1807 et
683 1761 744 1826 quo
772 1739 862 1806 illum
892 1739 1038 1806 advocari
1060 1736 1111 1805 sel
1132 1735 1282 1804 delectori

111 1857 269 1941 crederet,
298 1855 449 1944 providus
471 1856 589 1923 intulit.
627 1855 720 1923 illum
745 1856 878 1940 amerit,
907 1855 996 1920 illum
1019 1853 1201 1939 suspiravit
1239 1851 1283 1920 Et

111 1975 197 2059 quia,
220 1973 529 2057 ermembertus,
554 1993 614 2058 quo
638 1973 752 2058 spiritu
776 1991 847 2037 eum
871 1974 996 2036 secutus
1014 1973 1072 2054 esi,
1096 1968 1281 2055 corpusculo

110 2109 176 2157 non
203 2089 309 2176 potuit
335 2089 521 2172 ascendero,
548 2087 637 2154 illum
668 2087 780 2171 ιιίιιιι,
810 2105 882 2152 eum
905 2105 1035 2172 presens
1058 2089 1156 2170 essct,
1184 2085 1282 2152 adse

109 2206 259 2274 invitavit
281 2205 479 2272 descendere.
513 2203 603 2270 Unde
618 2203 771 2290 scriptum
787 2209 851 2270 eet:
875 2201 972 2269 Ibunt
986 2205 1152 2269 decimato
1165 2205 1201 2267 to
1215 2203 1281 2266 oir-

110 2317 231 2390 tutem⁴.
322 2320 390 2387 lum
416 2319 507 2386 ilium
536 2320 636 2386 diuini
664 2319 788 2386 consilii
815 2322 992 2386 consortem
1021 2316 1165 2386 caelestis
1194 2315 1284 2383 novit

111 2439 211 2522 curie,
234 2442 268 2504 et
288 2437 423 2504 amicum
445 2435 516 2520 Dei,
538 2437 572 2502 iu
594 2441 681 2502 terra
702 2435 877 2519 degentem,
900 2432 1113 2521 impleverunt
1135 2433 1284 2501 caelestia

111 2553 215 2620 sancti
230 2551 368 2640 Spiritus
391 2551 532 2635 oraculum
555 2552 603 2618 ite
624 2556 660 2617 ut
682 2552 718 2616 iu
740 2571 813 2618 eum
830 2549 981 2617 divinitus
999 2551 1195 2619 conferretur
1209 2569 1283 2637 pro·

110 2669 238 2756 photiae
259 2669 370 2754 gratia

200 2785 282 2852 Nam
305 2785 388 2852 iuter
410 2788 516 2851 cetera
538 2787 665 2850 sauctae
688 2783 862 2869 scripturae
884 2780 1025 2866 flumine,
1049 2799 1130 2865 quae
1149 2775 1283 2845 sitibun-

112 2903 171 2970 dus
194 2901 321 2971 bibebat
344 2907 376 2968 et
398 2899 533 2968 bibendo
549 2899 686 2983 sitiebat,
709 2899 780 2986 pius
795 2897 926 2964 Domini
947 2895 1120 2983 discipulus
1136 2893 1283 2960 Pastore·

111 3020 174 3086 lem
198 3014 324 3086 curem⁵
347 3017 485 3084 maxime
508 3015 660 3100 diligebat
682 3033 814 3099 eumque
836 3014 906 3080 sine
919 3013 1101 3080 intermissu
1116 3007 1283 3077 sedulitate

110 3133 244 3220 legebat.
280 3133 369 3212 Quod
392 3132 565 3200 familiares
587 3131 654 3199 eius
677 3129 745 3198 fieri
768 3131 909 3197 videntes
933 3165 975 3176 -·
998 3147 1062 3194 nou
1085 3127 1154 3192 siue
1176 3125 1285 3192 divine

111 3251 284 3334 voluntate,
307 3250 451 3335 quumvis
474 3267 550 3315 casu
569 3252 605 3314 ut
619 3247 736 3315 dieitur
751 3251 901 3334 operante
913 3225 958 3292 ἓ-
976 3243 1113 3331 quadam
1127 3241 1179 3309 die
1192 3240 1283 3308 illum

112 3367 309 3455 percunctati
332 3372 420 3432 suut:
445 3383 581 3450 quanam
604 3382 700 3430 causa
721 3363 781 3429 hoc
803 3367 920 3445 ageret,
943 3365 979 3426 ut
997 3360 1081 3427 bunc
1094 3359 1210 3426 librum
1226 3377 1284 3445 pre

112 3483 258 3551 omnibus
291 3486 381 3549 tauta
412 3501 483 3548 cum
517 3479 682 3564 diligentia
714 3478 852 3563 legeret?
886 3475 1005 3555 Quibus
1036 3481 1163 3542 sauctus
1192 3479 1284 3561 pater

111 3599 244 3668 iocunde
274 3605 306 3666 ct
332 3597 436 3664 atita
458 3596 561 3663 dicam
583 3595 752 3662 ridiculose
774 3593 954 3682 respoudit:
986 3593 1042 3658 Ao
1063 3591 1156 3670 boch·
1178 3590 1284 3675 inquit

112 3741 183 3784 cnm
203 3739 261 3783 rec
282 3717 394 3783 stultus
416 3717 535 3780 ιιιινιι
557 3727 587 3780 ιι
607 3713 730 3778 nudum
752 3715 929 3779 enutritura
950 3709 1101 3776 uolmtcm
1119 3709 1281 3786 ιἰιιιιήι,

102 3833 249 3920 forsitan
270 3855 319 3898 mc
342 3834 506 3898 emetitact
526 3833 712 3906 cotietr'tcmr
735 3831 779 3894 ud
802 3830 888 3915 qaod
908 3848 1030 3893 oeceses
1052 3837 1097 3891 eet
1115 3845 1165 3890 mc
1176 3825 1283 3910 preci·

111 3952 204 4016 decor
231 3951 385 4016 ιοιιιιιιι
429 3947 518 4014 Tunc
544 3981 585 3992 -
616 3944 760 4011 omuibus
789 3963 896 4010 secum
922 3939 1098 4008 ridentibus
1125 3937 1284 4024 nichilque

186 4157 208 4191 a.
229 4143 322 4192 silicum
338 4161 358 4189 c.
434 4142 458 4188 b.
476 4141 513 4190 Ad
528 4139 573 4188 boo
588 4143 671 4200 eaput
682 4157 726 4200 pro
740 4139 823 4188 annue
838 4157 858 4186 c.

186 4251 211 4304 1.
236 4247 332 4304 nach.
346 4249 371 4318 5,
384 4247 409 4303 8.
512 4247 537 4300 2.
561 4243 619 4300 Ich.
633 4245 675 4314 14,
689 4246 732 4300 23.
834 4243 859 4298 3.
884 4240 993 4298 Christi.
1092 4238 1119 4293 4.
1142 4237 1187 4292 Pu.
1201 4236 1283 4306 83,8.

111 4340 138 4395 5.
164 4338 223 4394 sive
241 4337 363 4407 Regulus
386 4335 531 4406 pastoralis
551 4333 650 4390 librum
669 4349 687 4388 a
704 4331 862 4403 GregorioI
880 4332 1019 4401 scriptum.
1045 4326 1115 4399 Opp.
1134 4325 1178 4381 eet
1196 4325 1284 4384 Bono·

111 4428 177 4484 dict.
190 4427 217 4484 ΙΙ
230 4431 245 4484 1
259 4441 319 4498 squ.
