3110 4844
266 313 292 362 s.
309 315 487 364 aosmsrm
508 315 552 364 nn
573 315 677 365 auam
699 317 886 366 namnetas
909 317 962 364 aaa.
978 317 1023 365 rao
1161 299 1227 370 295

80 455 181 524 undbi
202 455 354 524 firmiteta
376 457 595 526 discissionem
617 459 685 544 vel,
717 459 800 544 quod
823 459 1045 544 gravissimum
1069 467 1131 547 est,
1161 463 1229 530 ani-
1246 469 1388 527 too-raa

78 593 181 639 mamm
202 573 367 640 interitum
390 575 658 662 pertimescentes.
704 575 903 664 Quapropter
924 577 1151 662 magnitudinis
1174 599 1228 646 ve·

76 695 145 756 stae
156 689 269 775 pietati
284 689 396 756 humili
411 691 585 759 intentione
600 691 825 779 supplicantes,
850 692 1049 761 obsecramus
1065 715 1123 781 par
1138 694 1229 762 chri·

76 809 142 872 aun
163 805 354 873 salvatorem
369 807 693 893 resurrectionemque
709 812 921 875 mortuorum:
944 811 992 876 uti
1007 810 1109 896 nobis,
1133 830 1230 898 supra

74 922 150 988 dictis
177 923 368 990 muniatibns
397 919 538 1009 afflictis,
569 923 644 1009 quid
673 927 745 1011 post
767 924 888 991 obitum
911 925 996 992 illins
1019 927 1062 993 sit
1082 947 1141 1014 pro
1165 931 1229 994 sta·

75 1038 179 1106 bilitste
203 1039 335 1106 salutari
358 1037 590 1106 monasterioli¹
610 1039 799 1125 iaciendum,
822 1046 918 1127 prout
932 1041 1069 1109 Domino
1085 1043 1229 1111 iuvante·

73 1153 206 1240 seligere
228 1155 376 1241 adeatis,
398 1156 513 1223 litteris
535 1156 676 1224 indicare
698 1175 757 1243 per
778 1156 862 1224 bunc
884 1157 1034 1225 nuncium
1056 1178 1121 1225 non
1143 1158 1230 1226 dedi·

72 1273 209 1354 gnemini.
245 1271 327 1338 Sunt
348 1274 443 1356 anim,
468 1273 551 1339 sicut
573 1273 671 1357 scitis,
695 1273 761 1340 illic
783 1272 866 1340 libas
887 1273 997 1342 fratris
1020 1277 1122 1342 nostri
1144 1274 1230 1343 vela-

72 1393 125 1470 tas,
151 1389 289 1474 inques
316 1389 450 1455 fumasse
478 1389 612 1456 intentio
640 1389 853 1472 ignorantium
883 1409 1033 1457 convema
1063 1397 1119 1458 est.
1167 1389 1231 1459 Sed

70 1503 144 1570 nulla
171 1525 214 1571 ax
241 1504 291 1571 his
320 1503 421 1571 adbuc
449 1505 498 1571 val
528 1511 631 1572 aetate
661 1504 711 1572 val
741 1526 851 1572 sensus
881 1505 988 1592 aliqua
1016 1505 1166 1574 firmitate
1189 1505 1230 1575 ed

70 1620 294 1707 suscipiendum
327 1620 392 1688 tale
425 1620 549 1708 pondus
585 1641 724 1706 congrua
752 1622 871 1708 poterit
899 1623 1042 1689 iudicari.
1094 1623 1138 1694 Et
1165 1623 1229 1692 ior-

70 1736 215 1802 midamus
239 1715 466 1824 dispersionem
489 1737 700 1804 inconsultam
722 1737 878 1823 familiae,
901 1738 963 1805 nisi
987 1739 1130 1807 celeriter
1153 1740 1229 1806 ordo

68 1871 98 1918 ac
122 1851 281 1921 stabilitas
308 1873 367 1940 per
395 1853 587 1921 abbatissam
616 1852 793 1921 collocetur.
841 1853 905 1921 Nec
932 1859 1038 1922 tamen
1069 1853 1118 1922 vel
1146 1855 1231 1922 intra

68 1967 204 2035 cedulam
228 1970 278 2036 vel
292 1967 499 2036 intrinsecus*
514 1989 572 2036 nos
587 1989 681 2056 posse
695 1970 858 2057 repperire
873 1969 1040 2056 credimus,
1062 1991 1121 2059 per
1136 1991 1228 2058 quam

67 2085 107 2150 rel
132 2085 233 2152 verbo
269 2105 306 2152 ac
338 2086 442 2174 specie
471 2091 563 2152 tenus
592 2085 697 2153 valeat
724 2083 885 2170 coherere,
920 2093 1046 2176 praeter
1075 2087 1231 2176 puellulas

67 2219 133 2285 uuas
156 2201 314 2284 diximus;
339 2203 451 2287 quibus
474 2203 651 2268 maximum
673 2201 847 2289 perieulum
870 2203 1114 2291 suscipientibus
1130 2209 1163 2270 et
1176 2223 1232 2272 no-

66 2317 105 2385 bis
126 2321 266 2386 tortasse
288 2317 550 2406 persuadentibus
571 2317 788 2385 formidamus.
824 2319 1000 2408 Quaproter
1021 2321 1136 2388 iterata
1155 2341 1231 2410 sup·

65 2433 230 2520 plicatione
253 2455 310 2522 per
333 2434 493 2502 Christum
517 2435 707 2502 salvatorem
730 2435 942 2519 obsecramus,
964 2442 1001 2503 ut
1023 2437 1126 2522 nobis,
1150 2437 1233 2524 quod

66 2551 303 2620 saluberrimum
325 2553 409 2618 inter
430 2551 611 2619 huiusmodi
633 2553 856 2619 necessitates¹¹
878 2551 948 2619 lieri
971 2551 1117 2638 credatis,
1142 2553 1233 2622 nobis

64 2668 197 2736 revelare
223 2667 393 2751 celeritate,
418 2689 480 2753 qua
502 2668 650 2753 diximus,
673 2685 732 2734 nec
747 2667 959 2753 dedignemini
973 2687 1033 2736 neo
1047 2670 1232 2753 gravemini.

65 2781 168 2853 Valere
192 2784 423 2852 beatitudinem
447 2790 586 2851 uestram
610 2790 642 2850 et
664 2785 696 2850 in
713 2783 839 2850 Christo
861 2785 963 2868 magis
987 2805 1024 2852 ae
1038 2787 1151 2870 magis,
1174 2806 1233 2872 pro

63 2901 145 2968 uobis
175 2900 427 2986 intercedentes,
457 2899 623 2988 prolicere,
652 2900 785 2984 integris
808 2900 964 2987 certisque
985 2901 1106 2968 nisibus
1129 2900 1232 2968 cordis

62 3023 214 3103 optamus.

319 3131 557 3200 Oiierenda‘
587 3131 747 3199 Lulloni
777 3133 976 3220 episcopo.

65 3344 143 3418 129.
164 3349 340 3416 Batonibus
363 3347 460 3413 abbas
477 3347 669 3434 Ripoocnea'o
686 3345 781 3412 Iasllo
805 3303 953 3434 epsicopo*
974 3349 1013 3413 da
1031 3348 1142 3414 bueria
1155 3371 1232 3436 yra-

166 3470 234 3532 cias
257 3467 334 3551 cpit.
369 3463 422 3530 Dc
442 3467 559 3528 matrab
580 3464 824 3550 precationibus.
858 3465 997 3529 Munera
1016 3467 1139 3531 mm.

788 3607 794 3616 ·
826 3577 863 3659 (S
879 3581 932 3663 82,
956 3577 1086 3664 wne,
1110 3579 1232 3661 droa)

140 3713 230 3798 Ἠ·
251 3711 438 3801 Veneranda
465 3711 628 3794 dignitatis
657 3709 750 3778 Lullo
778 3713 925 3800 episcopo
952 3711 1089 3781 Botwini
1117 3707 1232 3782 abbas¹
1251 3725 1391 3783 'loo-7⁸6

61 3831 232 3915 optabilem
254 3830 288 3895 in
311 3827 436 3896 Christo
459 3827 602 3894 salum.

123 3995 144 4029 a.
165 3981 267 4029 iubente
286 3980 312 4026 V.
375 3979 398 4026 b.
419 3997 449 4026 ou
465 3979 621 4026 extrinsecus?
682 3991 702 4025 o.
722 3979 866 4026 necessitatis
883 3979 910 4026 V.
973 3979 995 4026 d.
1018 3977 1138 4027 odoranda
1152 3983 1235 4040 κάρυ’

60 4073 96 4116 r·
110 4061 189 4110 efficio
209 4059 688 4120 V;caepp.1aaeeaaoafnp.aau
704 4068 726 4106 a
741 4060 794 4106 3⁰8·
868 4075 889 4106 a.
909 4077 938 4106 ex
956 4060 980 4106 7
991 4059 1030 4106 54.
1052 4063 1106 4109 δὺν
1122 4061 1232 4106 lemmate.

124 4161 149 4212 1.
181 4156 222 4212 da
247 4170 303 4226 quo
326 4153 361 4210 ci.
385 4153 518 4224 Rettberg
541 4153 755 4224 Kimbengasob.
774 4153 977 4212 mancusios
1000 4154 1027 4210 11
1044 4155 1109 4225 331,
1138 4153 1232 4210 Ueser-

62 4258 136 4298 mann
154 4261 202 4315 ap.
217 4243 304 4300 Wiru.
323 4261 350 4314 p.
363 4245 397 4298 10
409 4259 459 4314 aq,
478 4243 590 4299 Dronke
609 4243 703 4299 Codex
721 4243 785 4314 dipl.
799 4241 877 4299 Fuld.
897 4260 922 4298 n.
936 4245 971 4298 87
984 4247 1012 4300 at
1028 4243 1072 4312 88,
1090 4258 1118 4313 p.
1132 4243 1175 4298 53.
1188 4243 1232 4300 54.

62 4333 83 4385 t.
103 4333 290 4404 Riponensis3
308 4333 466 4388 monasterii
483 4332 592 4402 Rippon
610 4331 696 4388 dioec.
714 4333 906 4389 Eboracensis.
932 4331 966 4388 V.
979 4331 1160 4388 llonastioum
1175 4329 1232 4388 An·

63 4421 194 4488 pinnum
215 4421 436 4490 (london1846)
454 4421 487 4476 Τ.
499 4421 526 4476 ll
545 4422 605 4477 131.
