3110 4844
306 279 370 345 276
546 295 574 344 s.
590 295 767 344 murram
787 296 832 344 un
854 295 956 344 uuum
977 295 1166 344 semrom
1188 296 1234 342 ns

159 449 286 518 postte?
305 435 461 523 simulque
483 434 651 503 infantium
674 457 874 503 numerosam
897 437 1146 520 multitudinem,
1171 435 1229 504 sub
1251 434 1385 502 Danielo
1409 434 1472 521 epi·

305 549 418 639 scopo¹
439 553 579 635 maxime
603 552 672 619 sine
694 551 852 638 baptismo
875 553 1087 636 morientium,
1110 553 1235 620 tristem
1255 559 1288 619 et
1301 555 1471 618 merentem

304 669 446 755 asperit3
470 667 637 735 formulam
660 668 754 734 unius
777 669 938 754 omnaque,
962 669 1134 736 secundnm
1152 668 1321 755 specialem
1339 666 1474 750 effigiem

304 784 445 868 animae,
473 783 618 870 pristinis
646 802 816 871 conparem
842 784 1008 868 membris,
1039 785 1203 871 speciebus
1226 804 1300 851 vero
1323 783 1475 850 diversis:

304 899 383 966 alies
406 899 551 982 claritate
574 897 666 982 solis,
697 898 775 966 alias
800 900 909 984 lunae,
939 900 1017 966 alias
1041 901 1202 968 stellarum
1226 899 1324 966 radiis
1347 900 1477 985 proprie

303 1015 592 1100 communiterque·
613 1013 740 1082 fulsisse
763 1017 918 1099 cognovit

393 1130 441 1198 De
462 1131 542 1216 ipsis
566 1135 671 1196 summ
693 1131 786 1215 rivis,
809 1132 863 1217 qui
885 1136 1055 1218 supersunt
1071 1132 1182 1214 adhue,
1207 1131 1477 1216 contemptoribus

302 1252 368 1312 tam
392 1245 575 1333 profuturae
597 1245 808 1331 revelationis,
832 1247 965 1314 Danielo
988 1247 1109 1313 militol
1129 1244 1298 1330 Bregnulfo
1321 1245 1477 1329 collegiis·

303 1381 380 1448 qne,
404 1381 512 1429 eorum
535 1363 655 1449 stupris
678 1362 914 1430 communibus⁰
938 1362 1140 1448 emeritisque
1162 1363 1289 1450 poenis,
1312 1362 1422 1447 qualia
1445 1381 1478 1428 ss

264 1461 268 1468 ’
303 1477 420 1544 vidisse
443 1478 633 1563 testabatur,
658 1477 748 1544 nobis
773 1477 929 1544 silendum
951 1497 1032 1544 reor.

392 1592 427 1660 In
450 1592 512 1660 fine
535 1599 641 1661 summ
663 1593 757 1662 huius
781 1594 912 1661 visionis
929 1592 1170 1660 inenarrabilem
1189 1594 1337 1678 sonitum
1362 1595 1476 1678 quem*

302 1709 388 1775 trina
413 1709 470 1775 illa
496 1708 677 1776 caelestium
702 1709 857 1775 luminum
880 1711 985 1795 spatia
1007 1715 1039 1776 et
1062 1729 1171 1776 omnes
1194 1710 1370 1775 animarum
1394 1709 1477 1776 mul·

302 1823 453 1891 titudines
475 1825 509 1891 in
533 1824 582 1890 bie
605 1826 800 1894 manentium
814 1825 1038 1909 resultabant·‚
1061 1825 1217 1912 superins,
1240 1831 1406 1910 tamquam
1420 1845 1476 1892 vo·

302 1958 371 2007 cem
393 1940 541 2008 tubarum
562 1941 734 2008 multarum
756 1941 791 2006 in
810 1939 961 2008 interiora
975 1939 1210 2008 discendentem
1225 1941 1476 2026 mirabiliterque

302 2056 496 2140 vincentem,
519 2056 650 2123 audivit
696 2055 874 2141 Statimque
901 2057 1079 2143 posthaec
1108 2057 1273 2124 recedente
1302 2053 1475 2141 oromate¹,

302 2171 453 2255 angelicis
477 2171 608 2238 ducibus
631 2178 663 2239 et
684 2192 836 2256 germana
857 2171 952 2239 simul
974 2172 1184 2256 monentibus,
1209 2220 1354 2238 ......
1380 2179 1476 2258 atque

302 2286 484 2356 memoriter
514 2306 654 2354 amorem
682 2289 831 2355 creatoris
861 2292 967 2354 mente
994 2286 1081 2354 fideli
1109 2287 1313 2372 retenuisset,
1348 2289 1475 2375 corpori

301 2401 427 2468 reddita
449 2406 506 2469 est.
554 2401 672 2470 Tamen
701 2403 801 2470 intra‘
823 2403 965 2470 carnales
988 2404 1150 2487 augustias
1174 2403 1358 2488 aliquandiu
1381 2405 1475 2470 innn-

301 2515 485 2584 merabilem
515 2518 752 2586 multitudinem
781 2519 949 2605 spirituum
978 2519 1201 2585 inmundorum
1223 2518 1400 2603 lugubriter
1421 2539 1475 2604 ge-

301 2638 441 2700 mentem
455 2633 546 2718 vidit,
569 2633 645 2720 qnia
661 2635 800 2700 detectas
816 2654 889 2700 suas
904 2634 1060 2718 nequitias
1076 2635 1265 2718 hominibus,
1289 2655 1367 2720 quas
1384 2654 1474 2702 exer-

301 2754 444 2833 cuerunt,
467 2749 573 2816 divino
596 2769 727 2818 munere
749 2769 819 2816 esse
841 2756 1061 2834 cognoverant.

390 2865 442 2931 Ad
457 2863 725 2932 confirmationem
743 2871 847 2933 autem
863 2866 956 2933 bnins
971 2866 1161 2933 ostensionis
1176 2865 1384 2950 aegritudinis
1398 2887 1475 2934 suae

300 2979 435 3048 salutem
459 3017 501 3028 -
525 3001 607 3066 qnae
627 2982 734 3068 prius,
758 3001 838 3068 pene
861 2986 927 3048 toto
949 3002 1081 3069 corpore
1104 2981 1198 3050 simod
1220 2981 1394 3066 conligata,
1417 3003 1474 3071 per

300 3095 462 3163 biennium
490 3103 622 3164 extensa
650 3102 699 3164 est
721 3134 763 3144 —
788 3097 872 3183 quod
897 3097 1017 3164 factum
1043 3117 1128 3165 nuno
1155 3119 1227 3164 cum
1254 3098 1474 3165 mmedeordia

300 3210 361 3279 Dei
383 3211 447 3278 late
470 3213 702 3296 cognoscimus,
733 3211 881 3300 predixit.
928 3213 999 3280 Nou
1023 3213 1081 3280 boo
1103 3213 1222 3299 solum,
1253 3214 1308 3280 sed
1335 3219 1369 3280 et
1399 3233 1472 3281 eon-

299 3326 509 3394 iamiliaribus
540 3328 724 3412 singillatim
753 3327 904 3415 specialia
931 3330 1105 3415 ceterisque
1133 3329 1308 3413 incognita,
1343 3335 1377 3396 et
1409 3351 1472 3398 nou

300 3443 379 3528 ipsis
403 3448 546 3526 tantum,
570 3443 626 3510 sed
648 3443 715 3527 regi
738 3444 927 3530 reginaeque
951 3445 1169 3531 episcopisque
1192 3451 1224 3512 et
1245 3444 1373 3529 multis,
1397 3465 1472 3531 qno-

299 3577 371 3624 rum
394 3559 523 3626 nomina
544 3557 672 3643 longum
697 3564 746 3625 est
768 3560 903 3626 scribto⁸
925 3561 1113 3644 annueret,
1136 3561 1303 3628 manifeste
1324 3561 1470 3628 innotuit

300 3671 456 3740 Ieiunium
479 3693 601 3758 quoque
623 3695 682 3761 pro
704 3675 934 3742 commonibus*
957 3677 1054 3742 totius
1074 3674 1214 3743 familiae
1229 3675 1390 3762 predictel
1404 3697 1471 3743 rea·

299 3787 395 3873 tibus,
418 3791 463 3854 40
485 3789 607 3856 dierum
630 3791 769 3877 spatium
790 3791 1013 3875 continentem,
1037 3791 1192 3878 exipsius
1207 3790 1322 3858 Indicis
1338 3792 1470 3878 imperio

299 3901 425 3969 indixit
471 3903 706 3992 Venturamque
728 3905 900 3973 vindictam
922 3905 1101 3973 hominibus
1130 3907 1268 3994 propriis
1297 3909 1470 3974 eommuni-

373 4129 393 4161 s.
417 4118 609 4177 commonitarqne
628 4119 655 4164 V.
748 4117 771 4165 b.
795 4117 868 4164 milito
887 4119 914 4164 V.
1008 4133 1027 4166 a.
1048 4119 1203 4166 commonibus
1221 4120 1249 4166 V.
1344 4121 1368 4168 d.
1388 4123 1427 4182 qui
1444 4121 1470 4166 V.

300 4206 322 4241 e.
342 4193 490 4242 molantem
508 4197 535 4244 V.
604 4195 620 4242 i.
640 4196 700 4243 inter
716 4198 744 4244 V.
815 4209 836 4255 g.
858 4179 943 4258 scribto
962 4198 990 4245 V.
1057 4197 1081 4245 lr.
1102 4201 1222 4246 contenere
1240 4199 1268 4246 V.
1335 4201 1352 4247 i.
1375 4213 1470 4248 comno-

299 4271 367 4320 ulbue
385 4275 413 4322 V.
490 4273 513 4321 k.
534 4274 650 4334 predicate
669 4277 696 4323 V.

372 4377 397 4432 1.
421 4375 602 4434 vintoniensi.
692 4379 718 4434 2.
744 4394 839 4435 oroma
857 4379 971 4456 (ὅραμα)
989 4384 1033 4436 est
1049 4381 1129 4439 visio.
