3090 4848
307 306 335 354 s.
352 306 527 354 neutrum
549 307 593 354 su
615 307 718 354 uuum
739 305 927 354 memnones
949 304 979 350 ra
1166 287 1225 354 121

73 445 114 512 tili
132 466 218 514 more
241 446 404 514 observari
426 447 536 514 dixisti
565 447 649 534 apud
677 447 804 514 beatum
827 445 956 514 Petrum
980 445 1157 533 apostolum
1179 446 1231 513 vel
1262 450 1315 505 743

71 563 193 630 inurbc
214 562 326 646 Roma,
350 562 427 630 hacc
450 569 483 630 et
503 563 595 631 nobis
618 568 650 632 et
673 563 818 630 omnibus
841 562 1022 630 christianis
1046 561 1231 630 detestabile
1247 525 1327 584 ΛΡΜ

71 683 98 744 ct
116 679 344 765 perniciosum·
372 699 440 748 esse
468 678 659 763 iudicamus,
689 679 813 746 macuta
835 678 921 747 Deo:
952 680 1028 745 Noc
1057 681 1231 767 cupereti-

71 798 142 860 cufru'
161 797 213 862 oet
235 810 316 862 certe
336 819 401 862 nou
418 797 620 862 obsecutast
630 791 647 860 ¹.
676 794 720 862 Et
739 795 855 862 iterum
870 795 1028 882 scriptura
1042 794 1134 863 dicit:
1156 795 1232 862 Non

70 925 108 976 eat
126 910 284 997 cagamul
307 915 342 977 irc
365 913 483 993 Israel,
512 935 569 978 uec
597 913 770 979 obsecutio
792 915 828 977 c'rc
851 913 942 978 domo
967 907 1089 978 [ποῦ’.
1130 910 1180 977 lu
1201 915 1233 979 et

71 1026 194 1094 anobis
217 1026 392 1094 cavendum
415 1045 483 1094 osse
506 1045 686 1110 censemus,
715 1031 752 1093 ut
773 1026 868 1094 nullis
892 1026 1031 1110 auguriis
1053 1026 1104 1093 vel
1126 1027 1233 1094 obser·

69 1143 240 1209 rationibus
264 1141 606 1228 adundamus;·quic‚
630 1143 736 1209 omnic
758 1141 836 1210 haec
858 1142 981 1210 abscisa
1003 1161 1072 1210 esso
1095 1163 1114 1209 a
1134 1142 1233 1228 patri·

70 1257 134 1342 lus,
162 1279 275 1326 sumus
304 1259 416 1326 macti.
461 1258 506 1326 Et
528 1259 602 1344 quia
624 1279 681 1345 per
703 1259 957 1342 instigationem·
980 1257 1097 1326 diaboli
1119 1259 1233 1325 iterum

70 1373 277 1460 pullulabant,
308 1395 327 1441 a
355 1374 422 1458 dic,
453 1394 516 1460 qua
542 1393 600 1442 nos
623 1375 716 1442 iussit
738 1375 846 1442 divina
867 1373 1036 1442 clementia
1058 1407 1099 1420 -—
1124 1393 1233 1458 quam-

69 1511 154 1576 quam
178 1489 322 1556 inmeriti
346 1491 518 1558 existamus
539 1525 580 1538 -—
604 1490 740 1578 apostoli
761 1491 862 1558 vicem
886 1509 1009 1574 gerere,
1033 1489 1105 1556 ilico
1129 1489 1235 1556 omnia

69 1605 137 1673 hoec
159 1606 408 1692 amputavimus.
454 1605 528 1674 Pari
551 1607 668 1674 etenim
692 1607 785 1674 modo
808 1606 952 1673 volumus
974 1613 1062 1673 tuem
1085 1607 1235 1674 sanctita·

68 1728 124 1788 tem
145 1721 277 1810 populis
300 1721 360 1788 sibi
382 1722 530 1790 subiectis
552 1723 752 1810 praedicare,
782 1721 895 1808 etqued
918 1723 958 1789 ad
980 1723 1064 1788 viam
1089 1727 1235 1790 aeternae

68 1837 236 1924 perducere
264 1838 358 1906 vitae.
405 1837 486 1905 Nam
517 1843 549 1906 et
575 1843 703 1906 sanctae
732 1837 957 1906 recordationis
985 1837 1235 1924 praedecessoris

69 1959 155 2039 atque
177 1953 349 2020 nutritoris
371 1955 473 2021 nostri
492 1954 600 2021 domni
615 1953 759 2037 Gregorii
774 1973 877 2041 papae
891 1953 1115 2022 constitutione
1130 1954 1237 2022 omnia

68 2072 137 2140 hoec
157 2073 232 2160 pie·
257 2076 352 2156 atque
372 2069 508 2138 fideliter
531 2075 694 2157 amputate
717 2075 806 2154 sunt,
836 2075 869 2136 et
896 2069 960 2136 ulia
988 2069 1114 2137 diversa
1141 2089 1236 2154 quarn

67 2188 163 2275 plura,
181 2207 267 2274 quae
281 2185 407 2253 diabolo
422 2193 608 2271 suggerente
624 2184 823 2273 pullulabant
836 2185 871 2252 in
885 2183 1004 2253 Christi
1019 2183 1110 2252 ovile.
1140 2182 1237 2251 Cuius

67 2305 160 2372 instar
183 2324 248 2392 pro
269 2301 356 2370 illius
377 2301 487 2390 populi
510 2301 612 2369 salute
634 2301 770 2386 dirigere
792 2301 1030 2370 maturavimus.

147 2421 237 2488 Nam
261 2419 300 2486 de
323 2417 538 2486 sacerdotibus
561 2417 641 2502 illis,
672 2417 726 2503 qui
749 2417 831 2484 falsa
853 2417 1037 2504 opinantur,
1064 2417 1119 2502 qui
1142 2417 1238 2485 etiam

69 2537 200 2605 edulteri
225 2541 259 2603 et
279 2535 486 2602 fornicatores
509 2533 695 2621 probentur,
717 2539 750 2600 et
772 2533 832 2600 sibi
857 2532 896 2600 ab
914 2532 1087 2620 apostolica
1101 2533 1175 2600 sede
1189 2533 1238 2600 in·

67 2653 185 2720 dultum
211 2671 299 2736 esee,
324 2657 356 2718 et
377 2671 394 2717 a
417 2649 574 2718 contrario
597 2649 659 2716 sibi
681 2649 842 2716 licentium
862 2647 1122 2736 praedicationis‘
1142 2648 1239 2734 largi·

68 2774 125 2836 am
149 2789 239 2850 esse;
263 2767 323 2834 hoo
344 2765 433 2832 nulla
454 2766 577 2832 ratione
600 2765 708 2832 credat
730 2770 840 2832 sanctu
861 2770 917 2832 tuo
938 2764 1129 2832 fraternitas.
1176 2763 1239 2832 Sed

68 2885 232 2954 similitor⁸
253 2885 288 2950 in
311 2883 357 2950 eie
380 2881 562 2948 canonicam
578 2899 690 2948 exerce
710 2881 893 2964 vindictam,
917 2880 1179 2966 quemadmodum
1199 2879 1238 2947 de

67 3000 111 3067 his
125 3001 264 3087 quibusl
276 2999 433 3086 superius¹
447 3017 466 3064 a
479 2997 570 3065 nobis
586 2995 732 3064 edoctusk
744 2997 940 3064 monstraris.
967 2995 1039 3064 Non
1053 2997 1137 3063 enim
1153 2994 1239 3063 uliud

69 3123 215 3202 teagere
237 3115 397 3199 volumus,
427 3119 649 3200 praeterquam
673 3113 756 3199 quod
778 3114 859 3180 sacri
882 3111 1083 3199 praecipiunt
1104 3131 1239 3180 oenones

68 3233 238 3302 ueletiam
262 3231 302 3298 eb
326 3231 385 3298 hac
406 3229 580 3316 apostolica
602 3228 676 3296 sede
698 3228 883 3296 instructus¹
906 3247 975 3294 esse
997 3227 1178 3294 dinosceris.

152 3346 338 3418 Secundum
360 3351 435 3412 tuae
455 3365 592 3430 namque
613 3346 790 3412 sanctitatis
810 3345 995 3431 petitionem
1011 3348 1043 3411 et
1057 3344 1158 3411 tribus
1173 3344 1239 3430 epi-

68 3466 167 3552 scopis
192 3465 260 3533 tuis
283 3461 423 3548 singulas
439 3459 685 3530 confirmationis
706 3459 855 3548 epistolas
870 3459 1048 3528 misimua't
1084 3458 1168 3538 Quas
1183 3479 1240 3546 per

66 3587 134 3650 tuae
158 3579 343 3648 sanctitatis
366 3587 499 3644 mcuus'
522 3577 567 3644 eis
590 3575 700 3661 largiri
723 3576 877 3644 volumus.

151 3699 200 3766 Et
229 3695 478 3762 Carolcmanno⁰
505 3691 570 3760 filio
600 3697 707 3759 nostro
737 3691 800 3758 alia
828 3693 948 3779 scripta
975 3691 1164 3760 direximus:
1193 3697 1240 3777 ut,

67 3835 143 3899 quae
159 3814 225 3882 tibi
239 3811 394 3900 poposcit7
419 3809 591 3896 adimplere
605 3809 744 3893 festinet,
759 3812 871 3892 atque'
886 3806 1076 3874 adminicula
1090 3812 1239 3895 praestet.

134 3999 156 4032 a.
180 4001 240 4032 coer.
256 3986 279 4029 ia
296 3980 442 4028 detestabilia
457 3979 619 4039 etperuiciosa
636 3981 662 4026 C.
728 3977 751 4024 b.
773 3978 867 4036 auguria
883 3995 940 4024 corr.
956 3980 979 4024 r'c
995 3989 1066 4035 augur
1081 3980 1117 4032 M,
1133 3979 1155 4023 iu
1172 3989 1241 4035 cugu-

68 4065 120 4110 rim
138 4068 166 4113 c.
253 4078 274 4110 c.
294 4061 441 4118 instigatione
458 4063 492 4106 M.
570 4057 593 4104 d.
615 4075 656 4104 om.
675 4061 708 4104 Μ.
787 4072 807 4104 e.
827 4058 879 4118 piae
896 4062 930 4104 M.
1008 4057 1025 4104 l.
1045 4057 1159 4104 affirmant
1175 4057 1242 4103 aaut

69 4145 99 4190 du
113 4161 199 4192 mu
216 4146 330 4206 corrigens
347 4143 370 4186 in
384 4143 410 4188 C.
471 4151 493 4197 g.
514 4138 583 4185 simili
592 4143 625 4186 M.
688 4137 711 4184 h.
732 4137 814 4197 qulbus
831 4137 925 4184 deletum
942 4146 976 4184 ert
991 4140 1014 4184 in
1028 4141 1055 4185 C.
1118 4137 1192 4184 toa.
1208 4139 1242 4182 Μ.

69 4221 89 4268 k
107 4237 159 4270 ecee
176 4223 275 4270 addidet
289 4239 371 4269 manus
387 4222 500 4282 corrigens
516 4222 539 4266 iu
556 4221 582 4266 C.
644 4218 659 4264 1.
680 4217 767 4265 tructus
782 4221 816 4263 M.
878 4231 908 4263 m.
930 4217 1045 4264 missimus
1059 4219 1093 4263 Μ.
1156 4229 1178 4262 u.
1195 4229 1242 4262 me·

69 4303 131 4352 mn
148 4308 185 4351 M.
266 4316 288 4348 o.
309 4319 367 4348 corr.
383 4303 406 4348 tc
422 4299 569 4346 Gurlomeuno
586 4302 612 4346 C.
691 4311 713 4358 p.
735 4313 778 4344 om.
795 4299 829 4344 H.

137 4411 163 4464 1.
189 4405 233 4464 cf.
251 4407 341 4463 mus.
357 4406 400 4474 rs,
413 4405 456 4460 uc.
546 4403 571 4458 a.
597 4399 880 4473 ornumornum.
