3144 4852
306 277 374 344 684
550 295 747 344 cnnmrmur
768 295 969 344 cunourcos
992 294 1225 342 mocusrmurr

139 444 297 501 1142-1153
305 435 414 504 multis
443 435 612 503 virtutibus
643 433 766 518 dotuto,
797 435 955 520 diabolus,
984 436 1038 520 qui
1066 435 1124 502 hoc
1146 435 1229 502 terre
1250 456 1312 502 non
1335 435 1471 518 valebat,

230 621 234 630 ,
305 553 368 640 ipsi
397 552 569 620 venerabili
597 554 683 635 viro,
712 553 786 638 quie
808 554 951 619 veritatis
976 573 1013 618 ac
1034 553 1121 639 pacis
1145 557 1266 619 amator
1288 559 1371 635 erat,
1402 551 1472 618 lites

306 675 338 736 ct
358 669 558 736 incommoda
585 668 744 736 excitavit
779 667 878 752 Nam,
908 669 982 753 quia
1009 689 1133 756 semper
1161 669 1191 735 ei
1213 673 1282 734 erat
1304 668 1409 751 cordi,
1438 671 1475 734 ut

305 785 406 852 clerus
428 785 546 851 honore
568 785 672 851 debito
696 784 862 868 gauderet,
886 783 1020 870 populus
1043 785 1166 851 iustitia
1186 790 1363 868 regeretur,
1388 790 1475 850 terra

307 922 383 988 pace
396 901 524 988 publica
538 900 704 983 exultaret,
726 921 797 966 ecce
813 905 977 967 accusatur
993 901 1076 987 apud
1092 921 1224 987 papam:
1248 901 1330 985 quod
1346 919 1474 966 somno-

304 1017 408 1084 lentus
440 1021 472 1083 ct
498 1015 619 1083 inutilis
648 1016 825 1083 haberetur.
865 1015 953 1094 Quod
977 1019 1025 1082 vir
1048 1017 1234 1084 venerabilis
1257 1022 1293 1083 ut
1315 1017 1474 1100 cognovit,

305 1132 460 1200 solemnes
490 1131 619 1198 nuncios
647 1152 705 1218 pro
734 1153 791 1198 sua
820 1133 1021 1199 excusatione
1049 1133 1088 1197 ad
1111 1153 1268 1199 sommum
1292 1131 1476 1219 pontificem

305 1248 444 1315 decrevit
470 1249 614 1334 protinus
644 1248 811 1315 destinare.
850 1247 938 1314 Misit
959 1269 1033 1332 ergo
1056 1248 1195 1315 omnium
1220 1269 1347 1314 suornm
1370 1268 1475 1315 secre-

304 1365 463 1431 tissimum
485 1365 688 1448 cognitorem,
716 1364 872 1449 quendam
895 1364 1072 1430 Amoldum
1095 1365 1258 1448 clericum,
1288 1385 1382 1450 quem
1404 1366 1475 1450 ipse

305 1480 556 1566 archiepiscopus
580 1479 619 1545 ad
643 1481 896 1566 praeposituram
921 1481 1072 1547 maiorem
1096 1477 1313 1566 promoverat¹
1335 1483 1401 1546 iam
1424 1502 1475 1547 rc·

304 1603 425 1679 center,
456 1603 608 1681 tanquam
636 1615 724 1678 eum,
757 1597 896 1681 quinon
919 1602 1028 1683 posset
1050 1617 1119 1662 esse
1142 1597 1307 1663 immemor
1329 1595 1476 1664 beneficii

304 1713 382 1780 tam'
398 1713 519 1779 noviter
547 1712 723 1792 consecuti;
753 1717 784 1778 et
813 1716 980 1798 propterea
1008 1713 1108 1779 eidem
1132 1714 1196 1780 iam
1219 1714 1475 1800 praeposituram

305 1831 405 1896 sancti
428 1827 513 1894 Petri
537 1828 633 1894 etiam
657 1829 847 1913 contulerat,
876 1829 1005 1913 insuper
1028 1838 1060 1895 et
1082 1814 1287 1896 camerarium
1310 1831 1477 1896 constituit

304 1945 440 2012 civitatis
455 1943 715 2028 Maguntinensis.
749 1944 829 2012 Erat
851 1951 957 2011 autem
979 1945 1063 2010 idem
1087 1945 1246 2011 Arnoldns
1266 1948 1339 2012 miri
1352 1947 1476 2030 ingenii

303 2068 336 2128 et
357 2060 522 2128 facundiae
546 2067 639 2146 atque
662 2065 827 2144 congestet
850 2061 1001 2146 pecuniae
1024 2059 1174 2128 infinitae.

392 2177 421 2244 Is
450 2177 570 2262 itaque,
599 2177 727 2244 veniens
756 2177 796 2242 ad
825 2178 943 2242 codem
971 2175 1162 2261 Romanam,
1192 2176 1475 2264 pontificatumque

304 2295 446 2361 ambiens
468 2292 757 2376 Maguutiucosem,
785 2293 925 2379 primum
948 2293 1009 2360 sibi
1032 2291 1206 2359 cardinales
1229 2294 1364 2379 pecunia
1385 2295 1475 2360 favo

303 2409 418 2476 rabiles
443 2409 617 2494 acquisivit.
652 2408 784 2492 Deinde,
808 2409 885 2475 duos
909 2408 1088 2495 specialiter
1108 2409 1242 2495 pecunia
1256 2429 1474 2497 corrumpens,

304 2525 439 2611 qualiter
468 2524 507 2590 de
536 2545 593 2590 sua
620 2525 750 2610 propria
771 2525 969 2610 promotione
991 2530 1099 2608 ageret
1121 2531 1153 2591 ct
1175 2525 1374 2612 postmodum
1398 2547 1475 2592 con·

303 2645 490 2724 summaret,
515 2659 585 2706 cum
608 2638 671 2706 illis
693 2639 880 2706 familiarius
903 2641 1126 2727 pertractabat.
1162 2640 1317 2726 Tandem,
1345 2642 1474 2709 abillis

302 2759 475 2825 instructus
499 2762 531 2822 et
553 2757 592 2822 de
614 2776 648 2821 se
670 2755 874 2840 certificatus,
898 2756 1002 2843 eoepit
1023 2756 1056 2822 in
1080 2777 1172 2822 suum
1196 2757 1356 2823 dominum
1381 2779 1475 2826 accu-

303 2873 434 2941 sationis
456 2873 560 2940 iacula
582 2872 727 2968 dirigere,
757 2893 850 2958 quem
872 2877 1002 2938 venerat
1025 2893 1186 2939 excusare.
1223 2873 1377 2957 Breviter,
1400 2882 1476 2942 tan-

304 2996 369 3057 tum
397 2991 431 3057 in
461 3009 520 3056 sua
547 2988 700 3076 processit
722 2988 879 3071 audacia',
908 2993 944 3054 ut
966 2988 1043 3055 duos
1064 2989 1186 3072 legatos
1208 2990 1362 3056 destinari
1384 2998 1475 3077 pete·

302 3113 360 3190 ret,
383 3106 477 3172 huius
498 3105 546 3172 rei
569 3105 746 3188 cognitores
768 3108 800 3170 ct
821 3103 962 3170 iudices.'
985 3105 1191 3191 Obtinuitquc
1214 3107 1339 3172 eosdem
1363 3107 1473 3192 duom,

304 3243 381 3307 quos
404 3229 596 3308 corruperat.

392 3337 530 3405 Tandem
560 3343 663 3404 tractu
691 3336 842 3422 temporis
869 3333 969 3402 multa
991 3336 1228 3403 intervenerunt
1248 3338 1362 3421 factm,
1391 3359 1475 3422 qnae

304 3455 386 3521 sicut
414 3454 621 3522 scribentibus
651 3452 774 3519 essentd
797 3472 930 3518 onerosa
955 3453 1001 3519 itu
1029 3451 1203 3537 legentibus
1226 3453 1374 3520 todiose·.
1410 3454 1474 3520 Ve-

215 3579 285 3635 1153
304 3571 396 3636 niunt
419 3591 492 3653 ergo
513 3563 627 3653 legati’
643 3567 863 3635 Wormaciam.
898 3567 1052 3635 Hem-icus
1075 3569 1241 3655 episcopus
1256 3571 1371 3637 citatus
1385 3591 1473 3637 conr-

377 3809 396 3840 a
420 3795 443 3839 et
459 3791 534 3838 offecit
550 3791 609 3838 edd.
624 3792 660 3837 ed.
736 3792 759 3839 b.
781 3793 894 3846 dominos,
910 3805 967 3852 qnos
984 3791 1174 3848 sanctificarent,
1192 3792 1233 3840 sed
1248 3791 1278 3840 de
1293 3792 1328 3840 illi
1343 3794 1472 3842 metilius·

304 3873 372 3928 doni,
395 3886 438 3932 que
459 3885 504 3917 non
526 3885 567 3930 per
587 3870 700 3917 Christum
721 3872 762 3918 sed
783 3887 824 3933 per
844 3873 979 3920 comercium
1000 3874 1031 3918 sit
1047 3877 1065 3918 Τ
1076 3891 1119 3932 pro
1140 3874 1198 3920 duos
1213 3885 1270 3933 qnos
1287 3877 1420 3934 occupent
1434 3875 1471 3920 ed.

304 3966 324 4000 ὓ.
344 3951 415 3999 Mults
430 3949 468 3998 hic
483 3951 636 3998 incaenium
651 3951 712 3998 tacu
727 3954 750 3998 ct
766 3955 830 4010 gestu
845 3958 865 4000 T
870 3971 913 4012 pro
924 3951 1023 3998 Tandem
1040 3975 1063 3983 -··
1075 3951 1143 3999 Μία.
1204 3953 1227 3999 (l.
1249 3957 1312 3999 esset
1326 3954 1376 4008 «ἀς
1392 3971 1435 3999 on.
1447 3955 1472 4001 T.

304 4045 324 4078 e.
346 4045 464 4078 onerosum
484 4055 508 4062 -
525 4031 638 4078 tediosam
653 4033 702 4088 ed.,·
723 4045 767 4092 que
787 4033 847 4078 sicut
867 4031 1018 4079 scribentibus
1039 4045 1136 4080 oneroso
1153 4033 1187 4078 tta
1201 4035 1224 4079 et
1238 4031 1367 4091 legentibus
1382 4033 1473 4080 tediosa

303 4111 377 4157 iomnt
394 4115 417 4156 Τ.

376 4215 400 4268 1.
425 4213 563 4269 ernoldus
580 4230 635 4270 uon
652 4213 704 4270 fuit
720 4215 893 4284 praepositus
911 4215 939 4271 S.
951 4216 1068 4284 Martini,
1087 4216 1136 4271 sed
1155 4214 1207 4271 fuit
1225 4217 1390 4272 camerarius
1405 4217 1471 4272 ciri·

304 4302 370 4356 tatis
393 4305 422 4354 et
441 4304 613 4373 praepositus
631 4303 762 4358 ecclesiae
781 4303 808 4358 S.
821 4305 895 4358 Petri
912 4305 1097 4374 lioguutinae.
1187 4307 1213 4360 2.
1236 4305 1413 4361 Bernhardus
1429 4321 1470 4377 pr.

305 4387 379 4442 card.
397 4389 438 4442 rit.
458 4388 485 4445 S.
498 4390 645 4446 Clementis
662 4393 692 4444 et
709 4391 857 4460 Gregorius
876 4392 944 4448 diac.
964 4393 1037 4448 card.
1057 4391 1085 4448 S.
1099 4391 1208 4464 Angeli.
