3164 4842
307 295 372 364 528
655 315 828 363 vunounm
849 316 928 362 vrrs
951 315 1123 364 amoma

308 457 382 522 suis.
417 455 482 522 Nec
504 455 699 522 solummodo
722 457 788 522 suis
810 456 891 524 hanc
913 457 1062 544 pietatem
1087 457 1213 544 agebat,
1241 458 1298 524 sed
1320 458 1361 524 ad
1382 464 1466 526 notor

236 577 238 580 ’
308 577 340 638 et
365 572 489 656 ignotos
513 573 607 638 corde
629 577 662 638 et
684 572 790 638 animo
813 573 859 638 sie
881 573 987 639 suauis
1010 577 1086 638 erat
1176 571 1301 640 Miceris
1323 574 1468 640 ioculato-

306 687 394 754 ribus
422 687 514 754 ualde
544 687 605 754 fuit
634 688 801 770 benignus,
831 687 919 753 nulla
947 687 1130 755 scurilitatis
1158 690 1262 776 specie
1291 690 1468 772 conductus,

307 803 362 870 sed
391 809 520 888 propter
542 801 645 869 Deum
673 804 780 888 inopie
809 803 995 868 miserorum
1021 804 1202 887 consulens;
1232 827 1354 873 memor
1376 805 1469 888 uerbi,

308 918 390 1004 quod
413 924 547 984 testatur
570 919 694 985 dicens:
724 921 821 986 Beati
840 923 1066 1000 misericordes,
1091 925 1242 1007 quoniam
1262 927 1331 1010 ipsi
1350 926 1470 987 micci-

307 1037 451 1100 cordc'cm
473 1049 697 1122 consequentur
706 1031 723 1101 ¹.

395 1148 443 1216 De
471 1150 672 1236 simplicitate
701 1151 761 1216 uiri
791 1170 853 1218 non
882 1157 930 1217 est
956 1150 1090 1218 multum
1112 1171 1240 1220 necesse
1261 1150 1358 1236 loqui.
1393 1152 1472 1219 Nan

308 1265 384 1332 adeo
414 1265 549 1351 simplex
575 1265 753 1333 hominibus
782 1265 962 1350 videbatur,
997 1267 1079 1350 quod
1108 1267 1295 1354 simplicitas
1325 1287 1384 1334 sua
1413 1287 1473 1333 non

307 1401 423 1464 magna
449 1382 605 1466 sapientia
630 1388 810 1468 putaretur3
838 1383 901 1449 nisi
924 1383 1007 1467 quod
1029 1389 1139 1468 postea
1162 1384 1321 1451 miraculis
1345 1384 1473 1451 claruit:

308 1517 402 1582 quarn
426 1504 554 1584 acceptu
572 1497 708 1565 Domino
732 1499 918 1584 simplicitas
942 1519 1000 1564 sua
1020 1499 1089 1566 tuit
1124 1499 1159 1566 In
1182 1501 1385 1587 simplicitate
1408 1519 1475 1566 con

308 1613 356 1678 dis
372 1611 474 1680 Deum
497 1614 642 1698 quesivit
667 1620 698 1680 et
720 1614 774 1681 ille
796 1634 850 1680 cor
872 1615 1024 1680 mundum
1046 1616 1079 1680 in
1102 1635 1138 1682 eo
1164 1618 1294 1697 creavit3
1318 1622 1352 1684 et
1365 1615 1475 1683 Domi-

307 1749 384 1795 num
406 1729 474 1796 sine
497 1730 590 1820 dubio
613 1730 720 1797 videre
742 1732 867 1814 meruit,
892 1732 973 1796 sicut
994 1731 1028 1796 in
1051 1732 1212 1814 euangelio
1227 1732 1356 1816 legitur:
1380 1735 1476 1800 Booti

307 1847 425 1912 mnodo
447 1849 549 1926 cordo,
576 1851 726 1934 quonium
748 1850 814 1934 ipsi
834 1849 940 1913 Deum
962 1844 1135 1914 adlabenti

397 1961 487 2040 Quod
514 1961 591 2028 dicit
618 1961 795 2048 apostolus:
827 1963 868 2030 Si
886 1964 963 2046 fisca
984 1977 1102 2050 potest,
1134 1967 1219 2051 quod
1245 1967 1398 2030 secobia
1422 1979 1474 2046 sse,

309 2101 380 2144 mon
413 2079 554 2144 omnibus
588 2079 763 2144 bominibus
795 2101 905 2165 pacem
933 2073 1105 2161 inemtas&
1140 2080 1210 2165 ipse
1239 2079 1408 2146 exorcebat
1437 2081 1476 2147 ad

310 2213 427 2260 omnes.
461 2193 504 2260 Et
527 2194 572 2260 sic
596 2194 753 2260 ascendit·
769 2194 800 2260 in
824 2187 914 2260 illurn
935 2194 1079 2278 gradum,
1103 2194 1142 2260 de
1165 2214 1225 2278 quo
1248 2195 1327 2262 dicit
1340 2215 1476 2280 euange-

309 2308 403 2374 lium:
427 2311 522 2374 Bcute'
539 2311 677 2396 pacifici,
703 2313 853 2396 quonium
874 2313 941 2396 spei
960 2309 1027 2376 Det
1039 2311 1108 2393 filii
1128 2309 1344 2378 vocabuntur.

399 2423 650 2491 intronisationis
673 2443 728 2491 sue
751 2425 862 2511 primis
885 2425 1078 2512 temporibus
1102 2447 1121 2492 a
1142 2426 1293 2493 fratribus
1316 2433 1347 2493 et
1371 2429 1477 2514 coepi·

310 2541 413 2627 scopis
440 2545 652 2627 contemptus,
681 2541 762 2607 sicut
788 2561 807 2606 a
830 2539 972 2629 Spirensi
995 2542 1159 2628 episeopo,
1189 2543 1243 2627 qui
1264 2541 1404 2628 perfidus
1430 2542 1477 2610 Si·

310 2653 417 2724 bicbo⁶
440 2655 728 2740 cognominabatur,
752 2663 784 2723 et
806 2658 1014 2744 despectionis
1035 2659 1284 2744 persecutionem
1299 2633 1332 2724 et
1346 2659 1478 2745 perfidio

309 2771 458 2838 iniuriam
480 2793 648 2859 perpessus
672 2779 729 2856 est,
754 2793 817 2840 non
839 2774 1105 2856 misericordiam
1130 2776 1163 2841 in
1180 2775 1239 2842 boc
1254 2777 1350 2842 etiam
1366 2776 1478 2844 beatus

310 2893 439 2974 propter
460 2889 647 2974 patientiam
670 2893 702 2954 et
723 2884 906 2954 iustitiam.

399 3003 462 3071 Sed
483 3004 545 3070 hiis
568 3010 638 3070 octo
661 3004 890 3071 beatitudinum
912 3006 1034 3070 meritis
1056 3005 1129 3088 illis,
1154 3007 1266 3090 quibus
1285 3008 1334 3073 vir
1349 3015 1478 3075 sanctus

309 3121 448 3206 primum
478 3126 547 3186 erat
573 3119 789 3206 despicabilis,
823 3121 994 3188 nouissime
1021 3121 1165 3188 omnibns
1193 3129 1302 3205 gratum
1329 3123 1478 3191 ensem·

310 3241 358 3302 est
381 3243 412 3302 et
434 3235 633 3302 venerabilis.

398 3350 468 3416 Hiis
491 3352 640 3419 debemus
663 3353 799 3420 breviter
823 3371 991 3438 apponere,
1015 3371 1075 3436 que
1097 3371 1154 3437 per
1176 3353 1264 3420 illum
1285 3355 1410 3438 egregie
1424 3375 1478 3438 ga-

311 3473 361 3533 eta
383 3474 457 3533 sunt
478 3466 648 3552 Maguntie.
738 3468 890 3535 Maiorem
914 3467 1092 3551 ecclesiam,
1122 3488 1182 3553 que
1204 3489 1285 3536 noua
1308 3471 1423 3537 dicitur
1445 3472 1479 3536 in

311 3584 545 3667 comparatione
568 3584 694 3668 veteris,
719 3585 787 3650 eine
810 3589 892 3652 tectu
916 3589 948 3649 et
969 3584 1160 3651 condensam
1175 3586 1261 3651 intus
1277 3586 1397 3652 inuenit
1411 3587 1479 3652 edi·

310 3697 393 3765 libus
421 3700 651 3766 instrumentis.
690 3700 740 3767 Ea
768 3699 888 3767 scilieet
915 3699 996 3766 silva
1025 3701 1140 3784 eiecta,
1175 3706 1304 3768 atecto
1332 3699 1480 3768 comeare

311 3815 402 3901 oepit
439 3813 553 3902 Sisque
575 3816 702 3882 domum
717 3815 778 3881 Dei
799 3815 999 3900 laquearibus
1022 3817 1202 3902 pauimento
1226 3823 1258 3882 et
1280 3821 1370 3901 parte
1391 3817 1479 3884 fene·

311 3936 465 4016 eborum,
494 3932 668 4018 parietibus
691 3931 861 4015 dealbatis,
888 3931 1092 3998 dedicationis
1115 3932 1343 4000 consecrationi
1364 3953 1478 4019 prepa-

383 4079 403 4112 ι.
423 4065 526 4111 aseendit
541 4083 560 4111 c.
638 4065 661 4110 b.
682 4063 775 4110 affectus
791 4082 811 4109 c.

383 4145 407 4197 1.
425 4141 598 4210 Matones.
670 4143 695 4195 2.
714 4141 848 4211 bettho,
860 4142 886 4196 8.
958 4143 984 4198 3.
1001 4141 1080 4197 Rom.
1094 4144 1136 4212 12,
1150 4143 1192 4198 18.
1264 4143 1293 4197 4.
1308 4143 1439 4211 memo,
1451 4143 1477 4198 9.

311 4231 337 4286 5.
357 4231 546 4287 1039-1054.
566 4229 607 4285 ef.
620 4227 770 4286 lidllenhof
779 4231 928 4299 Zeugnisse
940 4247 989 4284 nur
1000 4231 1150 4286 deutschen
1161 4230 1335 4300 Heldensage
1346 4233 1374 4286 in
1384 4231 1479 4300 Haupt

311 4317 466 4374 zeitschrift
478 4319 531 4374 XII
543 4319 702 4374 308-310.
791 4319 817 4373 6.
841 4318 937 4374 listth.
950 4321 975 4390 5,
990 4321 1038 4375 10:
1059 4319 1171 4390 „Beati,
1195 4320 1243 4389 qui
1259 4321 1477 4390 persecutionem

310 4407 451 4478 patiuntur
468 4412 579 4477 propter
596 4407 759 4464 iusnnonl.
