3176 4846
307 317 387 366 vrrs
410 317 565 368 inunum
588 317 847 368 saonmrrscorr
869 319 1065 370 moouurnu
1202 299 1268 370 689

99 456 162 524 Vix
184 475 256 524 oum
279 457 376 526 rerba
396 457 527 542 finisset,
551 462 706 528 oonoitato
728 459 865 528 elamore
887 461 927 530 ob
949 461 1076 530 sceleris
1093 463 1267 530 novimtsm
1287 469 1356 526 1159

99 578 132 640 st
152 573 381 642 immanissime
402 575 597 643 infidelitatis
620 577 783 644 raritatem
806 596 914 644 omnes
937 584 1077 663 strepere
1097 597 1268 662 omnesque
1294 543 1350 590 Μ

98 689 264 756 vociferari
286 691 467 774 glomeratis
490 711 602 778 oopare
623 691 835 760 tumultubus:
861 694 889 760 0
908 717 971 782 pro
992 696 1102 779 nefas!
1122 701 1169 761 et:
1192 697 1266 760 Mo-

97 809 225 874 riuntur
245 811 558 895 emendanturque!
579 809 641 874 Rei
661 824 734 876 eunt
752 813 861 876 mortio
876 823 906 876 et
918 813 967 876 ret
980 824 1053 876 sumt
1067 813 1265 892 muhammat

99 925 158 1008 qai
186 924 241 988 heo
268 937 536 1015 presumpserunt
582 922 626 992 Et
653 925 865 1008 geminabant.
962 923 1102 992 Tandem
1130 925 1267 993 elamore

97 1038 218 1122 sedato,
241 1045 408 1126 postquam
430 1040 563 1106 domnus
578 1041 751 1126 imperator
766 1060 786 1107 a
800 1059 834 1107 se
849 1041 941 1107 huius
956 1041 1145 1127 suspicionis
1159 1048 1267 1108 nomm

98 1153 306 1240 absterserat,
336 1157 509 1224 adversarii
532 1155 607 1239 Dei,
635 1155 732 1222 luridi
754 1156 837 1240 orn‘,
866 1157 900 1223 in
923 1157 1062 1223 medium
1085 1158 1267 1244 responsuri

97 1269 268 1352 duouutur3
291 1271 406 1338 faeiem
428 1273 512 1338 enim
535 1273 677 1357 ipsorum
700 1271 817 1357 pallor,
847 1270 984 1340 suffusus
1006 1273 1121 1340 rubore
1143 1292 1180 1339 ao
1202 1275 1266 1340 tre-

97 1405 202 1470 more,
231 1386 422 1453 obsederatt
462 1382 543 1466 Quid
565 1394 676 1455 mutua
697 1388 853 1471 dieerent,
881 1388 990 1455 miseri
1012 1408 1076 1455 non
1098 1388 1265 1456 habebant

98 1500 177 1586 Sed,
207 1503 393 1587 quibusdam
421 1505 591 1570 innitentes
619 1503 806 1590 calumpniis
829 1541 870 1550 -
896 1525 915 1570 a
941 1504 1136 1590 prinoipibus
1164 1506 1267 1590 pressi

97 1617 234 1700 silentio,
258 1619 334 1702 quia
354 1618 416 1686 hiis
438 1619 610 1686 mendaoiis
632 1619 720 1686 loeus
742 1625 946 1686 nouerat-
964 1619 1267 1706 qualespm'neipum

96 1733 257 1818 totiusque
272 1735 358 1800 eurie
372 1735 564 1802 invectiones
581 1735 765 1817 detulerint3
789 1755 883 1821 quam
898 1735 1022 1802 truens*
1036 1735 1169 1802 intuitus
1183 1735 1266 1802 lero-

96 1867 211 1934 oesque
240 1851 528 1918 animadversiones
553 1853 679 1937 experti
716 1853 811 1932 sint‘3
845 1857 962 1936 quanto
989 1851 1125 1918 ludibrio
1154 1849 1264 1936 habiti,

97 1965 268 2051 qualesque
297 1965 512 2032 damnationes
544 1967 576 2032 in
605 1987 639 2033 ee
668 1987 763 2054 super
791 1973 858 2032 tam
886 1965 1064 2034 detestabili
1086 1967 1265 2034 temeritate

96 2101 156 2148 sna
184 2081 356 2162 audieriut3
387 2089 503 2167 quanto
531 2083 651 2169 pudore
675 2081 793 2166 effoeti,
814 2100 844 2148 'a
866 2088 1036 2168 conspeetu
1058 2083 1145 2148 ouria
1165 2101 1266 2167 usqne

95 2198 132 2264 in
161 2198 350 2281 erastinum,
383 2199 498 2264 iterum
528 2197 691 2282 audiendi,
727 2197 843 2265 sublati
871 2198 1003 2280 inerint3
1038 2197 1266 2284 quantumqae'

96 2313 205 2380 domui
219 2312 396 2399 Magonem
419 2315 482 2382 oris
504 2315 637 2396 gratiam
662 2320 694 2381 et
715 2315 856 2400 eorporis
879 2314 1064 2398 dignitatem
1086 2320 1119 2382 et
1141 2315 1266 2399 elegan-

95 2429 175 2496 tiam
199 2435 306 2514 gestus
328 2431 429 2516 ipsius
452 2429 746 2516 observantiamque
768 2429 935 2498 uerborum
959 2451 1087 2497 suorum
1105 2437 1138 2498 ot
1151 2432 1267 2515 grand·

97 2565 156 2610 eve
183 2565 239 2612 sue
268 2547 360 2612 etatis
387 2547 596 2614 reverentiam
619 2546 759 2614 universi
782 2547 1006 2633 obstupebant,
1036 2547 1177 2616 hostibus
1200 2548 1266 2616 suis

96 2661 302 2744 devoventem
319 2667 351 2728 et
365 2683 495 2748 presens
511 2669 578 2730 etas
594 2670 626 2730 ot
641 2668 805 2730 seoutura¹
818 2667 922 2748 potest
934 2663 1071 2730 retinere
1085 2665 1264 2749 posteritas.

186 2777 257 2845 Hiis
286 2798 359 2862 ergo
382 2798 440 2865 pro
464 2779 613 2846 tribunali
637 2780 792 2864 decursis,
822 2779 1007 2845 cateruatim
1029 2784 1126 2845 ruunt
1147 2779 1266 2865 prinei·

95 2913 164 2982 pes,
188 2913 278 2960 suum
302 2894 416 2960 domno
440 2893 623 2978 Mogontino
646 2893 813 2962 offerentes
835 2893 1018 2980 hospitium.

186 3007 389 3077 validissimo
417 3029 551 3094 namque
580 3010 741 3077 obsidione
768 3009 871 3076 medio
899 3010 1010 3076 hiemis
1033 3013 1176 3096 tempore
1197 3029 1264 3076 am-

95 3125 199 3192 bierat
221 3125 353 3194 domnus
376 3128 548 3212 imperator
570 3125 727 3210 quoddam
751 3125 997 3193 munitissimum
1019 3124 1108 3192 ltalia
1125 3125 1263 3212 opidum,

95 3241 211 3308 Cremo
225 3243 367 3324 nomino;
392 3261 592 3326 aggeresque,
616 3241 725 3325 valles,
744 3242 989 3327 propugnacula,
1006 3241 1130 3325 arietes,
1145 3241 1265 3308 maehi-

95 3377 155 3424 nas
178 3365 210 3425 et
232 3359 339 3424 omnia
361 3357 554 3426 edificiorum
577 3363 735 3424 tormenta
756 3363 867 3424 uonna
888 3358 993 3445 ipsum
1015 3358 1176 3444 ingyrum
1192 3378 1264 3444 pre·

95 3479 265 3541 atrorem.
300 3473 535 3559 Ediderantqne
556 3476 605 3541 aui
628 3474 668 3540 ad
690 3473 841 3540 hiemales
862 3473 980 3540 imbres
995 3473 1203 3559 horroresque
1218 3475 1264 3542 al·

95 3591 199 3675 gentis
222 3590 331 3658 brume
355 3590 515 3674 arcendos,
540 3589 684 3656 omnibus
705 3591 829 3657 oiroiter
851 3590 890 3656 ad
906 3590 1013 3656 dooem
1028 3589 1166 3658 miliaria
1180 3591 1266 3658 oiroa

96 3705 246 3791 abrosisl,
270 3725 463 3792 quocumque
485 3706 663 3794 mappalia,
685 3705 835 3793 paleariis
857 3707 1206 3793 oiroumpeudeutibua¹.

184 3823 237 3889 Ad
265 3822 323 3890 hee
349 3823 446 3906 igitur
474 3823 610 3909 hospitia
637 3842 753 3889 novum
782 3822 938 3909 hospitem
967 3823 1082 3890 euriosi
1104 3823 1263 3910 prinsipes

95 3939 241 4006 oenatim
269 3938 433 4006 rotabant
469 3938 673 4024 Obtinuitque
701 3958 773 4006 eum
804 3937 936 4006 illustris
966 3939 1129 4007 Gonradus
1159 3959 1263 4006 eomes

94 4055 256 4142 palatinus
269 4055 359 4140 Rani,
381 4055 644 4143 imperatorisque
666 4075 848 4140 germanum
872 4061 905 4122 et
926 4056 1001 4141 quia
1021 4055 1153 4123 riduior
1166 4055 1263 4140 ourie,

168 4283 188 4316 ι
210 4271 322 4318 mdoetatl
338 4273 360 4318 1.
423 4270 445 4316 b.
465 4269 574 4316 luridiora
590 4285 647 4316 corr.
661 4272 683 4314 tu
699 4269 842 4326 insidienti,
858 4268 927 4316 luridi
943 4271 1014 4315 orat.
1077 4281 1096 4315 e.
1113 4268 1229 4316 obsim
1240 4271 1261 4316 1.

94 4351 118 4397 d.
140 4351 229 4398 aemuia
245 4353 267 4408 1,
283 4353 390 4399 trum
461 4363 481 4396 a.
502 4352 556 4396 mut
571 4351 593 4396 l.
661 4347 678 4395 ι’.
699 4351 850 4409 quantamque
865 4351 888 4395 2
958 4363 979 4408 g.
994 4349 1110 4396 nautii.
1177 4347 1262 4396 hob·

93 4431 155 4478 rosia
173 4432 194 4488 1,
210 4431 298 4478 abrosis
314 4433 336 4477 2
413 4433 429 4478 i.
450 4429 602 4490 pendentilem
617 4430 702 4476 oneum
718 4431 740 4487 i,
756 4431 780 4475 2.
