3024 4864
274 255 342 324 220
502 275 529 322 s.
546 273 723 322 sosnsnn
745 273 789 321 nn
810 273 913 322 nunus
934 271 1122 321 neronom
1141 271 1178 318 ue.
1194 271 1225 319 co

203 423 254 480 tol
274 416 395 483 return
417 415 569 484 dedicavi
616 415 653 482 In
681 433 742 500 quo
771 413 856 497 loeo,
884 433 955 480 curn
983 432 1139 481 consensu
1166 414 1296 501 pietatis
1323 417 1448 481 vestm

274 532 442 620 proposui,
466 530 695 617 aliquantulum
717 528 768 598 vel
790 530 899 617 peucis
922 529 1032 598 diebus
1053 530 1172 597 fessum
1194 535 1357 597 senectute
1379 547 1448 596 cor·

275 669 336 736 pus
363 646 588 734 requiescendo
616 665 804 733 recuperare
827 651 859 713 et
880 651 954 732 post
975 649 1111 713 mortem
1131 646 1244 713 iecere.
1291 644 1449 724 Quattuor

273 765 392 832 etenim
415 763 536 852 popuii,
561 763 674 849 quibus
696 761 829 830 verbum
844 759 962 828 Christi
984 781 1041 848 per
1063 761 1199 846 gratim
1213 761 1275 828 Dei
1297 761 1450 846 diximus,

272 881 306 947 in
330 880 464 947 ciroffitu
485 879 547 946 looi
570 878 663 945 huius
687 877 829 945 habitere
857 877 1077 959 dinoscuntur;
1105 876 1219 962 quibus
1245 895 1319 943 cum
1341 883 1451 944 vestre

273 995 509 1079 intercessione,
534 1015 629 1080 quom
644 995 699 1063 diu
714 994 786 1062 vivo
801 993 852 1060 vel
866 993 967 1080 sepio,
989 993 1077 1060 utilis
1093 1011 1162 1060 esse
1177 1012 1316 1079 possum.
1346 991 1448 1080 Cupio

274 1111 358 1180 eninr
381 1111 496 1178 uestris
520 1110 731 1194 orationibus,
754 1110 974 1176 commitante·
997 1107 1100 1192 gratie
1121 1107 1197 1193 Dei,
1225 1109 1259 1175 in
1280 1107 1448 1175 familiari·

272 1233 338 1295 tete
359 1227 521 1294 &numae
543 1225 713 1294 aecclesiae
735 1230 768 1292 et
787 1229 892 1292 vestro
908 1224 1037 1292 servitio
1052 1225 1135 1292 inter
1150 1223 1356 1292 Germanicus
1372 1244 1450 1309 gen·

273 1347 339 1424 tes,
371 1343 410 1408 ad
433 1361 512 1428 ques
534 1343 649 1409 missus
680 1341 743 1426 tui,
772 1359 975 1427 perseverare
998 1345 1030 1407 et
1051 1345 1220 1428 praecepto
1245 1345 1350 1408 vestro
1374 1341 1450 1408 ohe·

273 1457 351 1542 dire,
375 1458 457 1525 sicut
478 1458 631 1545 scriptum
656 1463 721 1525 ost:
746 1458 906 1524 Iudicium
923 1460 1031 1545 patrie
1054 1459 1170 1539 audie,
1187 1457 1256 1542 filii
1276 1458 1396 1538 dilecti,
1421 1471 1451 1524 st

272 1577 319 1640 eie
332 1575 453 1660 facite,
485 1588 520 1640 ut
542 1574 625 1641 salai
646 1569 752 1652 eitis¹3
781 1578 814 1640 et
836 1571 927 1640 alibi:
958 1572 1025 1655 Qui
1044 1574 1179 1640 honorat
1198 1587 1320 1662 patrare
1341 1596 1448 1655 erasus,

272 1693 339 1757 cita
352 1689 448 1756 eicit*
465 1685 640 1778 lortqiore'c
663 1690 842 1757 etiterum:
865 1689 1000 1756 Honora
1010 1703 1138 1777 pato-ern
1152 1685 1267 1771 usuru',
1284 1703 1320 1756 ut
1332 1712 1448 1778 super*-

272 1809 378 1874 ocne'at
399 1807 460 1874 oti
480 1807 650 1873 benedictio
674 1831 696 1872 a
710 1807 854 1872 Domino
861 1800 883 1887 ⁴,
907 1818 937 1872 ct
959 1805 1128 1874 heodicio
1146 1809 1253 1893 pauo
1259 1807 1374 1891 firmi
1386 1807 1448 1874 do·

272 1933 359 1989 mue⁸
373 1916 556 2008 fitioruam⁴¹⁶
558 1967 1447 1988 ...........................

752 2045 965 2056 -ι--α--ο

274 2109 336 2180 80.
360 2111 540 2176 Zachariae
568 2132 659 2196 papa
680 2109 849 2193 Bonifatio
877 2110 1044 2196 respondet
1066 2109 1105 2174 de
1126 2111 1321 2176 sacerdotum
1343 2109 1447 2176 ucula

361 2248 433 2290 rum
456 2229 687 2306 oecumenicae,
718 2227 756 2290 dc
778 2228 950 2312 episcopio,
975 2226 1014 2290 dc
1030 2225 1144 2312 palliis
1167 2225 1383 2307 Praeconem,
1408 2227 1449 2292 ds

361 2345 551 2408 monasterio
575 2341 746 2422 Fuldcasi,
772 2363 853 2427 quaa
875 2341 1030 2407 actualia
1051 2365 1115 2407 aon
1139 2343 1288 2422 odoacer,
1312 2343 1352 2408 dc
1374 2345 1450 2428 ἔφη

358 2457 518 2544 paschali,
543 2459 582 2523 dc
603 2457 711 2524 morbo
734 2460 833 2544 reaia,
858 2459 897 2522 da
916 2458 1050 2544 pedidus
1067 2443 1230 2539 lavandos,
1247 2459 1286 2522 de
1301 2457 1448 2524 denedic-

362 2573 510 2653 tionibus,
535 2576 574 2639 dc
593 2573 818 2653 sacerdotibus,
842 2575 881 2638 de
895 2574 1027 2654 Milone,
1052 2576 1091 2640 de
1112 2574 1214 2655 lardo,
1239 2575 1278 2640 de
1298 2577 1449 2662 episcopo

364 2689 579 2769 condensato,
604 2691 643 2755 dc
664 2690 919 2777 presbyterorum
941 2692 1150 2773 ordinatiane,
1173 2692 1212 2756 de
1234 2712 1328 2756 ceusu
1351 2691 1448 2757 eaode-

361 2807 492 2887 tiaram,
517 2807 556 2871 dc
572 2828 774 2893 pacatorum
787 2808 974 2886 inimicius,
998 2808 1038 2870 dc
1053 2805 1241 2872 Sclaoorraro
1255 2807 1384 2888 uitato,
1409 2809 1450 2874 de

353 2921 465 3007 ficara
487 2925 615 2987 mie&
1057 2919 1093 3002 (S
1112 2922 1186 3005 142,
1208 2919 1248 2988 W
1264 2923 1317 3006 87,
1344 2919 1373 2988 G
1391 2923 1448 3004 76)

186 3061 238 3116 ‘151
360 3051 627 3121 Reuerentissimo
662 3057 695 3120 et
725 3053 923 3120 sanctissimo
951 3053 1044 3122 notri
1071 3053 1229 3122 Bonifatio
1258 3055 1448 3144 coepiscopo

173 3134 257 3182 ΝΜ
272 3169 440 3238 Zecheries
464 3171 630 3256 episcopus
653 3183 762 3236 servus
785 3188 949 3236 servorum
971 3169 1040 3236 Dei.

361 3285 550 3354 Benedictus
579 3284 682 3369 Deus,
716 3290 808 3372 poter
841 3285 961 3352 domini
994 3287 1094 3352 nostri
1122 3286 1193 3354 Iesu
1221 3285 1357 3372 Christi,
1391 3289 1449 3374 qui

272 3402 416 3488 disperse
443 3406 613 3485 congreget
641 3407 674 3468 et
701 3406 892 3486 congregato
918 3405 1085 3470 conservet
1112 3409 1266 3488 augetque
1292 3401 1387 3470 fidem
1413 3409 1447 3471 et

271 3517 418 3584 fiduciam
451 3516 551 3584 servis
586 3517 651 3582 suis
686 3517 727 3583 ed
755 3517 1002 3604 praedicendum
1031 3517 1160 3585 verbum
1189 3517 1347 3602 euangelii
1374 3517 1449 3586 Iesu

273 3633 391 3700 Christi
420 3631 539 3700 domini
567 3633 684 3716 nostri,
712 3652 782 3699 curn
812 3633 923 3701 eodem
949 3633 1044 3702 Patre
1072 3639 1103 3702 et
1126 3634 1247 3722 Spiritu
1274 3639 1384 3701 meto
1413 3636 1449 3702 in

273 3750 394 3816 unitate
415 3746 550 3815 vivonti¹
574 3747 607 3814 in
630 3748 757 3816 saecule
779 3749 985 3818 saeculorum.
1019 3749 1086 3837 Ipsi
1107 3749 1208 3833 glorie
1230 3755 1262 3817 ot
1282 3750 1365 3834 leus,
1391 3749 1448 3838 qui

345 3903 366 3936 ι
387 3907 444 3936 corr.
461 3893 483 3936 r'u
500 3891 622 3936 comitante
640 3895 666 3940 c.
743 3891 766 3938 b.
788 3909 845 3938 corr.
862 3895 884 3938 r'u
900 3893 962 3938 vivet
979 3894 1005 3940 ι’.
1075 3905 1095 3938 c.
1110 3881 1193 3951 donis
1210 3895 1236 3940 C.
1307 3892 1330 3939 d.
1345 3897 1448 3956 seq-dr

272 3974 296 4017 ia
313 3973 334 4019 C
346 3973 437 4032 pagiua
453 3987 535 4016 nocua.
614 3985 634 4017 e.
656 3988 685 4016 a
700 3975 729 4018 M
743 3971 876 4026 tt-teo,
899 3971 1060 4020 ctos-40.
1088 3972 1141 4018 Siue
1162 3973 1264 4017 humata
1280 3975 1321 4030 M,-
1341 3971 1449 4032 Epistol!

273 4049 395 4097 Zeehsriee
410 4062 484 4110 pspee
500 4049 529 4096 ed
545 4049 682 4097 Boniietium
700 4054 726 4099 c.
803 4051 819 4097 i.
837 4055 873 4099 sic
886 4067 929 4111 pre
945 4050 1042 4098 viventis
1058 4049 1127 4096 cedd.

345 4139 370 4192 1.
393 4135 478 4190 Eccli.
490 4137 516 4204 3,
529 4136 555 4190 2.
639 4137 665 4191 2.
688 4135 772 4192 Eocli.
785 4137 810 4208 3,
824 4138 850 4192 7.
932 4137 958 4192 3.
982 4135 1065 4190 dccli.
1078 4137 1104 4206 3,
1117 4137 1143 4192 9.
1218 4137 1245 4192 4.
1264 4135 1349 4192 Eccli.
1362 4139 1389 4208 3,
1404 4139 1448 4194 to.

272 4225 299 4281 ὃ.
323 4223 446 4294 noent,
460 4225 502 4278 11.
517 4253 549 4262 -
567 4223 726 4279 Extremum
743 4223 824 4280 huius
842 4225 974 4296 epistotae
991 4229 1097 4295 pentem
1115 4224 1251 4282 interiisse
1268 4223 1449 4283 menifestum

272 4316 324 4368 est.
351 4311 437 4382 quue
455 4312 539 4367 etiem
557 4311 665 4368 librario
683 4311 786 4369 codicis
805 4311 1007 4368 Oerlsruhensis
1025 4314 1122 4383 patuit,
1144 4313 1247 4384 quippo
1264 4313 1313 4384 qui
1329 4329 1449 4385 sequen·

272 4403 329 4455 torn
346 4399 476 4471 paginam
494 4399 633 4471 reliquerit
648 4416 761 4473 purcm3
779 4417 806 4457 v.
826 4417 909 4474 supro
926 4399 1008 4458 huius
1025 4401 1144 4472 pcginee
1160 4405 1216 4458 not.
1229 4400 1256 4456 d
