3090 4848
300 263 364 330 116
523 280 550 328 s.
567 281 744 329 scamnum
766 283 809 329 nn
832 282 934 329 nunni
955 280 1142 329 sennocae
1163 281 1203 328 re.
1217 281 1248 327 se

177 425 230 480 742
385 421 537 510 Episcopi
560 441 683 508 quoque
707 429 739 490 et
760 423 928 510 presbiteri
950 422 1074 506 generis
1095 421 1300 506 Francorum,
1324 421 1378 507 qui
1398 421 1454 486 fue·

129 497 278 548 mm
296 542 372 604 runt
395 538 530 606 adulteri
552 539 602 606 vel
630 539 836 606 fornicatores
865 538 1025 622 acerrimi,
1055 558 1133 624 quoe
1160 538 1194 604 iu
1224 537 1325 621 gradu
1347 537 1455 624 episco-

296 658 389 740 patus
412 653 462 721 vel
485 655 665 742 presbiterii
686 653 930 720 fornicationum
952 653 1008 720 lilii
1032 655 1099 720 uati
1122 659 1275 738 mguuut,
1305 653 1455 720 revenien-

295 775 342 836 tes
366 769 406 836 ab
430 770 603 857 apostolica
626 771 717 855 sede,
741 770 864 836 dicunt:
889 770 948 836 sibi
969 769 1146 837 Romanum
1169 767 1350 856 pontificem
1371 769 1456 835 licen·

295 885 374 951 tiam
404 886 543 970 dedisse,
579 887 790 953 ministerium
826 885 1004 973 episcopale
1032 887 1066 952 in
1096 883 1248 953 aecclesm
1276 886 1456 952 minimis

295 999 379 1079 Quos
401 1007 512 1068 contra
534 1003 761 1070 contendimus.
808 1001 890 1080 Quia
917 1001 1123 1089 apostolicam
1152 1002 1259 1070 sedem
1281 1007 1392 1068 contra
1412 1000 1458 1068 de·

294 1122 381 1184 creta
404 1137 559 1186 canonum
582 1138 783 1204 nequaquam
805 1117 983 1184 audivimus
1007 1118 1173 1184 iudicasse.

385 1232 471 1300 Haec
493 1235 608 1318 omnis,
633 1235 759 1302 domiue
782 1234 963 1318 karissime,
988 1238 1158 1321 propterea
1179 1239 1256 1302 uota
1280 1233 1368 1300 vobis
1390 1232 1459 1299 faci·

295 1369 380 1416 mus:
410 1355 446 1416 ut
474 1354 597 1418 vestrae
626 1351 823 1418 auctoritatis
845 1369 1032 1437 responsum
1055 1349 1170 1416 talibus
1194 1351 1271 1416 dare
1292 1350 1459 1436 possimus;

295 1469 332 1530 ut
357 1485 415 1551 per
443 1464 599 1532 cautelam
629 1471 753 1534 vestrae
774 1466 917 1532 doctrine
940 1485 1014 1532 oses
1037 1464 1207 1533 aecclesiae
1228 1486 1294 1532 nou
1316 1465 1462 1532 seducan-

296 1585 365 1664 tur,
390 1581 444 1648 sed
467 1581 536 1668 lupi
558 1602 689 1669 rapaces
713 1583 850 1648 convicti
872 1587 904 1648 et
926 1581 1068 1668 superati
1090 1588 1231 1668 pereant

384 1695 509 1764 Interea
531 1697 717 1765 munuscula
739 1717 840 1785 parva
862 1697 952 1764 vobis
975 1697 1164 1781 direximus,
1188 1717 1253 1763 uon
1276 1699 1350 1783 quia
1373 1697 1464 1781 digua

295 1811 360 1878 sint
381 1813 566 1898 paternitati
587 1818 722 1898 rosnae,
745 1813 802 1880 sed
822 1833 880 1900 pro
895 1813 1012 1880 iudicio
1028 1812 1170 1879 caritatis
1186 1819 1218 1879 et
1233 1813 1463 1881 oboedientiae·

294 1926 480 2012 devotionis,
502 1929 538 1995 id
560 1935 608 1996 est
630 1924 811 1996 villosaml¹
834 1949 930 1996 unam
954 1935 986 1996 et
1008 1929 1132 2011 argenti
1154 1935 1186 1996 et
1209 1930 1277 1996 auri
1294 1929 1462 1996 tantillum

294 2041 435 2111 Dextera
449 2043 577 2112 Domini
601 2051 796 2132 protegente,
820 2044 1007 2110 incolomem
1029 2043 1135 2112 valere
1158 2045 1238 2111 etin
1253 2044 1379 2112 Christo
1395 2065 1465 2132 pro-

295 2157 387 2226 licere
410 2160 637 2228 beatitudinem
661 2166 800 2228 vestram
820 2161 856 2226 iu
877 2159 1073 2244 longitudine
1096 2161 1219 2228 diemm
1241 2166 1399 2248 optemus.

451 2275 496 2343 Te
518 2275 605 2342 Deus
629 2277 817 2344 altithronus
840 2282 951 2343 sancta
972 2281 1136 2344 conservet
1157 2276 1192 2344 in
1214 2277 1301 2362 aede,

452 2389 542 2460 Sedis
566 2393 737 2478 apostolice
759 2398 932 2476 rectorem,
955 2397 1099 2480 tempora
1120 2393 1225 2476 longa,

451 2485 748 2592 Melliflua‘gratum
772 2508 898 2596 populis
922 2507 1066 2575 doctrina
1087 2529 1145 2595 per
1167 2509 1286 2593 orbem,

451 2621 659 2710 Perliciatque
681 2624 748 2692 Deo
772 2625 903 2710 dignum
925 2626 980 2711 pia
1002 2624 1106 2708 gratia
1125 2623 1253 2691 Glrristi.

453 2737 625 2826 Splendida
647 2741 805 2828 percipiat
824 2739 940 2808 floreus
962 2761 1020 2808 sua
1042 2741 1158 2824 gaudia
1179 2747 1291 2824 mater,

452 2855 558 2943 Atque
581 2857 692 2924 domus
715 2856 845 2925 Domini
868 2856 1002 2924 laetetur
1023 2857 1113 2943 prole
1134 2857 1294 2924 fecundat

298 3065 361 3138 43.
385 3070 564 3136 Zalaces
588 3094 681 3158 papa
709 3071 876 3155 Bonifatio
910 3073 1085 3158 respondet.
1132 3071 1229 3140 Sedes
1263 3071 1472 3159 apocopam,

388 3185 581 3273 Wrribarqi
602 3187 790 3273 Barabarps'
810 3187 1017 3274 apopores
1046 3191 1245 3270 constitutae,
1276 3189 1475 3276 comprobat

386 3301 438 3366 De
461 3303 610 3379 concilior
633 3304 672 3368 dc
692 3304 845 3390 improbes
868 3304 1079 3370 sacerdotibus
1103 3306 1282 3370 deiciendos.
1318 3305 1382 3386 Ne,
1409 3307 1477 3372 arsi

386 3420 524 3484 racemos
539 3417 724 3504 aliquando,
742 3420 805 3484 sibi
818 3441 1024 3486 successorem
1038 3422 1184 3507 desperet.
1216 3421 1319 3486 Addit
1333 3423 1373 3487 de
1389 3424 1477 3486 diri·

386 3535 507 3600 mendts
529 3537 649 3620 nuptiis
673 3536 878 3620 quibasdam
902 3537 940 3602 de
951 3557 1102 3622 poneres
1116 3537 1332 3602 Kalendarum
1346 3537 1479 3604 Ianua-

387 3652 511 3716 rc'aram
533 3651 706 3716 celebritate
728 3676 749 3717 a
771 3673 835 3718 sese
856 3651 1002 3720 remoeal.
1085 3651 1121 3735 (S
1135 3651 1235 3735 142b,
1251 3649 1291 3720 W
1302 3653 1357 3734 52,
1373 3649 1406 3718 G
1419 3653 1479 3732 50)

221 3797 273 3852 743
387 3781 651 3850 Reverentissimo
687 3789 719 3850 et
751 3785 949 3852 sanctissimo
983 3784 1074 3852 fratri
1111 3783 1270 3852 Bonifatio
1304 3785 1481 3874 episcopo·

202 3872 280 3930 ΑΜ
298 3896 467 3966 Zacharias
491 3919 601 3966 servus
624 3919 786 3966 servorum
809 3899 892 3966 Dei‘.

389 4014 550 4104 Susceptis
573 4013 791 4082 sanctissimae
812 4015 1020 4120 fraternitatis
1042 4021 1116 4082 tuae
1137 4012 1270 4083 litteris¹
1293 4037 1352 4104 per
1366 4017 1484 4086 Dene-

369 4172 389 4205 s.
411 4176 468 4205 corr.
485 4162 507 4205 ia
523 4158 668 4206 oboedientis
684 4162 710 4206 C.
804 4157 826 4204 b.
846 4158 967 4205 uuillosam
986 4161 1019 4212 Μ,
1036 4175 1093 4205 cerr.
1109 4161 1132 4205 ia
1147 4159 1252 4206 villosam
1268 4163 1294 4208 C.
1392 4174 1416 4208 e.

299 4237 322 4282 d.
342 4255 371 4284 ea
387 4241 416 4284 M
430 4239 563 4294 rso-cuv,
580 4241 601 4286 C
616 4238 715 4286 ll-lt.
738 4239 792 4286 Siue
806 4238 909 4286 lauare
926 4241 966 4296 M‚·
987 4237 1090 4298 Epistola
1105 4237 1228 4287 Zachariae
1243 4239 1273 4286 sd
1288 4181 1486 4290 commanendi

300 4329 320 4362 e.
340 4317 477 4377 coepiscopo
495 4320 521 4366 C.
597 4317 614 4364 f.
634 4315 727 4364 Domini
744 4321 778 4364 M.

371 4412 396 4467 1.
419 4411 545 4467 mancio.
634 4413 660 4467 2.
684 4425 728 4482 ep.
741 4411 777 4467 42
795 4426 879 4482 supra
895 4425 923 4481 p.
938 4413 997 4468 111.
