3148 4846
314 275 380 344 438
519 290 727 342 moranum
749 291 829 340 vrrs
852 291 879 341 s.
895 257 1070 340 soamrr'u
1092 292 1167 342 cnr.
1182 291 1230 340 m.
1246 292 1281 339 ιν

312 431 371 505 bus
401 453 475 520 ergo
504 453 541 504 ac
569 433 750 522 potentibus
776 433 948 521 liberisque
977 453 1013 501 ac
1040 434 1141 501 servis
1169 431 1332 519 mqualem
1352 429 1466 502 sanctae
1560 389 1561 468 ¹

313 553 519 620 exortationis
549 551 693 620 exhibuit
719 549 934 637 disciplinam,
960 554 997 616 ut
1017 569 1076 617 nec
1097 549 1211 616 divites
1234 547 1401 616 adolando·
1420 549 1467 618 de-
1560 607 1561 642 ,

312 667 466 736 mulceret
492 685 551 735 nec
581 687 687 734 servos
714 666 765 734 vel
791 664 907 733 liberos
936 665 1131 733 districtione
1157 669 1393 754 praegravaret3
1420 663 1470 732 sed

315 785 407 852 iuxta
422 784 599 872 apostolum
617 782 761 850 omnibus
777 782 884 849 omnia
896 782 998 849 iactus
1015 785 1072 868 est,
1094 788 1131 850 ut
1144 799 1253 850 omnes
1266 777 1469 850 lucrificaret.

313 897 374 980 Qui
402 905 435 968 et
463 900 623 968 doctrinae
650 897 793 967 caelestis
819 894 1061 965 'documentum'
1082 917 1146 964 non
1173 917 1230 966 auo
1258 903 1331 965 ante
1355 903 1470 985 tempus

315 1015 451 1104 arripuit
473 1013 603 1083 arbitrio
626 1035 685 1083 nec
706 1015 925 1083 obstinationis
949 1035 1024 1082 suae
1042 1015 1157 1101 rapina
1169 1019 1357 1102 usurpatum
1372 1013 1472 1099 adqui·

314 1131 399 1217 sivit,
422 1131 478 1199 sed
499 1137 627 1198 sanctm
649 1130 837 1198 humssitatis
859 1130 1055 1217 proiectu—
1068 1131 1201 1216 triginta
1222 1135 1277 1197 aut
1292 1149 1329 1197 eo
1345 1129 1472 1216 amplius

314 1267 467 1315 annorum
495 1245 614 1314 habeus
643 1251 778 1314 aetatem
795 1281 837 1293 -
853 1245 1065 1331 magisteriale
1088 1251 1120 1313 et
1140 1244 1315 1313 familiare*
1338 1244 1474 1314 subleva·

314 1367 383 1430 tus⁸
406 1361 572 1449 electione,
601 1363 691 1428 iuxta
718 1362 887 1429 canonicae
913 1362 1145 1430 constitutionis
1167 1361 1309 1448 regulam
1331 1361 1474 1450 suscepit,

315 1483 347 1546 et
370 1479 410 1546 ad
428 1478 630 1547 sacerdotalis
646 1476 741 1546 officii
756 1477 899 1563 madum,
922 1477 1055 1546 diversis
1072 1479 1225 1546 donorum
1240 1479 1359 1546 ditatus
1374 1497 1475 1546 mune·

314 1593 412 1681 ribus,
436 1593 583 1678 accessit;
606 1594 709 1661 itaut
732 1593 910 1662 elemosinis
934 1594 1060 1679 quidem
1081 1595 1357 1680 misericordiaque
1381 1595 1476 1682 operi·
1555 1593 1561 1612 “

314 1709 388 1796 bus,
417 1717 570 1797 quantum
598 1709 656 1776 sub
684 1709 821 1795 regulari
849 1709 1126 1796 monasterialique
1153 1711 1331 1798 praevoluit
1360 1711 1476 1778 distrio

313 1827 416 1912 tione,
444 1846 539 1914 opere
564 1823 690 1914 penitus
714 1845 751 1892 ao
772 1821 934 1895 voluntate
957 1825 1143 1911 deserviret,
1173 1827 1229 1894 sed
1252 1831 1299 1911 et,
1328 1831 1477 1895 nocturna

314 1941 495 2029 vigiliarum
517 1943 622 2030 spatia
643 1942 788 2009 omnibus
810 1941 897 2008 horis
919 1943 1116 2029 preveniens,
1139 1942 1288 2010 orationis
1311 1963 1347 2010 se
1369 1941 1478 2011 sollici·

314 2059 378 2126 tius
400 2058 560 2126 laboriosa
581 2058 762 2145 operatione
777 2057 927 2125 exercuit
962 2056 1059 2125 Guius
1073 2079 1132 2127 uec
1146 2059 1332 2147 patientiam
1347 2059 1398 2126 ira
1411 2059 1478 2127 sub·

314 2175 414 2263 ripuit
435 2193 494 2242 nec
514 2173 787 2260 longanimitatem
810 2173 897 2240 iuror
919 2174 1098 2260 commovit,
1121 2193 1179 2242 nec
1199 2173 1297 2243 libido
1321 2176 1480 2243 continen-

314 2292 393 2358 tiam
417 2291 611 2378 expugnavit
632 2307 690 2357 nec
708 2289 929 2357 abstinentiam
945 2289 1184 2375 gastrimargia‘
1199 2290 1343 2374 violavit3
1368 2291 1425 2359 sed
1437 2292 1480 2358 ita

315 2407 401 2476 omui
424 2424 458 2474 se
479 2405 590 2473 ieiunii
612 2405 793 2490 frugalitate
816 2405 1004 2491 subiugavit,
1027 2411 1073 2490 ut,
1095 2406 1204 2473 vinum
1225 2411 1257 2474 et
1271 2408 1407 2475 siceram
1421 2427 1480 2475 non

314 2516 455 2607 brtene⁸,
478 2522 642 2609 utriusque
664 2523 844 2590 testamenti
865 2523 1007 2590 imitatus
1023 2528 1087 2589 est·
1101 2527 1208 2608 patres
1224 2525 1342 2591 etcum
1358 2522 1481 2609 egregio

315 2638 457 2725 gentium
479 2637 598 2705 diceret
619 2637 761 2706 doctore:
790 2637 914 2727 Coaciyo
938 2661 1052 2727 coepes
1073 2661 1175 2704 meam
1197 2651 1226 2706 ec
1246 2642 1392 2708 ascitam
1412 2641 1480 2708 ect-

315 2758 388 2838 a'ca'o,
413 2778 452 2822 ne
465 2755 565 2842 forte,
590 2755 664 2821 aliia
682 2757 864 2843 predicans,
888 2757 957 2843 a'pae
978 2755 1129 2842 reprobos
1152 2751 1299 2841 affidari

404 2869 472 2939 N‘.
508 2867 648 2938 collecta
663 2889 736 2955 ergo
755 2870 890 2958 sparsim
909 2869 1053 2955 superius
1068 2869 1260 2937 sublimitate
1275 2871 1378 2940 sancti
1393 2871 1483 2940 huius

315 2987 377 3054 riri
391 2986 556 3072 virtutum,
579 2986 705 3053 silentio
721 3004 801 3072 quae
816 2984 1047 3070 subsequuntur
1061 2986 1209 3052 minime⁸
1223 2989 1484 3074 pretermittenda

317 3101 501 3172 eatimamus
524 3139 567 3150 -
588 3121 668 3188 quae
691 3107 723 3169 et
744 3100 883 3169 fidelium
905 3100 1072 3169 didicimus
1094 3102 1246 3171 relatione
1267 3104 1426 3191 virorum,
1455 3109 1485 3172 at

316 3220 486 3286 manifesta
507 3218 651 3305 equidem
674 3217 849 3306 scripturae
870 3217 1081 3304 patefactione
1104 3237 1232 3287 exerere
1254 3241 1403 3288 emamus
1425 3242 1483 3289 -ε

317 3340 436 3422 quanta
458 3351 588 3401 suarum
610 3335 845 3422 perseverantia
866 3333 980 3400 virium
1004 3338 1037 3401 et
1058 3335 1176 3423 coeptis
1199 3335 1289 3404 bouis
1305 3337 1485 3405 inheserat*

317 3455 350 3518 st
383 3448 424 3516 ad
458 3449 521 3517 alia
555 3469 713 3537 quaeque,
747 3449 860 3517 festine
893 3450 1107 3538 properando,
1141 3451 1292 3519 animum*
1325 3453 1485 3522 incitaret.

318 3564 460 3652 Cumque
489 3566 606 3634 diutius
633 3571 771 3634 mentem
800 3583 897 3652 supra
918 3566 1109 3634 enumeratis
1131 3565 1299 3636 virtutibus
1322 3569 1487 3638 edomaret

318 3687 351 3751 et
377 3681 418 3750 de
440 3681 491 3749 die
513 3682 547 3750 iu
570 3681 654 3750 diem
677 3683 718 3750 ad
740 3681 854 3749 altiora
874 3681 1027 3749 bonorum
1050 3682 1239 3752 documento
1260 3685 1318 3753 sub
1339 3685 1486 3774 predicto

391 3882 412 3916 a.
432 3867 589 3918 edulaadod.
653 3868 678 3916 b.
698 3868 1088 3928 magisterialletiamiliarlm.
1154 3883 1176 3916 o·
1195 3871 1340 3920 smodi-t.
1408 3873 1486 3922 dea·

319 3949 447 4008 emungo
462 3951 491 3996 B.
556 3962 577 3995 e.
597 3948 723 3998 imitaretur
737 3953 766 3997 A.
831 3947 847 3996 l.
871 3948 909 3996 lle
933 3961 977 4006 eo,
1000 3949 1076 4010 quod
1099 3949 1132 3996 alo
1156 3950 1285 3998 omnibus
1307 3952 1486 4012 prlmatibna

319 4029 453 4078 directus
469 4027 509 4080 alt
524 4027 557 4075 ed
573 4026 655 4085 (lent,
675 4029 704 4075 et
719 4027 794 4089 quod
809 4030 914 4088 poetae
929 4028 963 4077 ad
978 4027 1109 4078 Fresiam
1124 4030 1269 4090 pervenit.
1289 4033 1355 4088 iil.
1404 4045 1427 4092 ι.
1442 4033 1485 4080 nl·

318 4109 438 4158 ainwa.
514 4106 729 4156 hiniasraretd.
806 4108 1011 4166 lanimarumB.

390 4212 415 4268 1.
440 4210 589 4269 lOoriuth.
602 4213 628 4283 9,
640 4213 689 4268 22:
715 4210 867 4282 „Omnibus
891 4212 982 4268 omnia
999 4209 1088 4268 iactus
1106 4227 1180 4284 eum,
1202 4215 1235 4269 ut
1251 4227 1345 4290 omncs
1361 4211 1484 4272 facerem

320 4299 441 4358 adeost.
536 4301 562 4357 2.
587 4299 695 4371 siguum
719 4303 773 4364 (se.
791 4304 932 4357 tonsorem
950 4301 1170 4368 sacerdotalem).
1265 4303 1290 4357 3.
1315 4303 1483 4376 Lue.1‚lt:

322 4393 371 4460 „et
387 4390 482 4445 vinum
500 4393 529 4444 at
546 4389 660 4445 siceram
678 4402 733 4444 non
749 4387 856 4445 bibet“.
943 4390 970 4445 4.
993 4389 1027 4447 V.
1047 4389 1196 4448 lOorlnth.
1208 4391 1235 4462 9,
1247 4391 1290 4448 lt.
