3176 4846
309 265 376 334 562
563 281 725 332 nossem
744 281 930 333 nunouuers
954 281 1033 330 una
1055 281 1228 332 oannem

222 431 290 487 1051
309 423 434 492 bibere·
447 424 633 511 potuissent
658 422 809 492 Crederes
824 423 919 506 enim,
936 438 1189 508 unumquemque
1202 427 1326 509 patrem
1340 424 1469 490 nemum

234 505 282 552 Μ’
309 541 438 608 battere
474 539 693 624 autaliquem
720 539 781 606 sibi
808 539 947 607 mammo
975 538 1186 606 neeessariam
1215 536 1394 624 deplorare;
1427 537 1472 604 ite

310 657 395 722 enim
421 655 648 724 irremediabili
675 655 815 724 anhelitu
840 675 905 723 nen
933 655 1100 724 oossobent
1118 653 1266 725 laerimas
1287 673 1394 720 rorare
1416 671 1471 738 pu·

308 771 388 858 pilli,
412 771 555 860 orphani,
579 773 664 840 eires
687 777 720 840 et
742 772 890 856 advenae,
913 771 1053 856 iuuenes,
1076 789 1177 854 sense,
1200 769 1262 836 riri
1282 769 1472 836 etieminas.

308 887 457 956 Omnium
479 909 542 955 vox
565 893 634 956 erat
654 887 828 954 unanimis:
854 887 933 969 Hae,
958 889 1027 969 lere,
1047 901 1141 976 petar
1163 887 1320 954 amotus
1387 883 1475 952 Indoi

308 1005 403 1070 etiam
427 1039 469 1052 —
492 1005 605 1090 quibus
628 1003 716 1071 nulla
738 1003 823 1070 bona
842 1023 937 1072 eorae
959 1008 1033 1070 sunt
1055 1041 1099 1052 -—
1122 1003 1152 1070 ei
1173 1001 1299 1070 ebriam
1320 1000 1414 1084 faeti,
1441 1003 1476 1066 ut
1567 1058 1570 1071 .

309 1119 479 1187 venerandi
500 1119 563 1186 viri
583 1118 735 1186 teretrum
757 1120 913 1204 viderunt,
938 1125 1041 1186 terrae
1063 1119 1265 1201 eensternati,
1288 1121 1384 1203 eaput
1406 1114 1476 1202 pnl-

186 1281 189 1300 .
308 1255 381 1302 vere
403 1240 648 1324 consperserunt
671 1241 703 1302 ot
724 1236 888 1304 dixerunt:
917 1236 1004 1317 Heu,
1029 1237 1097 1318 leo,
1121 1239 1175 1323 pie
1192 1247 1302 1322 poten
1330 1234 1400 1313 teo,
1422 1235 1476 1320 pie

306 1365 413 1440 peter
443 1351 676 1438 addebantque:
704 1353 748 1444 ,Si
773 1355 938 1420 ebre'otrbm'
959 1356 1067 1420 neimo
1089 1373 1231 1438 eapeem
1250 1352 1390 1437 requiret
1413 1371 1475 1416 ηκ-

306 1471 387 1548 ruit,
416 1473 526 1536 memo
555 1483 611 1538 tao
637 1473 828 1556 requiescere
854 1473 980 1556 poterit.
1070 1466 1156 1534 Talis
1179 1465 1298 1534 olemer
1319 1471 1353 1534 et
1373 1463 1476 1532 luetur

308 1599 466 1667 nunquam
490 1585 577 1652 visus
598 1589 649 1652 est
668 1585 786 1653 uestris
809 1584 1012 1671 temporibus.
1047 1582 1160 1652 Nullas
1181 1581 1280 1650 alium
1294 1580 1477 1648 eonsolebe·

307 1705 370 1782 tur,
394 1699 498 1768 nullus
514 1700 669 1767 oonsoleri
683 1701 924 1781 reeordabatnr3
948 1701 1117 1784 unienique
1130 1704 1251 1766 eertum
1268 1701 1299 1764 et
1313 1697 1477 1784 proprium

307 1815 540 1883 inoemmednm
564 1822 632 1884 erat
654 1817 738 1901 quod
761 1815 899 1902 defleret,
923 1816 1039 1884 nedum
1055 1816 1135 1884 ellus
1150 1814 1248 1882 alium
1263 1811 1478 1880 aemulantem

309 1928 447 1997 haberat

397 2045 537 2114 Tandem
567 2048 607 2114 ad
635 2049 809 2115 oratorium
836 2047 938 2114 saneti
960 2045 1090 2116 llartlni
1118 2065 1297 2134 peruenere.
1333 2043 1404 2122 Quo
1432 2045 1478 2110 in·

307 2163 418 2246 gressi,
442 2163 543 2232 saneti
565 2164 626 2230 viri
649 2184 764 2250 eorpus
785 2164 820 2230 in
841 2163 946 2232 medio
968 2164 1138 2234 aeeoleslae
1160 2168 1234 2230 ente
1247 2166 1394 2230 eandam
1410 2179 1478 2228 orn·

307 2297 375 2346 oem
402 2279 584 2366 deposuere.
624 2279 829 2348 Providentes
858 2299 932 2362 erge
962 2286 1034 2366 pest
1061 2280 1155 2363 baeo,
1184 2299 1225 2346 ne
1251 2278 1333 2346 forte
1362 2295 1478 2364 eorpus

307 2393 415 2478 aliqua
441 2394 617 2464 tabesceret
644 2397 864 2483 eorreptione,
893 2417 964 2464 oum
992 2396 1033 2464 sd
1055 2395 1193 2464 loeulum
1214 2394 1366 2462 seoretius
1391 2412 1479 2460 aeae·

307 2508 418 2576 derent
444 2530 502 2595 pre
531 2509 591 2578 boo
619 2513 728 2578 eadem
758 2533 808 2596 re,
838 2512 949 2580 solutis
978 2511 1115 2597 quedam
1137 2531 1176 2578 ex
1198 2517 1290 2597 parte
1312 2509 1378 2593 his,
1413 2508 1479 2594 qui-

306 2625 366 2692 bus
388 2625 523 2692 innexus
546 2631 630 2711 erat,
660 2629 853 2712 tergeribus,
882 2649 946 2696 nen
968 2628 1070 2694 solum
1093 2627 1312 2712 incorruptum
1333 2643 1411 2692 enm
1433 2626 1480 2692 iu·

306 2747 474 2825 venerunt,
510 2743 566 2808 sed
592 2743 723 2830 insuper
749 2744 938 2828 fraglantem
967 2744 1088 2810 thureis
1118 2742 1275 2810 odoribus.
1321 2739 1383 2808 Res
1415 2746 1481 2808 mm

305 2877 421 2940 magna
442 2877 500 2944 pro
523 2857 640 2924 nichilo
669 2859 778 2927 habita
805 2869 868 2943 est3
897 2861 986 2945 quia,
1014 2847 1123 2926 multis
1146 2859 1213 2926 eius
1236 2857 1392 2942 ignoratis
1417 2858 1480 2924 vir·

306 2973 435 3057 tutibus,
459 2973 627 3060 potabant:
650 2976 779 3045 oderem
801 2977 890 3044 illum
914 2977 1015 3044 tburis
1037 2995 1121 3059 esse,
1144 2973 1229 3060 qued
1248 2973 1481 3042 aeoendebatur

306 3087 497 3156 humanitus.

395 3204 494 3289 Igitur
516 3204 567 3272 die
590 3205 767 3292 undeeimo,
789 3213 958 3295 postquam
980 3208 1021 3274 ad
1043 3207 1150 3274 omnia
1172 3206 1312 3274 oratoria
1329 3225 1403 3274 eum
1420 3205 1482 3275 eir·

306 3321 552 3406 eumdnxerunt,
575 3329 648 3408 post
669 3323 824 3392 saeriieia
845 3322 1048 3410 sollempnisb
1072 3321 1240 3392 oblationis
1263 3328 1297 3390 et
1317 3321 1483 3408 supplies·

307 3437 407 3502 tiones
431 3438 680 3508 aeoolesiastioae
702 3440 948 3522 immersionis,
970 3438 1099 3506 tandem
1121 3437 1421 3525 deportaveruntin
1434 3437 1482 3506 lo-

307 3571 377 3618 onm
393 3553 608 3638 depositionis.
643 3555 760 3623 Horret
775 3575 859 3622 nune
873 3555 952 3623 mihi
966 3573 1066 3640 mone,
1089 3554 1224 3622 tabescit
1241 3575 1305 3636 oer,
1328 3552 1484 3622 deliciunt

306 3667 412 3752 verba,
435 3668 574 3736 lamenta
595 3671 706 3758 populi
729 3669 900 3757 explanare
923 3671 1077 3738 debentia
1113 3671 1215 3750 Quam
1236 3670 1354 3737 lividae
1369 3691 1484 3738 oerum

305 3783 418 3866 facies,
447 3804 541 3869 qnam
571 3788 761 3871 sanguineae
791 3788 889 3870 ooies3
919 3807 1014 3873 qnam
1041 3789 1211 3875 ineompti⁶
1235 3787 1353 3873 onnes,
1382 3806 1483 3872 qnam

224 3947 227 3954 .
306 3899 533 3987 ineompesitae
555 3907 668 3970 vestes.
760 3903 861 3971 Taoeo
885 3903 1037 3988 deflenda,
1061 3905 1224 3990 subprimo
1244 3903 1416 3988 gemenda;
1442 3902 1484 3972 ad

306 4013 419 4082 letiora
441 4019 577 4101 ueniam,
600 4024 646 4103 ut,
671 4019 747 4104 quid
769 4021 854 4086 turnd
878 4021 921 4086 ibi
943 4021 1055 4087 feeerit
1069 4021 1179 4086 divina
1192 4020 1380 4104 mnignitrs
1404 4039 1483 4107 pro-

306 4129 415 4197 feram.
450 4131 559 4199 Multis
582 4153 656 4217 erge
679 4134 788 4220 pepuli
811 4133 934 4200 fletibus
949 4135 1121 4202 immolatis
1142 4171 1178 4184 -
1198 4157 1276 4222 quos
1291 4135 1338 4202 illi
1352 4135 1485 4224 peperit

307 4245 478 4330 miseratio,
501 4268 581 4333 quae
604 4269 675 4314 oum
699 4247 753 4316 illo
777 4271 816 4316 ex
840 4252 951 4317 reatris
974 4273 1101 4336 egressa
1124 4257 1172 4320 eet
1193 4259 1283 4320 utero
1300 4287 1340 4299 -
1357 4271 1434 4318 enm
1450 4251 1483 4316 in

380 4400 401 4434 a.
422 4387 522 4436 exbiberi
539 4407 558 4436 c.
634 4389 658 4436 b.
678 4390 820 4450 aodempniie
836 4409 856 4438 ι.
934 4406 954 4440 e.
975 4394 1090 4454 incompte
1106 4413 1126 4442 e.
1205 4395 1228 4442 d.
1248 4395 1281 4442 di
1295 4413 1316 4442 e.
