3024 4864
290 253 354 319 164
537 271 564 318 s.
580 271 757 320 somnum
778 272 823 318 nu
845 272 948 320 nuum
970 271 1157 320 nemuonnn
1181 271 1211 318 es

118 433 143 473 o.
156 409 417 495 oso-suolmtats
441 411 497 478 sed
519 412 586 480 solu
606 413 796 481 necessitate
819 419 948 497 cogente
970 388 1206 497 nonnumquam
1227 415 1259 478 te
1272 411 1353 478 inter
1367 409 1442 496 ipsos

285 526 491 596 habitantem.
543 527 666 615 Nempe
698 528 901 596 Hieronimus
936 528 996 594 sit:
1038 529 1078 594 In
1114 529 1276 614 enanpelio
1310 527 1443 592 solentes

286 648 459 732 quaesitus,
484 667 574 732 quoe,
599 649 629 711 si
650 649 744 711 etiam
766 645 905 731 effectum
926 667 991 710 non
1014 645 1167 725 habuerit,
1192 657 1297 711 tumen
1317 644 1444 730 praerni-

284 785 338 826 nm
360 784 425 827 non
447 756 588 828 amittit¹.
623 759 741 838 Quodsi
764 760 813 826 his
836 760 1036 842 coniungeris
1060 758 1147 825 verbi
1168 759 1288 842 grstia:
1315 759 1368 842 „in
1382 777 1445 844 por·

285 876 429 963 ceptione
451 875 592 943 ciborum
615 875 665 942 vel
681 876 713 942 in
729 875 960 943 cohabitatione
974 873 1069 960 looi“‚
1093 895 1196 942 nonne
1211 875 1275 959 ille,
1299 873 1353 959 qui
1370 891 1445 956 „non

284 993 372 1059 veuit
395 1011 506 1058 vocare
527 987 668 1059 iustos“¹
692 997 723 1059 et
745 991 884 1076 reliquo,
906 991 976 1059 ibet
998 990 1039 1058 sd
1061 991 1206 1058 convivio
1226 981 1447 1077 peecatorum,

286 1111 322 1173 ut
348 1108 544 1174 oeoaeionem
571 1107 702 1176 heberet
729 1107 882 1174 docendi?
917 1103 1014 1174 Aut⁴z
1053 1109 1107 1192 „in
1137 1127 1189 1190 eo,
1218 1105 1303 1192 quod
1329 1104 1448 1170 mixtim

286 1222 373 1289 edire
395 1243 501 1306 regem
522 1223 683 1290 interdum
706 1223 826 1290 debetis
848 1230 881 1291 et
902 1243 960 1310 pro
984 1243 1062 1310 poce
1085 1221 1318 1290 aecclesiastico
1338 1219 1449 1306 pariter

286 1338 464 1425 deprecari,
489 1340 563 1424 quis
584 1339 648 1426 ipsi
669 1345 705 1406 nt
726 1340 794 1407 veri
817 1343 960 1426 pastores
983 1339 1170 1426 plerumque
1192 1357 1250 1425 pro
1274 1336 1385 1404 ovibus
1406 1336 1449 1401 in·

285 1454 442 1520 tervenire
465 1474 498 1520 se
520 1453 676 1539 tingunt“‚
699 1456 838 1541 primum
866 1455 1009 1540 quidem·
1032 1453 1228 1541 implendum
1260 1473 1345 1537 esse,
1374 1449 1450 1536 qnod

285 1569 438 1656 scriptum
462 1575 520 1654 ost,
544 1571 696 1637 sciemus:
724 1569 854 1638 subditi
875 1585 967 1638 estote
990 1573 1078 1636 omni
1093 1572 1228 1636 humone
1243 1561 1449 1635 ordinationi*

285 1689 318 1753 et
338 1685 475 1771 reliquo,
505 1691 550 1752 et:
582 1687 734 1753 onmem
758 1689 965 1774 potestatione
993 1680 1247 1753 sublimioribos⁸
1271 1691 1302 1751 ot
1323 1683 1449 1768 reliquo„

285 1801 409 1868 Deinde
431 1801 693 1870 considerandum
717 1807 780 1868 est:
810 1803 885 1889 quis
907 1802 1071 1889 proposito
1093 1806 1142 1869 est
1164 1800 1337 1868 similitudo
1360 1797 1452 1866 mitioi

286 1923 318 1986 st
345 1913 557 1985 zizaniorum⁷
585 1917 624 1984 de
653 1917 866 2003 permixtione
898 1917 1053 1984 malorum
1082 1922 1177 2002 atque
1205 1917 1370 1984 bonorum.
1413 1913 1453 1980 Et

285 2037 405 2101 munde
427 2048 457 2101 et
476 2036 632 2101 inmunde
655 2035 819 2115 animalia,
843 2038 879 2099 ut
902 2033 948 2099 att
961 2031 1169 2117 Augustinus,
1191 2036 1338 2100 introisse
1353 2036 1389 2098 in
1403 2054 1452 2097 er·

288 2173 357 2216 enm
380 2143 551 2236 lepontsffl.
590 2149 702 2237 Neque
725 2154 817 2230 enim,
843 2172 1038 2236 quocumque
1061 2151 1162 2231 libeni,
1186 2153 1388 2216 intruserunt
1406 2151 1452 2213 in·

286 2267 407 2332 munda
429 2267 599 2347 animalia,
630 2288 724 2332 ureae
746 2287 886 2352 eonpope
909 2267 1089 2350 confracte,
1119 2267 1175 2332 sed
1197 2288 1233 2330 ea
1254 2268 1381 2350 inteqra
1399 2285 1455 2350 per

286 2405 385 2447 unum
407 2395 502 2468 utque
528 2382 612 2446 idem
640 2383 768 2460 cousus,
800 2381 886 2466 quod
914 2381 1031 2466 antisse
1050 2381 1185 2466 feceret.
1276 2380 1356 2447 Non
1379 2383 1455 2446 enim

286 2495 391 2582 iuquit
407 2519 470 2584 por
484 2497 541 2562 iss
556 2495 776 2591 similitudines
792 2508 821 2561 et
832 2499 1105 2582 pronuntiationes
1121 2498 1287 2563 eonsilium
1301 2492 1455 2564 emidius*

287 2613 377 2678 honis
400 2615 509 2679 &tnnc
531 2627 585 2694 eet,
610 2636 674 2699 qno
695 2613 861 2698 neplepant
883 2614 969 2698 qnod
984 2613 1155 2699 prohibere
1177 2614 1295 2695 debent,
1319 2616 1378 2679 sed
1393 2637 1455 2700 po-

287 2731 423 2811 tientt'ue,
448 2751 513 2816 qna
529 2729 706 2816 perferent,
731 2728 1162 2810 antecommissorum,
1187 2732 1274 2815 qnod
1296 2731 1456 2796 unondore

286 2868 351 2911 non
373 2846 488 2912 esent.
526 2842 606 2909 item
628 2843 719 2910 dicit:
743 2841 824 2908 Cum
847 2863 922 2926 ergo
945 2843 1144 2911 inveniamus
1167 2845 1202 2910 in
1226 2845 1379 2912 eeoolesiu
1393 2864 1457 2911 ms·

286 2958 351 3045 los,
380 2980 458 3045 quos
488 2958 720 3026 aecclesiastice
747 2958 915 3045 discipline
948 2959 1105 3043 corrigere
1142 2965 1198 3026 out
1224 2980 1370 3028 ooeroere
1399 2977 1458 3027 non

287 3094 465 3161 possumus,
489 3080 565 3142 tunc
587 3094 627 3140 ns
649 3072 799 3140 ascendet
820 3073 854 3139 iu
877 3093 932 3140 cor
952 3080 1097 3141 nostrum
1120 3077 1221 3164 impio
1236 3083 1268 3142 et
1281 3077 1459 3162 perniciose

287 3190 522 3279 praesumptio,
546 3210 609 3275 qus
631 3189 847 3256 existimemus
869 3211 927 3256 nos
951 3189 1063 3257 abhis
1087 3212 1156 3259 esse
1185 3191 1397 3279 separandos,
1426 3196 1461 3256 ut

254 3376 259 3388 ,
287 3307 424 3393 peccatis
448 3326 554 3373 eorum
578 3326 643 3372 non
665 3306 945 3391 coinquinemur⁰‚·
960 3311 1054 3391 utque
1081 3308 1128 3374 ita
1157 3313 1230 3394 post
1252 3327 1310 3373 nos
1333 3306 1459 3374 trahere

288 3442 436 3489 conemur
458 3422 557 3490 veluti
578 3421 711 3488 mundos
734 3426 921 3506 sanctosque
944 3421 1133 3509 discipulos,
1162 3422 1202 3490 eb
1231 3423 1364 3490 unitatis
1389 3441 1460 3490 con·

287 3558 369 3624 page
392 3539 483 3623 quusi
506 3559 525 3604 s
546 3537 701 3604 mulorum
717 3537 874 3604 consortio
890 3543 1080 3622 segregatos.
1171 3538 1310 3606 Venient
1322 3539 1359 3605 in
1374 3559 1461 3606 men-

287 3657 353 3721 tem
374 3654 448 3722 illoe
471 3653 510 3721 de
532 3654 698 3741 scripturis
721 3653 960 3738 similitudines,
985 3654 1099 3740 quibus
1122 3653 1375 3722 demonstratum
1398 3657 1461 3722 est:

361 3827 381 3860 n
402 3827 455 3872 ergo
473 3816 499 3862 C.
575 3813 597 3860 b.
619 3813 729 3860 dissidio-e
746 3817 781 3870 M,
798 3831 854 3860 corr.
871 3816 894 3860 tn
910 3812 1013 3860 desidite
1030 3816 1057 3862 ι’.
1136 3829 1155 3861 e.
1175 3815 1319 3874 inquinemur
1336 3817 1363 3863 C.

360 3920 384 3972 i.
407 3919 567 3988 Hieronymi
591 3917 778 3973 commentarii
797 3917 824 3972 in
842 3917 1011 3973 Matthaeum
1030 3919 1062 3972 L.
1075 3917 1097 3988 1,
1116 3932 1176 3986 esp.
1191 3919 1225 3973 11
1243 3933 1316 3973 vers.
1328 3919 1373 3988 30,
1393 3917 1462 3987 opp.

289 4006 687 4063 ed.VsllersiusT.V1175.
786 4008 811 4062 2.
835 4006 979 4077 Manus,
1000 4008 1048 4062 13:
1074 4005 1156 4076 „Non
1179 4006 1251 4062 euim
1274 4006 1340 4062 veni
1361 4019 1464 4062 soene

288 4097 387 4165 iustos,
412 4095 463 4151 sed
485 4093 676 4166 pecostores“.
773 4095 799 4149 3.
817 4095 852 4152 V.
871 4095 1006 4164 Mettus,
1021 4097 1063 4152 11.
1154 4095 1180 4150 4.
1204 4111 1243 4149 se.
1264 4095 1310 4165 „si
1331 4094 1375 4150 his
1400 4109 1463 4151 oon

288 4183 440 4254 iungeret
513 4184 538 4240 δ.
557 4185 592 4240 V.
606 4186 621 4239 1
635 4183 745 4253 Potui,
759 4185 803 4238 13.
875 4185 900 4240 6.
919 4184 953 4241 V.
966 4185 1044 4240 Rom
1058 4185 1138 4254 13,1.
1211 4184 1236 4239 i.
1255 4183 1352 4240 Mettis.
1366 4185 1409 4253 13,
1419 4183 1463 4238 25.

288 4275 314 4328 8.
337 4273 512 4342 Augustinus
529 4271 564 4327 de
582 4271 650 4328 Eido
668 4275 697 4328 ct
714 4270 843 4342 operitur
859 4271 940 4342 (Opp.
957 4271 1001 4328 ed.
1013 4271 1186 4328 Benedictini
1202 4270 1380 4345 Autwerpiss
1392 4272 1463 4328 lton

288 4359 321 4418 Τ.
335 4361 459 4431 V1141).
