<?xml version="1.0" encoding="UTF-8"?>
<!DOCTYPE html PUBLIC "-//W3C//DTD XHTML 1.0 Transitional//EN"
    "http://www.w3.org/TR/xhtml1/DTD/xhtml1-transitional.dtd">
<html xmlns="http://www.w3.org/1999/xhtml" xml:lang="en" lang="en">
 <head>
  <title>
</title>
<meta http-equiv="Content-Type" content="text/html;charset=utf-8" />
  <meta name='ocr-system' content='tesseract 3.04.00' />
  <meta name='ocr-capabilities' content='ocr_page ocr_carea ocr_par ocr_line ocrx_word'/>
</head>
<body>
  <div class='ocr_page' id='page_1' title='image "./bibliothecareru03jaffgoog_0297.png"; bbox 0 0 3110 4844; ppageno 0'>
   <div class='ocr_carea' id='block_1_1' title="bbox 288 301 1250 368">
    <p class='ocr_par' dir='ltr' id='par_1_1' title="bbox 288 301 1250 368">
     <span class='ocr_line' id='line_1_1' title="bbox 288 301 1250 368; baseline 0.006 -7"><span class='ocrx_word' id='word_1_1' title='bbox 288 313 314 361; x_wconf 90' lang='lat' dir='ltr'><strong>s.</strong></span> <span class='ocrx_word' id='word_1_2' title='bbox 331 314 507 362; x_wconf 74' lang='lat' dir='ltr'><strong>normann</strong></span> <span class='ocrx_word' id='word_1_3' title='bbox 529 315 573 362; x_wconf 84' lang='lat' dir='ltr'><strong>nn</strong></span> <span class='ocrx_word' id='word_1_4' title='bbox 595 316 698 364; x_wconf 82' lang='lat' dir='ltr'><strong>nunrn</strong></span> <span class='ocrx_word' id='word_1_5' title='bbox 719 315 906 364; x_wconf 80' lang='lat' dir='ltr'><strong>nrrsnouan</strong></span> <span class='ocrx_word' id='word_1_6' title='bbox 931 317 983 363; x_wconf 84' lang='lat' dir='ltr'><strong>ua.</strong></span> <span class='ocrx_word' id='word_1_7' title='bbox 1001 315 1045 363; x_wconf 83' lang='lat' dir='ltr'><strong>ne</strong></span> <span class='ocrx_word' id='word_1_8' title='bbox 1186 301 1250 368; x_wconf 76' lang='lat'><strong>277</strong></span> 
     </span>
    </p>
   </div>
   <div class='ocr_carea' id='block_1_2' title="bbox 81 455 1396 1126">
    <p class='ocr_par' dir='ltr' id='par_1_2' title="bbox 81 455 1396 1126">
     <span class='ocr_line' id='line_1_2' title="bbox 87 455 1396 546; baseline 0.002 -26"><span class='ocrx_word' id='word_1_9' title='bbox 87 459 149 520; x_wconf 81' lang='lat' dir='ltr'><strong>tar·</strong></span> <span class='ocrx_word' id='word_1_10' title='bbox 170 455 354 541; x_wconf 71' lang='lat' dir='ltr'><strong>corporibus</strong></span> <span class='ocrx_word' id='word_1_11' title='bbox 377 477 435 543; x_wconf 90' lang='lat' dir='ltr'><strong>pro</strong></span> <span class='ocrx_word' id='word_1_12' title='bbox 452 455 652 540; x_wconf 79' lang='lat' dir='ltr'><strong>neglegentia</strong></span> <span class='ocrx_word' id='word_1_13' title='bbox 667 461 889 524; x_wconf 75' lang='lat' dir='ltr'><strong>causasarum</strong></span> <span class='ocrx_word' id='word_1_14' title='bbox 904 457 1077 528; x_wconf 78' lang='lat' dir='ltr'><strong>iomusacus</strong></span> <span class='ocrx_word' id='word_1_15' title='bbox 1092 479 1150 546; x_wconf 89' lang='lat' dir='ltr'><strong>per</strong></span> <span class='ocrx_word' id='word_1_16' title='bbox 1164 480 1251 528; x_wconf 91' lang='lat' dir='ltr'><strong>crea·</strong></span> <span class='ocrx_word' id='word_1_17' title='bbox 1268 471 1333 536; x_wconf 83' lang='lat' dir='ltr'><strong>post</strong></span> <span class='ocrx_word' id='word_1_18' title='bbox 1344 467 1396 524; x_wconf 78' lang='grc'><strong>757</strong></span> 
     </span>
     <span class='ocr_line' id='line_1_3' title="bbox 85 571 1249 663; baseline 0.008 -29"><span class='ocrx_word' id='word_1_19' title='bbox 85 575 182 635; x_wconf 86' lang='lat' dir='ltr'><strong>turam</strong></span> <span class='ocrx_word' id='word_1_20' title='bbox 205 573 416 638; x_wconf 84' lang='lat' dir='ltr'><strong>monitionum</strong></span> <span class='ocrx_word' id='word_1_21' title='bbox 439 571 529 656; x_wconf 64' lang='lat' dir='ltr'><strong>Deil,</strong></span> <span class='ocrx_word' id='word_1_22' title='bbox 558 579 723 658; x_wconf 90' lang='lat' dir='ltr'><strong>ceteraque</strong></span> <span class='ocrx_word' id='word_1_23' title='bbox 744 573 794 639; x_wconf 90' lang='lat' dir='ltr'><strong>his</strong></span> <span class='ocrx_word' id='word_1_24' title='bbox 817 572 934 641; x_wconf 77' lang='lat' dir='ltr'><strong>similia</strong></span> <span class='ocrx_word' id='word_1_25' title='bbox 956 574 1073 660; x_wconf 89' lang='lat' dir='ltr'><strong>multa,</strong></span> <span class='ocrx_word' id='word_1_26' title='bbox 1101 575 1249 663; x_wconf 82' lang='lat' dir='ltr'><strong>predixit</strong></span> 
     </span>
     <span class='ocr_line' id='line_1_4' title="bbox 82 683 1251 778; baseline 0.009 -28"><span class='ocrx_word' id='word_1_27' title='bbox 82 683 123 751; x_wconf 87' lang='lat' dir='ltr'><strong>Et</strong></span> <span class='ocrx_word' id='word_1_28' title='bbox 143 692 237 752; x_wconf 87' lang='lat' dir='ltr'><strong>antea</strong></span> <span class='ocrx_word' id='word_1_29' title='bbox 258 687 341 754; x_wconf 92' lang='lat' dir='ltr'><strong>banc</strong></span> <span class='ocrx_word' id='word_1_30' title='bbox 363 687 513 754; x_wconf 86' lang='lat' dir='ltr'><strong>miseram</strong></span> <span class='ocrx_word' id='word_1_31' title='bbox 528 689 638 772; x_wconf 71' lang='lat' dir='ltr'><strong>utam,</strong></span> <span class='ocrx_word' id='word_1_32' title='bbox 662 689 737 754; x_wconf 93' lang='lat' dir='ltr'><strong>dum</strong></span> <span class='ocrx_word' id='word_1_33' title='bbox 752 709 792 754; x_wconf 87' lang='lat' dir='ltr'><strong>ex</strong></span> <span class='ocrx_word' id='word_1_34' title='bbox 808 689 971 776; x_wconf 78' lang='lat' dir='ltr'><strong>superiore</strong></span> <span class='ocrx_word' id='word_1_35' title='bbox 987 691 1251 778; x_wconf 77' lang='lat' dir='ltr'><strong>contemplatione</strong></span> 
     </span>
     <span class='ocr_line' id='line_1_5' title="bbox 82 802 1250 891; baseline 0.007 -25"><span class='ocrx_word' id='word_1_36' title='bbox 82 821 205 867; x_wconf 82' lang='lat' dir='ltr'><strong>reversa</strong></span> <span class='ocrx_word' id='word_1_37' title='bbox 226 802 346 886; x_wconf 83' lang='lat' dir='ltr'><strong>fuerat,</strong></span> <span class='ocrx_word' id='word_1_38' title='bbox 374 803 461 869; x_wconf 84' lang='lat' dir='ltr'><strong>vitiis</strong></span> <span class='ocrx_word' id='word_1_39' title='bbox 490 803 636 891; x_wconf 92' lang='lat' dir='ltr'><strong>superbie</strong></span> <span class='ocrx_word' id='word_1_40' title='bbox 663 803 800 872; x_wconf 83' lang='lat' dir='ltr'><strong>invidiae</strong></span> <span class='ocrx_word' id='word_1_41' title='bbox 823 804 1023 891; x_wconf 79' lang='lat' dir='ltr'><strong>cupiditatis⁰</strong></span> <span class='ocrx_word' id='word_1_42' title='bbox 1047 807 1250 874; x_wconf 75' lang='lat' dir='ltr'><strong>detractionis</strong></span> 
     </span>
     <span class='ocr_line' id='line_1_6' title="bbox 82 917 1251 1007; baseline 0.007 -25"><span class='ocrx_word' id='word_1_43' title='bbox 82 917 263 1002; x_wconf 65' lang='lat' dir='ltr'><strong>aciemque,</strong></span> <span class='ocrx_word' id='word_1_44' title='bbox 287 919 377 1003; x_wconf 87' lang='lat' dir='ltr'><strong>quasi</strong></span> <span class='ocrx_word' id='word_1_45' title='bbox 400 918 570 1003; x_wconf 88' lang='lat' dir='ltr'><strong>nigerrimo</strong></span> <span class='ocrx_word' id='word_1_46' title='bbox 594 919 699 1007; x_wconf 92' lang='lat' dir='ltr'><strong>peplo,</strong></span> <span class='ocrx_word' id='word_1_47' title='bbox 722 925 898 988; x_wconf 68' lang='lat' dir='ltr'><strong>conmotam</strong></span> <span class='ocrx_word' id='word_1_48' title='bbox 921 927 953 987; x_wconf 90' lang='lat' dir='ltr'><strong>et</strong></span> <span class='ocrx_word' id='word_1_49' title='bbox 976 922 1044 989; x_wconf 87' lang='lat' dir='ltr'><strong>sine</strong></span> <span class='ocrx_word' id='word_1_50' title='bbox 1066 920 1186 990; x_wconf 88' lang='lat' dir='ltr'><strong>lumine</strong></span> <span class='ocrx_word' id='word_1_51' title='bbox 1200 943 1251 990; x_wconf 91' lang='lat' dir='ltr'><strong>re-</strong></span> 
     </span>
     <span class='ocr_line' id='line_1_7' title="bbox 81 1033 1249 1126; baseline 0.008 -29"><span class='ocrx_word' id='word_1_52' title='bbox 81 1033 232 1099; x_wconf 86' lang='lat' dir='ltr'><strong>mansisse</strong></span> <span class='ocrx_word' id='word_1_53' title='bbox 249 1039 395 1100; x_wconf 88' lang='lat' dir='ltr'><strong>acteruae</strong></span> <span class='ocrx_word' id='word_1_54' title='bbox 411 1033 574 1119; x_wconf 80' lang='lat' dir='ltr'><strong>claritatis,</strong></span> <span class='ocrx_word' id='word_1_55' title='bbox 597 1035 798 1121; x_wconf 83' lang='lat' dir='ltr'><strong>conspexisse</strong></span> <span class='ocrx_word' id='word_1_56' title='bbox 814 1057 858 1120; x_wconf 89' lang='lat' dir='ltr'><strong>se,</strong></span> <span class='ocrx_word' id='word_1_57' title='bbox 879 1036 990 1120; x_wconf 88' lang='lat' dir='ltr'><strong>lugens</strong></span> <span class='ocrx_word' id='word_1_58' title='bbox 1006 1039 1249 1126; x_wconf 86' lang='lat' dir='ltr'><strong>protestabatur.</strong></span> 
     </span>
    </p>
   </div>
   <div class='ocr_carea' id='block_1_3' title="bbox 78 1147 1250 1332">
    <p class='ocr_par' dir='ltr' id='par_1_3' title="bbox 78 1147 1250 1332">
     <span class='ocr_line' id='line_1_8' title="bbox 163 1147 1250 1233; baseline 0.006 -19"><span class='ocrx_word' id='word_1_59' title='bbox 163 1147 247 1216; x_wconf 83' lang='lat' dir='ltr'><strong>Vale</strong></span> <span class='ocrx_word' id='word_1_60' title='bbox 268 1151 302 1215; x_wconf 92' lang='lat' dir='ltr'><strong>in</strong></span> <span class='ocrx_word' id='word_1_61' title='bbox 325 1149 468 1233; x_wconf 82' lang='lat' dir='ltr'><strong>Christo,</strong></span> <span class='ocrx_word' id='word_1_62' title='bbox 492 1155 524 1216; x_wconf 91' lang='lat' dir='ltr'><strong>et</strong></span> <span class='ocrx_word' id='word_1_63' title='bbox 546 1151 609 1217; x_wconf 90' lang='lat' dir='ltr'><strong>mci</strong></span> <span class='ocrx_word' id='word_1_64' title='bbox 632 1151 700 1218; x_wconf 89' lang='lat' dir='ltr'><strong>sine</strong></span> <span class='ocrx_word' id='word_1_65' title='bbox 722 1151 976 1219; x_wconf 70' lang='lat' dir='ltr'><strong>intermissione*</strong></span> <span class='ocrx_word' id='word_1_66' title='bbox 999 1153 1033 1220; x_wconf 91' lang='lat' dir='ltr'><strong>in</strong></span> <span class='ocrx_word' id='word_1_67' title='bbox 1056 1153 1250 1221; x_wconf 89' lang='lat' dir='ltr'><strong>orationibus</strong></span> 
     </span>
     <span class='ocr_line' id='line_1_9' title="bbox 78 1263 428 1332; baseline 0.006 -2"><span class='ocrx_word' id='word_1_68' title='bbox 78 1263 218 1331; x_wconf 84' lang='lat' dir='ltr'><strong>fraterno</strong></span> <span class='ocrx_word' id='word_1_69' title='bbox 242 1285 349 1332; x_wconf 90' lang='lat' dir='ltr'><strong>amore</strong></span> <span class='ocrx_word' id='word_1_70' title='bbox 372 1315 428 1332; x_wconf 89' lang='lat'><strong>...</strong></span> 
     </span>
    </p>
   </div>
   <div class='ocr_carea' id='block_1_4' title="bbox 83 1449 1251 1775">
    <p class='ocr_par' dir='ltr' id='par_1_4' title="bbox 83 1449 1251 1775">
     <span class='ocr_line' id='line_1_10' title="bbox 83 1449 1250 1544; baseline 0.005 -26"><span class='ocrx_word' id='word_1_71' title='bbox 83 1449 163 1520; x_wconf 88' lang='lat'><strong>113.</strong></span> <span class='ocrx_word' id='word_1_72' title='bbox 185 1454 397 1538; x_wconf 66' lang='lat' dir='ltr'><strong>Brepocciuca</strong></span> <span class='ocrx_word' id='word_1_73' title='bbox 426 1453 680 1540; x_wconf 70' lang='lat' dir='ltr'><strong>archiepbcopce</strong></span> <span class='ocrx_word' id='word_1_74' title='bbox 709 1453 944 1521; x_wconf 68' lang='lat' dir='ltr'><strong>Caotcara&#39;enara</strong></span> <span class='ocrx_word' id='word_1_75' title='bbox 975 1455 1071 1522; x_wconf 80' lang='lat' dir='ltr'><strong>Lallo</strong></span> <span class='ocrx_word' id='word_1_76' title='bbox 1105 1458 1250 1544; x_wconf 62' lang='lat' dir='ltr'><strong>epsicopo</strong></span> 
     </span>
     <span class='ocr_line' id='line_1_11' title="bbox 185 1569 1251 1660; baseline 0.004 -26"><span class='ocrx_word' id='word_1_77' title='bbox 185 1569 429 1634; x_wconf 80' lang='lat' dir='ltr'><strong>Hildeberbtum</strong></span> <span class='ocrx_word' id='word_1_78' title='bbox 456 1573 603 1635; x_wconf 65' lang='lat' dir='ltr'><strong>aunuum</strong></span> <span class='ocrx_word' id='word_1_79' title='bbox 631 1572 736 1636; x_wconf 69' lang='lat' dir='ltr'><strong>nmio.</strong></span> <span class='ocrx_word' id='word_1_80' title='bbox 782 1571 886 1638; x_wconf 81' lang='lat' dir='ltr'><strong>Addit</strong></span> <span class='ocrx_word' id='word_1_81' title='bbox 920 1573 959 1636; x_wconf 87' lang='lat' dir='ltr'><strong>de</strong></span> <span class='ocrx_word' id='word_1_82' title='bbox 986 1573 1166 1638; x_wconf 71' lang='lat' dir='ltr'><strong>muneribus</strong></span> <span class='ocrx_word' id='word_1_83' title='bbox 1192 1596 1251 1660; x_wconf 86' lang='lat' dir='ltr'><strong>per</strong></span> 
     </span>
     <span class='ocr_line' id='line_1_12' title="bbox 185 1685 1251 1775; baseline 0.004 -25"><span class='ocrx_word' id='word_1_84' title='bbox 185 1685 359 1750; x_wconf 73' lang='lat' dir='ltr'><strong>letardum</strong></span> <span class='ocrx_word' id='word_1_85' title='bbox 380 1687 496 1766; x_wconf 64' lang='lat' dir='ltr'><strong>oubam,</strong></span> <span class='ocrx_word' id='word_1_86' title='bbox 520 1687 560 1750; x_wconf 87' lang='lat' dir='ltr'><strong>de</strong></span> <span class='ocrx_word' id='word_1_87' title='bbox 582 1689 723 1752; x_wconf 61' lang='lat' dir='ltr'><strong>amimae</strong></span> <span class='ocrx_word' id='word_1_88' title='bbox 745 1689 828 1753; x_wconf 77' lang='lat' dir='ltr'><strong>iuter</strong></span> <span class='ocrx_word' id='word_1_89' title='bbox 842 1710 874 1752; x_wconf 85' lang='lat' dir='ltr'><strong>aa</strong></span> <span class='ocrx_word' id='word_1_90' title='bbox 887 1689 1039 1774; x_wconf 71' lang='lat' dir='ltr'><strong>parendo,</strong></span> <span class='ocrx_word' id='word_1_91' title='bbox 1064 1690 1103 1753; x_wconf 85' lang='lat' dir='ltr'><strong>de</strong></span> <span class='ocrx_word' id='word_1_92' title='bbox 1117 1689 1251 1775; x_wconf 78' lang='lat' dir='ltr'><strong>Buppae</strong></span> 
     </span>
    </p>
   </div>
   <div class='ocr_carea' id='block_1_5' title="bbox 183 1800 1249 1886">
    <p class='ocr_par' dir='ltr' id='par_1_5' title="bbox 183 1800 1249 1886">
     <span class='ocr_line' id='line_1_13' title="bbox 183 1800 1249 1886; baseline 0.004 -21"><span class='ocrx_word' id='word_1_93' title='bbox 183 1800 364 1866; x_wconf 67' lang='lat' dir='ltr'><strong>adeamne</strong></span> <span class='ocrx_word' id='word_1_94' title='bbox 385 1809 511 1867; x_wconf 57' lang='lat' dir='ltr'><strong>morrei</strong></span> <span class='ocrx_word' id='word_1_95' title='bbox 822 1800 857 1884; x_wconf 88' lang='lat' dir='ltr'><strong>(S</strong></span> <span class='ocrx_word' id='word_1_96' title='bbox 877 1804 950 1886; x_wconf 87' lang='lat'>103,</span> <span class='ocrx_word' id='word_1_97' title='bbox 974 1801 1014 1870; x_wconf 88' lang='lat' dir='ltr'>W</span> <span class='ocrx_word' id='word_1_98' title='bbox 1030 1804 1103 1886; x_wconf 87' lang='lat'><strong>130,</strong></span> <span class='ocrx_word' id='word_1_99' title='bbox 1127 1801 1155 1868; x_wconf 86' lang='lat' dir='ltr'><strong>G</strong></span> <span class='ocrx_word' id='word_1_100' title='bbox 1174 1801 1249 1884; x_wconf 82' lang='lat'>120)</span> 
     </span>
    </p>
   </div>
   <div class='ocr_carea' id='block_1_6' title="bbox 71 1932 1409 4107">
    <p class='ocr_par' dir='ltr' id='par_1_6' title="bbox 74 1932 1409 2232">
     <span class='ocr_line' id='line_1_14' title="bbox 158 1932 1409 2023; baseline 0.006 -24"><span class='ocrx_word' id='word_1_101' title='bbox 158 1932 431 2000; x_wconf 83' lang='lat' dir='ltr'><strong>Reverentissimo</strong></span> <span class='ocrx_word' id='word_1_102' title='bbox 456 1938 488 2001; x_wconf 91' lang='lat' dir='ltr'><strong>et</strong></span> <span class='ocrx_word' id='word_1_103' title='bbox 510 1935 545 2000; x_wconf 95' lang='lat' dir='ltr'><strong>in</strong></span> <span class='ocrx_word' id='word_1_104' title='bbox 560 1932 686 2000; x_wconf 86' lang='lat' dir='ltr'><strong>Christo</strong></span> <span class='ocrx_word' id='word_1_105' title='bbox 701 1934 869 2001; x_wconf 89' lang='lat' dir='ltr'><strong>karissimo</strong></span> <span class='ocrx_word' id='word_1_106' title='bbox 884 1935 977 2002; x_wconf 80' lang='lat' dir='ltr'><strong>fratri</strong></span> <span class='ocrx_word' id='word_1_107' title='bbox 992 1933 1084 2001; x_wconf 90' lang='lat' dir='ltr'><strong>Lnllo</strong></span> <span class='ocrx_word' id='word_1_108' title='bbox 1100 1936 1248 2023; x_wconf 90' lang='lat' dir='ltr'><strong>episcopo</strong></span> <span class='ocrx_word' id='word_1_109' title='bbox 1267 1947 1409 2007; x_wconf 76' lang='lat' dir='ltr'><strong>tta-tec</strong></span> 
     </span>
     <span class='ocr_line' id='line_1_15' title="bbox 74 2045 1249 2138; baseline 0.004 -23"><span class='ocrx_word' id='word_1_110' title='bbox 74 2045 297 2132; x_wconf 84' lang='lat' dir='ltr'><strong>Bregowinus¹</strong></span> <span class='ocrx_word' id='word_1_111' title='bbox 320 2069 429 2116; x_wconf 83' lang='lat' dir='ltr'><strong>servus</strong></span> <span class='ocrx_word' id='word_1_112' title='bbox 453 2070 616 2117; x_wconf 89' lang='lat' dir='ltr'><strong>servorum</strong></span> <span class='ocrx_word' id='word_1_113' title='bbox 640 2049 700 2118; x_wconf 90' lang='lat' dir='ltr'><strong>Dei</strong></span> <span class='ocrx_word' id='word_1_114' title='bbox 724 2057 909 2138; x_wconf 84' lang='lat' dir='ltr'><strong>perpetuum</strong></span> <span class='ocrx_word' id='word_1_115' title='bbox 932 2053 966 2118; x_wconf 92' lang='lat' dir='ltr'><strong>in</strong></span> <span class='ocrx_word' id='word_1_116' title='bbox 982 2050 1101 2118; x_wconf 82' lang='lat' dir='ltr'><strong>Christi</strong></span> <span class='ocrx_word' id='word_1_117' title='bbox 1123 2053 1249 2120; x_wconf 90' lang='lat' dir='ltr'><strong>nomine</strong></span> 
     </span>
     <span class='ocr_line' id='line_1_16' title="bbox 74 2163 219 2232; baseline 0 -2"><span class='ocrx_word' id='word_1_118' title='bbox 74 2163 219 2232; x_wconf 78' lang='lat' dir='ltr'><strong>salutem</strong></span> 
     </span>
    </p>

    <p class='ocr_par' dir='ltr' id='par_1_7' title="bbox 71 2279 1250 4107">
     <span class='ocr_line' id='line_1_17' title="bbox 157 2279 1250 2371; baseline 0.003 -23"><span class='ocrx_word' id='word_1_119' title='bbox 157 2281 239 2348; x_wconf 91' lang='lat' dir='ltr'><strong>Dies</strong></span> <span class='ocrx_word' id='word_1_120' title='bbox 264 2279 356 2347; x_wconf 91' lang='lat' dir='ltr'><strong>multi</strong></span> <span class='ocrx_word' id='word_1_121' title='bbox 380 2281 480 2368; x_wconf 84' lang='lat' dir='ltr'><strong>elapsi</strong></span> <span class='ocrx_word' id='word_1_122' title='bbox 503 2287 593 2366; x_wconf 86' lang='lat' dir='ltr'><strong>sunt,</strong></span> <span class='ocrx_word' id='word_1_123' title='bbox 623 2303 662 2349; x_wconf 87' lang='lat' dir='ltr'><strong>ex</strong></span> <span class='ocrx_word' id='word_1_124' title='bbox 686 2301 747 2368; x_wconf 92' lang='lat' dir='ltr'><strong>quo</strong></span> <span class='ocrx_word' id='word_1_125' title='bbox 770 2281 923 2350; x_wconf 89' lang='lat' dir='ltr'><strong>sollicitus</strong></span> <span class='ocrx_word' id='word_1_126' title='bbox 946 2283 1189 2371; x_wconf 84' lang='lat' dir='ltr'><strong>praeoptabam,</strong></span> <span class='ocrx_word' id='word_1_127' title='bbox 1213 2289 1250 2351; x_wconf 91' lang='lat' dir='ltr'><strong>ut</strong></span> 
     </span>
     <span class='ocr_line' id='line_1_18' title="bbox 73 2394 1247 2484; baseline 0.004 -23"><span class='ocrx_word' id='word_1_128' title='bbox 73 2394 135 2464; x_wconf 89' lang='lat' dir='ltr'><strong>Deo</strong></span> <span class='ocrx_word' id='word_1_129' title='bbox 158 2397 291 2463; x_wconf 81' lang='lat' dir='ltr'><strong>favente</strong></span> <span class='ocrx_word' id='word_1_130' title='bbox 314 2398 442 2464; x_wconf 88' lang='lat' dir='ltr'><strong>tandem</strong></span> <span class='ocrx_word' id='word_1_131' title='bbox 472 2397 639 2483; x_wconf 88' lang='lat' dir='ltr'><strong>aliquando</strong></span> <span class='ocrx_word' id='word_1_132' title='bbox 669 2417 856 2484; x_wconf 90' lang='lat' dir='ltr'><strong>prosperum</strong></span> <span class='ocrx_word' id='word_1_133' title='bbox 884 2400 946 2466; x_wconf 89' lang='lat' dir='ltr'><strong>iter</strong></span> <span class='ocrx_word' id='word_1_134' title='bbox 973 2399 1120 2484; x_wconf 87' lang='lat' dir='ltr'><strong>legatarii</strong></span> <span class='ocrx_word' id='word_1_135' title='bbox 1147 2401 1247 2467; x_wconf 91' lang='lat' dir='ltr'><strong>nostri</strong></span> 
     </span>
     <span class='ocr_line' id='line_1_19' title="bbox 74 2512 1249 2602; baseline 0.003 -22"><span class='ocrx_word' id='word_1_136' title='bbox 74 2513 278 2598; x_wconf 80' lang='lat' dir='ltr'><strong>perveniendi</strong></span> <span class='ocrx_word' id='word_1_137' title='bbox 302 2512 343 2579; x_wconf 91' lang='lat' dir='ltr'><strong>ad</strong></span> <span class='ocrx_word' id='word_1_138' title='bbox 364 2513 591 2580; x_wconf 90' lang='lat' dir='ltr'><strong>beatitudinem</strong></span> <span class='ocrx_word' id='word_1_139' title='bbox 615 2518 752 2580; x_wconf 86' lang='lat' dir='ltr'><strong>vestram</strong></span> <span class='ocrx_word' id='word_1_140' title='bbox 776 2515 919 2582; x_wconf 82' lang='lat' dir='ltr'><strong>invenire</strong></span> <span class='ocrx_word' id='word_1_141' title='bbox 941 2516 1128 2602; x_wconf 86' lang='lat' dir='ltr'><strong>potuissent.</strong></span> <span class='ocrx_word' id='word_1_142' title='bbox 1167 2515 1249 2595; x_wconf 81' lang='lat' dir='ltr'><strong>Quia</strong></span> 
     </span>
     <span class='ocr_line' id='line_1_20' title="bbox 72 2627 1248 2717; baseline 0.003 -23"><span class='ocrx_word' id='word_1_143' title='bbox 72 2648 125 2714; x_wconf 89' lang='lat' dir='ltr'><strong>per</strong></span> <span class='ocrx_word' id='word_1_144' title='bbox 152 2629 232 2712; x_wconf 90' lang='lat' dir='ltr'><strong>hos,</strong></span> <span class='ocrx_word' id='word_1_145' title='bbox 261 2627 382 2696; x_wconf 87' lang='lat' dir='ltr'><strong>scilicet</strong></span> <span class='ocrx_word' id='word_1_146' title='bbox 402 2629 548 2716; x_wconf 83' lang='lat' dir='ltr'><strong>proxime</strong></span> <span class='ocrx_word' id='word_1_147' title='bbox 571 2629 772 2696; x_wconf 87' lang='lat' dir='ltr'><strong>decurrentes</strong></span> <span class='ocrx_word' id='word_1_148' title='bbox 795 2631 933 2717; x_wconf 85' lang='lat' dir='ltr'><strong>priores,</strong></span> <span class='ocrx_word' id='word_1_149' title='bbox 964 2651 1062 2698; x_wconf 90' lang='lat' dir='ltr'><strong>annos</strong></span> <span class='ocrx_word' id='word_1_150' title='bbox 1092 2631 1248 2717; x_wconf 86' lang='lat' dir='ltr'><strong>plurimae</strong></span> 
     </span>
     <span class='ocr_line' id='line_1_21' title="bbox 73 2744 1247 2832; baseline 0.003 -22"><span class='ocrx_word' id='word_1_151' title='bbox 73 2763 106 2810; x_wconf 86' lang='lat' dir='ltr'><strong>ac</strong></span> <span class='ocrx_word' id='word_1_152' title='bbox 126 2745 276 2812; x_wconf 86' lang='lat' dir='ltr'><strong>diversae</strong></span> <span class='ocrx_word' id='word_1_153' title='bbox 299 2744 533 2829; x_wconf 90' lang='lat' dir='ltr'><strong>inquietudines</strong></span> <span class='ocrx_word' id='word_1_154' title='bbox 558 2745 642 2832; x_wconf 90' lang='lat' dir='ltr'><strong>apud</strong></span> <span class='ocrx_word' id='word_1_155' title='bbox 663 2765 721 2811; x_wconf 90' lang='lat' dir='ltr'><strong>uos</strong></span> <span class='ocrx_word' id='word_1_156' title='bbox 745 2745 778 2811; x_wconf 92' lang='lat' dir='ltr'><strong>iu</strong></span> <span class='ocrx_word' id='word_1_157' title='bbox 800 2745 975 2813; x_wconf 89' lang='lat' dir='ltr'><strong>Brittaniae</strong></span> <span class='ocrx_word' id='word_1_158' title='bbox 997 2747 1103 2813; x_wconf 83' lang='lat' dir='ltr'><strong>rolin</strong></span> <span class='ocrx_word' id='word_1_159' title='bbox 1125 2745 1247 2814; x_wconf 89' lang='lat' dir='ltr'><strong>Galliae</strong></span> 
     </span>
     <span class='ocr_line' id='line_1_22' title="bbox 72 2860 1246 2944; baseline 0.003 -18"><span class='ocrx_word' id='word_1_160' title='bbox 72 2861 216 2944; x_wconf 88' lang='lat' dir='ltr'><strong>partibus</strong></span> <span class='ocrx_word' id='word_1_161' title='bbox 240 2860 449 2928; x_wconf 87' lang='lat' dir='ltr'><strong>audiebantur</strong></span> <span class='ocrx_word' id='word_1_162' title='bbox 472 2861 622 2942; x_wconf 83' lang='lat' dir='ltr'><strong>existere;</strong></span> <span class='ocrx_word' id='word_1_163' title='bbox 653 2866 685 2927; x_wconf 89' lang='lat' dir='ltr'><strong>et</strong></span> <span class='ocrx_word' id='word_1_164' title='bbox 706 2860 766 2928; x_wconf 92' lang='lat' dir='ltr'><strong>boc</strong></span> <span class='ocrx_word' id='word_1_165' title='bbox 788 2861 936 2929; x_wconf 88' lang='lat' dir='ltr'><strong>videlicet</strong></span> <span class='ocrx_word' id='word_1_166' title='bbox 956 2868 1100 2929; x_wconf 85' lang='lat' dir='ltr'><strong>nostrum</strong></span> <span class='ocrx_word' id='word_1_167' title='bbox 1124 2863 1246 2930; x_wconf 90' lang='lat' dir='ltr'><strong>deside-</strong></span> 
     </span>
     <span class='ocr_line' id='line_1_23' title="bbox 72 2975 1245 3064; baseline 0.003 -24"><span class='ocrx_word' id='word_1_168' title='bbox 72 2977 167 3043; x_wconf 89' lang='lat' dir='ltr'><strong>rabile</strong></span> <span class='ocrx_word' id='word_1_169' title='bbox 192 2977 391 3063; x_wconf 90' lang='lat' dir='ltr'><strong>propositum</strong></span> <span class='ocrx_word' id='word_1_170' title='bbox 416 2975 541 3062; x_wconf 87' lang='lat' dir='ltr'><strong>saepius</strong></span> <span class='ocrx_word' id='word_1_171' title='bbox 564 2976 721 3062; x_wconf 77' lang='lat' dir='ltr'><strong>inpedivit</strong></span> <span class='ocrx_word' id='word_1_172' title='bbox 743 2983 775 3044; x_wconf 90' lang='lat' dir='ltr'><strong>et</strong></span> <span class='ocrx_word' id='word_1_173' title='bbox 797 2979 1001 3064; x_wconf 88' lang='lat' dir='ltr'><strong>perterrendo</strong></span> <span class='ocrx_word' id='word_1_174' title='bbox 1024 2978 1116 3044; x_wconf 88' lang='lat' dir='ltr'><strong>valde</strong></span> <span class='ocrx_word' id='word_1_175' title='bbox 1138 2978 1245 3064; x_wconf 92' lang='lat' dir='ltr'><strong>prohi-</strong></span> 
     </span>
     <span class='ocr_line' id='line_1_24' title="bbox 72 3090 1245 3180; baseline 0.003 -22"><span class='ocrx_word' id='word_1_176' title='bbox 72 3090 135 3158; x_wconf 89' lang='lat' dir='ltr'><strong>buit</strong></span> <span class='ocrx_word' id='word_1_177' title='bbox 164 3094 206 3160; x_wconf 91' lang='lat' dir='ltr'><strong>de</strong></span> <span class='ocrx_word' id='word_1_178' title='bbox 230 3093 348 3158; x_wconf 87' lang='lat' dir='ltr'><strong>nostris</strong></span> <span class='ocrx_word' id='word_1_179' title='bbox 372 3091 494 3176; x_wconf 86' lang='lat' dir='ltr'><strong>aliquos</strong></span> <span class='ocrx_word' id='word_1_180' title='bbox 518 3091 558 3157; x_wconf 88' lang='lat' dir='ltr'><strong>ad</strong></span> <span class='ocrx_word' id='word_1_181' title='bbox 580 3112 636 3158; x_wconf 87' lang='lat' dir='ltr'><strong>vos</strong></span> <span class='ocrx_word' id='word_1_182' title='bbox 660 3093 796 3176; x_wconf 89' lang='lat' dir='ltr'><strong>dirigere</strong></span> <span class='ocrx_word' id='word_1_183' title='bbox 819 3114 875 3180; x_wconf 92' lang='lat' dir='ltr'><strong>par</strong></span> <span class='ocrx_word' id='word_1_184' title='bbox 898 3098 964 3160; x_wconf 89' lang='lat' dir='ltr'><strong>tam</strong></span> <span class='ocrx_word' id='word_1_185' title='bbox 987 3094 1141 3161; x_wconf 88' lang='lat' dir='ltr'><strong>incertam</strong></span> <span class='ocrx_word' id='word_1_186' title='bbox 1164 3099 1245 3162; x_wconf 89' lang='lat' dir='ltr'><strong>tam-</strong></span> 
     </span>
     <span class='ocr_line' id='line_1_25' title="bbox 72 3207 1244 3296; baseline 0.002 -22"><span class='ocrx_word' id='word_1_187' title='bbox 72 3208 142 3292; x_wconf 83' lang='lat' dir='ltr'><strong>qne‘</strong></span> <span class='ocrx_word' id='word_1_188' title='bbox 305 3208 423 3275; x_wconf 90' lang='lat' dir='ltr'><strong>crebris</strong></span> <span class='ocrx_word' id='word_1_189' title='bbox 457 3207 746 3275; x_wconf 90' lang='lat' dir='ltr'><strong>infestinationibus</strong></span> <span class='ocrx_word' id='word_1_190' title='bbox 780 3209 984 3296; x_wconf 90' lang='lat' dir='ltr'><strong>inproborum</strong></span> <span class='ocrx_word' id='word_1_191' title='bbox 1019 3209 1182 3277; x_wconf 90' lang='lat' dir='ltr'><strong>bominum</strong></span> <span class='ocrx_word' id='word_1_192' title='bbox 1210 3212 1244 3276; x_wconf 93' lang='lat' dir='ltr'><strong>iu</strong></span> 
     </span>
     <span class='ocr_line' id='line_1_26' title="bbox 72 3321 1245 3413; baseline 0.005 -25"><span class='ocrx_word' id='word_1_193' title='bbox 72 3324 242 3408; x_wconf 81' lang='lat' dir='ltr'><strong>prouinciis</strong></span> <span class='ocrx_word' id='word_1_194' title='bbox 265 3323 439 3407; x_wconf 87' lang='lat' dir='ltr'><strong>Anglorum</strong></span> <span class='ocrx_word' id='word_1_195' title='bbox 469 3343 525 3389; x_wconf 93' lang='lat' dir='ltr'><strong>sen</strong></span> <span class='ocrx_word' id='word_1_196' title='bbox 554 3321 676 3390; x_wconf 89' lang='lat' dir='ltr'><strong>Galliae</strong></span> <span class='ocrx_word' id='word_1_197' title='bbox 703 3325 851 3407; x_wconf 81' lang='lat' dir='ltr'><strong>regionis.</strong></span> <span class='ocrx_word' id='word_1_198' title='bbox 942 3324 1033 3392; x_wconf 91' lang='lat' dir='ltr'><strong>Nunc</strong></span> <span class='ocrx_word' id='word_1_199' title='bbox 1060 3347 1135 3392; x_wconf 86' lang='lat' dir='ltr'><strong>vero</strong></span> <span class='ocrx_word' id='word_1_200' title='bbox 1165 3347 1245 3413; x_wconf 90' lang='lat' dir='ltr'><strong>pace</strong></span> 
     </span>
     <span class='ocr_line' id='line_1_27' title="bbox 71 3438 1242 3528; baseline 0.004 -25"><span class='ocrx_word' id='word_1_201' title='bbox 71 3458 104 3503; x_wconf 87' lang='lat' dir='ltr'><strong>ac</strong></span> <span class='ocrx_word' id='word_1_202' title='bbox 130 3441 268 3506; x_wconf 91' lang='lat' dir='ltr'><strong>tuitione</strong></span> <span class='ocrx_word' id='word_1_203' title='bbox 295 3438 386 3505; x_wconf 91' lang='lat' dir='ltr'><strong>nobis</strong></span> <span class='ocrx_word' id='word_1_204' title='bbox 416 3459 435 3504; x_wconf 92' lang='lat' dir='ltr'><strong>a</strong></span> <span class='ocrx_word' id='word_1_205' title='bbox 457 3438 653 3526; x_wconf 90' lang='lat' dir='ltr'><strong>principibus</strong></span> <span class='ocrx_word' id='word_1_206' title='bbox 675 3439 892 3506; x_wconf 88' lang='lat' dir='ltr'><strong>indubitanter</strong></span> <span class='ocrx_word' id='word_1_207' title='bbox 914 3441 1053 3527; x_wconf 89' lang='lat' dir='ltr'><strong>undique</strong></span> <span class='ocrx_word' id='word_1_208' title='bbox 1075 3443 1242 3528; x_wconf 86' lang='lat' dir='ltr'><strong>promissa,</strong></span> 
     </span>
     <span class='ocr_line' id='line_1_28' title="bbox 71 3553 1243 3644; baseline 0.005 -26"><span class='ocrx_word' id='word_1_209' title='bbox 71 3554 235 3622; x_wconf 74' lang='lat' dir='ltr'><strong>misimue⁸</strong></span> <span class='ocrx_word' id='word_1_210' title='bbox 259 3553 299 3620; x_wconf 91' lang='lat' dir='ltr'><strong>ad</strong></span> <span class='ocrx_word' id='word_1_211' title='bbox 327 3558 465 3620; x_wconf 80' lang='lat' dir='ltr'><strong>vestram</strong></span> <span class='ocrx_word' id='word_1_212' title='bbox 497 3554 707 3622; x_wconf 89' lang='lat' dir='ltr'><strong>venerabilem</strong></span> <span class='ocrx_word' id='word_1_213' title='bbox 735 3556 966 3623; x_wconf 87' lang='lat' dir='ltr'><strong>fraternitatem</strong></span> <span class='ocrx_word' id='word_1_214' title='bbox 990 3557 1072 3624; x_wconf 90' lang='lat' dir='ltr'><strong>huuc</strong></span> <span class='ocrx_word' id='word_1_215' title='bbox 1094 3579 1243 3644; x_wconf 88' lang='lat' dir='ltr'><strong>praesen·</strong></span> 
     </span>
     <span class='ocr_line' id='line_1_29' title="bbox 71 3671 1243 3758; baseline 0.003 -22"><span class='ocrx_word' id='word_1_216' title='bbox 71 3675 130 3736; x_wconf 86' lang='lat' dir='ltr'><strong>tem</strong></span> <span class='ocrx_word' id='word_1_217' title='bbox 153 3671 299 3753; x_wconf 68' lang='lat' dir='ltr'><strong>fratem,</strong></span> <span class='ocrx_word' id='word_1_218' title='bbox 321 3671 453 3736; x_wconf 89' lang='lat' dir='ltr'><strong>istarum</strong></span> <span class='ocrx_word' id='word_1_219' title='bbox 479 3671 672 3756; x_wconf 88' lang='lat' dir='ltr'><strong>presentium</strong></span> <span class='ocrx_word' id='word_1_220' title='bbox 687 3671 865 3739; x_wconf 88' lang='lat' dir='ltr'><strong>litterarum</strong></span> <span class='ocrx_word' id='word_1_221' title='bbox 881 3672 1032 3758; x_wconf 92' lang='lat' dir='ltr'><strong>baiulum,</strong></span> <span class='ocrx_word' id='word_1_222' title='bbox 1056 3672 1243 3740; x_wconf 90' lang='lat' dir='ltr'><strong>Hildeberb·</strong></span> 
     </span>
     <span class='ocr_line' id='line_1_30' title="bbox 71 3786 1242 3872; baseline 0.006 -22"><span class='ocrx_word' id='word_1_223' title='bbox 71 3789 133 3850; x_wconf 88' lang='lat' dir='ltr'><strong>tum</strong></span> <span class='ocrx_word' id='word_1_224' title='bbox 157 3787 303 3868; x_wconf 64' lang='lat' dir='ltr'><strong>numium</strong></span> <span class='ocrx_word' id='word_1_225' title='bbox 327 3786 533 3852; x_wconf 91' lang='lat' dir='ltr'><strong>reminiscens</strong></span> <span class='ocrx_word' id='word_1_226' title='bbox 557 3786 714 3871; x_wconf 80' lang='lat' dir='ltr'><strong>videlicet,</strong></span> <span class='ocrx_word' id='word_1_227' title='bbox 739 3787 873 3872; x_wconf 89' lang='lat' dir='ltr'><strong>qualiter</strong></span> <span class='ocrx_word' id='word_1_228' title='bbox 894 3788 1049 3855; x_wconf 89' lang='lat' dir='ltr'><strong>internos</strong></span> <span class='ocrx_word' id='word_1_229' title='bbox 1064 3790 1098 3856; x_wconf 91' lang='lat' dir='ltr'><strong>iu</strong></span> <span class='ocrx_word' id='word_1_230' title='bbox 1114 3790 1242 3857; x_wconf 80' lang='lat' dir='ltr'><strong>ciuitate</strong></span> 
     </span>
     <span class='ocr_line' id='line_1_31' title="bbox 71 3897 1241 3991; baseline 0.004 -25"><span class='ocrx_word' id='word_1_231' title='bbox 71 3897 211 3968; x_wconf 86' lang='lat' dir='ltr'><strong>Romana</strong></span> <span class='ocrx_word' id='word_1_232' title='bbox 241 3901 279 3968; x_wconf 91' lang='lat' dir='ltr'><strong>de</strong></span> <span class='ocrx_word' id='word_1_233' title='bbox 308 3902 466 3968; x_wconf 86' lang='lat' dir='ltr'><strong>amicitiae</strong></span> <span class='ocrx_word' id='word_1_234' title='bbox 494 3902 701 3969; x_wconf 83' lang='lat' dir='ltr'><strong>conventione</strong></span> <span class='ocrx_word' id='word_1_235' title='bbox 723 3902 922 3988; x_wconf 91' lang='lat' dir='ltr'><strong>conloquium</strong></span> <span class='ocrx_word' id='word_1_236' title='bbox 946 3902 1128 3986; x_wconf 85' lang='lat' dir='ltr'><strong>babuimus3</strong></span> <span class='ocrx_word' id='word_1_237' title='bbox 1158 3906 1241 3991; x_wconf 93' lang='lat' dir='ltr'><strong>quod</strong></span> 
     </span>
     <span class='ocr_line' id='line_1_32' title="bbox 73 4016 1241 4107; baseline 0.006 -27"><span class='ocrx_word' id='word_1_238' title='bbox 73 4018 164 4084; x_wconf 89' lang='lat' dir='ltr'><strong>etiam</strong></span> <span class='ocrx_word' id='word_1_239' title='bbox 192 4037 251 4084; x_wconf 89' lang='lat' dir='ltr'><strong>nos</strong></span> <span class='ocrx_word' id='word_1_240' title='bbox 280 4037 407 4084; x_wconf 86' lang='lat' dir='ltr'><strong>serrare</strong></span> <span class='ocrx_word' id='word_1_241' title='bbox 438 4016 625 4084; x_wconf 91' lang='lat' dir='ltr'><strong>omnimodis</strong></span> <span class='ocrx_word' id='word_1_242' title='bbox 655 4017 849 4086; x_wconf 89' lang='lat' dir='ltr'><strong>confitemur.</strong></span> <span class='ocrx_word' id='word_1_243' title='bbox 896 4018 1095 4107; x_wconf 83' lang='lat' dir='ltr'><strong>Quapropter</strong></span> <span class='ocrx_word' id='word_1_244' title='bbox 1123 4025 1154 4087; x_wconf 89' lang='lat' dir='ltr'><strong>ct</strong></span> <span class='ocrx_word' id='word_1_245' title='bbox 1184 4041 1241 4104; x_wconf 87' lang='lat' dir='ltr'><strong>ego</strong></span> 
     </span>
    </p>
   </div>
   <div class='ocr_carea' id='block_1_7' title="bbox 70 4138 1245 4474">
    <p class='ocr_par' dir='ltr' id='par_1_8' title="bbox 70 4138 1245 4366">
     <span class='ocr_line' id='line_1_33' title="bbox 139 4138 1245 4220; baseline 0.005 -16"><span class='ocrx_word' id='word_1_246' title='bbox 139 4172 161 4204; x_wconf 86' lang='grc' dir='ltr'><strong>ι.</strong></span> <span class='ocrx_word' id='word_1_247' title='bbox 182 4160 331 4206; x_wconf 85' lang='lat' dir='ltr'><strong>communiter</strong></span> <span class='ocrx_word' id='word_1_248' title='bbox 349 4160 376 4207; x_wconf 75' lang='lat' dir='ltr'><strong>V.</strong></span> <span class='ocrx_word' id='word_1_249' title='bbox 431 4159 453 4206; x_wconf 89' lang='lat' dir='ltr'><strong>b.</strong></span> <span class='ocrx_word' id='word_1_250' title='bbox 470 4163 511 4208; x_wconf 70' lang='lat' dir='ltr'><strong>so.</strong></span> <span class='ocrx_word' id='word_1_251' title='bbox 568 4173 587 4206; x_wconf 89' lang='lat' dir='ltr'><strong>c.</strong></span> <span class='ocrx_word' id='word_1_252' title='bbox 610 4138 746 4220; x_wconf 64' lang='lat' dir='ltr'><strong>cupuditatd&#39;</strong></span> <span class='ocrx_word' id='word_1_253' title='bbox 761 4161 787 4208; x_wconf 85' lang='lat' dir='ltr'><strong>V.</strong></span> <span class='ocrx_word' id='word_1_254' title='bbox 843 4161 866 4208; x_wconf 89' lang='lat' dir='ltr'><strong>d.</strong></span> <span class='ocrx_word' id='word_1_255' title='bbox 882 4161 1038 4208; x_wconf 83' lang='lat' dir='ltr'><strong>intermislcna</strong></span> <span class='ocrx_word' id='word_1_256' title='bbox 1056 4161 1084 4208; x_wconf 80' lang='lat'><strong>7.</strong></span> <span class='ocrx_word' id='word_1_257' title='bbox 1138 4175 1158 4208; x_wconf 82' lang='lat' dir='ltr'><strong>a.</strong></span> <span class='ocrx_word' id='word_1_258' title='bbox 1174 4179 1203 4208; x_wconf 71' lang='lat' dir='ltr'><strong>ex</strong></span> <span class='ocrx_word' id='word_1_259' title='bbox 1220 4162 1245 4209; x_wconf 81' lang='lat' dir='ltr'><em>V</em></span> 
     </span>
     <span class='ocr_line' id='line_1_34' title="bbox 72 4237 1239 4302; baseline 0.003 -19"><span class='ocrx_word' id='word_1_260' title='bbox 72 4237 215 4286; x_wconf 67' lang='grc' dir='ltr'><strong>ὕδν-ὃῦυ.</strong></span> <span class='ocrx_word' id='word_1_261' title='bbox 244 4240 298 4286; x_wconf 80' lang='lat' dir='ltr'><strong>Siue</strong></span> <span class='ocrx_word' id='word_1_262' title='bbox 316 4241 426 4285; x_wconf 71' lang='lat' dir='ltr'><strong>immuta.</strong></span> <span class='ocrx_word' id='word_1_263' title='bbox 502 4239 519 4286; x_wconf 81' lang='lat' dir='ltr'><strong>f.</strong></span> <span class='ocrx_word' id='word_1_264' title='bbox 544 4243 642 4300; x_wconf 79' lang='lat' dir='ltr'><strong>sequitur</strong></span> <span class='ocrx_word' id='word_1_265' title='bbox 663 4242 733 4286; x_wconf 76' lang='lat' dir='ltr'><strong>lituro</strong></span> <span class='ocrx_word' id='word_1_266' title='bbox 754 4249 850 4302; x_wconf 78' lang='lat' dir='ltr'><strong>quatuor</strong></span> <span class='ocrx_word' id='word_1_267' title='bbox 868 4245 916 4297; x_wconf 79' lang='lat' dir='ltr'><strong>sere</strong></span> <span class='ocrx_word' id='word_1_268' title='bbox 934 4243 1065 4288; x_wconf 73' lang='lat' dir='ltr'><strong>litterarum.</strong></span> <span class='ocrx_word' id='word_1_269' title='bbox 1143 4255 1165 4299; x_wconf 79' lang='lat' dir='ltr'><strong>g.</strong></span> <span class='ocrx_word' id='word_1_270' title='bbox 1185 4241 1239 4287; x_wconf 77' lang='lat' dir='ltr'><strong>mla·</strong></span> 
     </span>
     <span class='ocr_line' id='line_1_35' title="bbox 70 4314 185 4366; baseline 0.009 -2"><span class='ocrx_word' id='word_1_271' title='bbox 70 4314 138 4364; x_wconf 75' lang='lat' dir='ltr'><strong>tium</strong></span> <span class='ocrx_word' id='word_1_272' title='bbox 157 4317 185 4366; x_wconf 75' lang='lat'><strong>7.</strong></span> 
     </span>
    </p>

    <p class='ocr_par' dir='ltr' id='par_1_9' title="bbox 140 4401 815 4474">
     <span class='ocr_line' id='line_1_36' title="bbox 140 4401 815 4474; baseline 0.003 -17"><span class='ocrx_word' id='word_1_273' title='bbox 140 4404 166 4457; x_wconf 93' lang='lat'><strong>1.</strong></span> <span class='ocrx_word' id='word_1_274' title='bbox 190 4401 412 4473; x_wconf 87' lang='lat' dir='ltr'><strong>archiepiscopus</strong></span> <span class='ocrx_word' id='word_1_275' title='bbox 431 4401 643 4474; x_wconf 75' lang='lat' dir='ltr'><strong>cantuariensis,</strong></span> <span class='ocrx_word' id='word_1_276' title='bbox 661 4405 815 4461; x_wconf 76' lang='lat' dir='ltr'><strong>‘lca-roc.</strong></span> 
     </span>
    </p>
   </div>
   <div class='ocr_carea' id='block_1_8' title="bbox 0 0 1560 4844">
    <p class='ocr_par' dir='ltr' id='par_1_10' title="bbox 0 0 1560 4844">
     <span class='ocr_line' id='line_1_37' title="bbox 0 0 1560 4844; baseline 0 2"><span class='ocrx_word' id='word_1_277' title='bbox 0 0 1560 4844; x_wconf 95' lang='lat' dir='ltr'><strong> </strong></span> 
     </span>
    </p>
   </div>
  </div>
 </body>
</html>
