3090 4848
304 271 346 337 88
544 287 572 336 s.
588 286 764 336 nonmuun
787 289 830 336 ur
852 289 954 336 nuum
975 287 1163 337 uersu-onus
1185 287 1264 334 aem

233 435 287 491 724
304 431 338 497 in
360 430 488 497 nomine
511 430 578 497 eius
600 429 792 517 baptismum
816 430 982 516 suscipite3
1006 430 1081 514 quia
1095 429 1240 496 dominus
1254 429 1341 497 Deus
1355 435 1466 515 noster,

231 508 287 556 ⁰⁰⁶⁸
304 547 388 631 quod
410 546 518 613 oeulos
541 545 678 612 hominis
699 566 872 631 numquam
893 545 974 612 vidit
995 565 1054 612 nso
1076 545 1110 613 in
1133 565 1187 612 eor
1210 546 1345 613 hominis
1365 566 1467 614 aseen-

304 662 362 744 dit,
385 663 589 749 praepararit
611 663 814 746 diligentibus
837 683 871 728 se
881 658 897 727 ¹.
933 660 1000 728 lam
1023 661 1159 728 reoedite
1182 681 1201 728 a
1219 662 1310 728 malis
1326 663 1467 749 operibus

304 782 336 844 et
359 778 443 862 agito
471 778 560 845 bene.
607 777 677 844 Non
701 777 839 844 adoretis
860 775 947 843 idola
969 796 1027 843 neo
1049 777 1219 844 immoletis
1242 798 1368 859 earnes3
1399 780 1469 864 quia

304 893 391 961 Deus
420 914 483 960 uon
511 895 626 981 recipit
647 894 719 960 ista.
766 893 829 960 Sed
851 893 886 959 in
914 892 1075 978 omuibus,
1106 894 1277 960 seeundum
1305 894 1388 980 quod
1417 915 1469 961 vos

304 1009 402 1076 irater
430 1015 538 1076 noster
560 1009 738 1076 Bonifatius
767 1008 924 1094 doouerit,
953 1008 1118 1077 observate
1146 1016 1178 1077 et
1206 1010 1303 1094 ugite3
1334 1015 1366 1077 et
1393 1009 1470 1076 sulri

305 1125 403 1210 eritis,
427 1130 460 1192 et
481 1147 537 1193 ros
561 1131 593 1194 et
614 1125 673 1192 tilii
694 1126 808 1209 rostri,
831 1126 865 1190 iu
888 1125 1125 1211 sempiternum.
1216 1125 1323 1194 Facite
1346 1132 1471 1210 ergoet

304 1240 450 1326 domum,
484 1242 540 1309 obi
567 1241 680 1310 debeat
707 1242 777 1328 ipse
809 1247 901 1327 pater
928 1245 1034 1308 vester
1062 1241 1228 1328 episeopus
1255 1241 1414 1326 habitare,
1443 1247 1472 1309 et

305 1357 482 1442 aeoolesias,
505 1357 559 1424 ubi
582 1378 674 1425 oraro
696 1357 852 1439 debeatis3
875 1361 912 1422 ut
926 1357 1012 1425 Deus
1036 1357 1198 1440 indulgeat
1218 1365 1349 1445 peecata
1369 1363 1472 1426 vestra

305 1477 337 1539 et
360 1473 454 1540 donet
476 1473 566 1540 vobis
589 1474 687 1540 vitam
711 1478 907 1560 perpetuam.

307 1684 368 1754 27.
395 1684 568 1774 Gregorius
583 1688 627 1753 II
638 1711 730 1775 papo
751 1690 795 1754 od
808 1691 917 1753 uarios
932 1688 1095 1774 Boodato‘t
1109 1688 1346 1754 emodenorum
1361 1693 1473 1755 reuco-i·

396 1803 468 1868 bir·.
1185 1802 1221 1885 (S
1239 1805 1311 1888 126,
1335 1802 1404 1871 WG
1421 1805 1473 1886 24]

214 1948 266 2001 726
394 1935 659 2004 Reverentissimo
690 1941 723 2002 et
750 1936 948 2003 sanctissimo
982 1936 1076 2004 fratri
1102 1936 1260 2004 Bonifatio
1290 1938 1474 2024 coepiscopo

190 2020 289 2066 ΝΜ
306 2051 476 2138 Gregorius
499 2073 608 2120 servus
630 2073 794 2120 servorum
815 2052 885 2119 Dei.

394 2167 644 2236 Desiderabilem
672 2169 750 2234 milri
778 2167 868 2236 atel
890 2169 1006 2235 missus
1029 2167 1154 2235 Denual
1176 2168 1364 2253 relegiosus⁰
1387 2189 1478 2256 pres-

306 2285 388 2353 biter
418 2286 525 2351 attulit
553 2285 715 2369 nuntium,
745 2304 817 2351 eum
845 2289 877 2352 te
903 2284 1047 2371 sospeml
1069 2287 1213 2353 narravit
1235 2290 1267 2352 et
1288 2286 1477 2370 ministerio,

307 2422 366 2488 pro
396 2421 457 2486 quo
485 2399 601 2467 missus
629 2421 679 2484 es,
709 2400 835 2468 larente
863 2400 930 2467 Deo
959 2400 1111 2488 prolicere
1141 2402 1308 2469 nuntiavit
1354 2402 1481 2470 Detulit

308 2518 404 2584 etiam
428 2537 447 2582 a
468 2521 501 2583 te
523 2516 637 2583 missae
658 2515 798 2600 litteras,
822 2516 877 2582 ubi
899 2517 1062 2601 iudicasti,
1086 2518 1169 2603 quod
1192 2537 1267 2602 ager
1290 2518 1480 2600 dominicus,

309 2633 363 2719 qui
385 2631 522 2699 indultus
545 2631 668 2699 iacebat
691 2638 723 2699 et
745 2633 909 2718 spinarum
932 2632 1048 2699 oouleis
1072 2653 1111 2699 ex
1126 2631 1311 2701 infidelitate
1325 2635 1480 2718 riguerat„

307 2758 482 2816 vomerem·
505 2753 579 2815 tuae
606 2748 781 2832 doetrinae,
806 2747 1004 2814 exarantem‘
1027 2768 1134 2815 semen
1156 2749 1259 2833 verbi,
1284 2750 1426 2836 suseepit
1450 2753 1482 2817 et

306 2866 443 2934 fertilem
466 2884 600 2932 messem
622 2864 755 2950 protulit
776 2863 946 2930 fidelitatis.

396 2982 432 3049 lu
458 2981 577 3048 eisdem
606 2980 721 3047 littaris
752 2979 940 3065 quibusdam
971 2979 1164 3047 subnexisti⁸
1194 2981 1340 3068 eapitulis
1371 2981 1484 3048 soisoi-

306 3097 414 3182 taudo,
439 3097 574 3184 qualiter
595 3101 703 3162 teneat
724 3096 775 3162 vel
797 3095 908 3162 doceat
927 3095 1005 3162 hoeo
1026 3102 1135 3163 saneta
1150 3097 1322 3184 apostoliea
1335 3096 1484 3164 Romana

307 3213 467 3280 aeeclesia.
501 3213 587 3280 Bene
610 3213 697 3279 satis.
733 3211 813 3291 Quia
835 3212 964 3279 beatus*
988 3211 1148 3297 apostolus
1163 3211 1275 3280 Petrus
1299 3217 1331 3280 et
1350 3219 1485 3300 aposto-

306 3329 390 3396 latus
417 3334 449 3396 et
470 3329 671 3416 episcopatus
698 3328 889 3415 principium
918 3328 1049 3395 exstitit.
1084 3329 1129 3395 Et
1156 3329 1330 3397 consulenti
1356 3329 1419 3397 tibi
1443 3331 1485 3398 de

308 3450 393 3511 statu
423 3443 575 3512 aeclesiae
601 3465 666 3511 non
696 3465 735 3511 ex
763 3444 854 3511 nobis
885 3445 975 3530 quasi
1004 3465 1042 3511 ex
1071 3445 1162 3512 nobis
1190 3446 1246 3512 sed
1274 3447 1341 3514 eius
1363 3447 1485 3531 gratia,

308 3559 363 3646 qui
386 3561 489 3646 aperit
512 3581 547 3627 os
568 3565 693 3626 mutum
715 3565 747 3627 et
769 3559 892 3644 linguae
915 3559 1083 3628 infantium
1105 3561 1183 3627 fouit
1203 3557 1377 3645 disertas¹¹,
1402 3583 1487 3648 qua-

307 3676 382 3743 liter
403 3681 511 3743 tenere
533 3676 662 3761 debeas,
687 3677 851 3763 apostolici
874 3676 993 3761 vigoris
1015 3677 1159 3744 doctrina
1181 3676 1342 3744 edicimus.

381 3893 401 3927 a.
422 3899 451 3927 ex
469 3885 496 3927 Μ
510 3880 642 3935 9υ-11υ,
664 3881 815 3928 cto—tv.
843 3883 897 3928 Siue
918 3883 1021 3928 lemmate
1038 3885 1077 3936 M,
1098 3883 1138 3928 uti
1156 3889 1230 3929 remen
1250 3883 1358 3946 Gregorio
1371 3887 1397 3931 11
1418 3887 1488 3931 attri-

308 3962 362 4008 tuta
378 3961 434 4006 laec
449 3962 546 4020 epulata
563 3968 595 4006 ess
611 3960 645 4004 ln's
662 3961 765 4006 subiectis
781 3961 867 4008 oertr's:
882 3960 932 4008 Huc
948 3975 1020 4021 usque
1031 3961 1153 4019 Gregorius
1169 3976 1182 4008 a
1197 3963 1270 4022 primo
1285 3961 1411 4018 sscundus;
1429 3964 1490 4010 hinc

308 4039 430 4098 Gregorius
451 4054 465 4086 a
485 4038 586 4086 seeundo
607 4039 689 4085 iunior.
713 4042 739 4086 Iu
757 4043 778 4086 C
789 4044 942 4101 promeritum
957 4043 1068 4100 epistolae
1084 4043 1213 4089 allamma
1229 4043 1284 4089 loc.-
1304 4042 1359 4088 ltem
1376 4041 1489 4099 Gregorii

307 4121 399 4167 tertii.
493 4119 515 4165 b.
538 4121 591 4166 anto
614 4123 647 4165 Μ.
741 4133 760 4167 o
784 4137 841 4166 corr.
858 4123 880 4166 iu
900 4119 1016 4178 religionis
1039 4123 1064 4168 C.
1157 4123 1180 4168 d.
1202 4139 1259 4168 corr.
1275 4123 1298 4167 tu
1319 4121 1434 4181 sospitem
1460 4125 1490 4170 C.

308 4213 320 4246 e
345 4217 402 4246 corr.
418 4202 441 4246 tn
457 4202 583 4246 romoreC.
645 4198 661 4245 l.
679 4216 736 4244 corr.
752 4202 774 4246 ἐκ
792 4202 933 4247 exaruutec.
996 4212 1017 4258 g.
1034 4217 1091 4247 corr.
1105 4205 1126 4247 ie
1144 4201 1286 4249 subnexuisti
1295 4204 1320 4250 C.
1381 4199 1405 4247 lu.
1424 4202 1490 4248 satia

309 4234 392 4339 dipro
408 4280 495 4326 heatus.
573 4279 588 4325 i.
609 4278 720 4326 dhaertu
735 4283 774 4334 M,
791 4297 849 4326 corr.
864 4283 887 4326 in
903 4279 1001 4327 disertas
1018 4283 1044 4328 C.

381 4385 405 4440 1.
430 4381 657 4454 reomago.
747 4385 771 4440 a.
797 4382 861 4456 sap.
876 4386 919 4455 ro,
932 4386 975 4439 21.
