3176 4846
336 299 417 348 nni
440 299 595 350 innonm
617 301 878 350 incomemcom
900 301 1096 352 uoonnnmi
1233 285 1297 351 647

219 439 299 510 Gnm
328 441 386 510 hoo
412 442 581 530 multiplioi
605 463 732 510 rumore
755 444 927 512 multorum
950 444 1000 512 vol
1022 444 1175 512 relatione
1196 444 1301 510 forent
1318 453 1389 510 1160

128 564 306 646 comporta,
334 559 472 646 primum
496 559 629 626 domnus
653 561 835 647 episeopus,
858 561 904 647 pii
932 561 1077 644 magistri
1103 581 1140 628 no
1162 561 1299 649 postoris

128 673 200 742 ioen
223 673 341 742 Christi
367 675 512 762 exemplo
535 675 703 743 maledieta
727 696 834 742 eornm
857 677 935 743 haut
954 677 1089 744 multum
1113 676 1300 762 depensans,

128 793 174 860 Et
195 793 355 859 Dominue
376 790 481 875 inquii
501 815 588 858 moue
609 793 697 858 Ieeue
712 791 852 859 Cinorus
875 819 896 859 a
910 794 1103 860 Piormaico
1125 795 1182 859 ior
1205 815 1301 880 quarn

129 930 203 995 repe
222 908 353 995 pertulit
372 909 518 995 perfidia,
542 911 679 976 dicente:
704 910 922 988 „Demoniurn
944 906 1086 976 iobee“¹
1101 923 1144 976 et:
1169 911 1301 988 „Filiue

125 1024 219 1105 fohri
240 1017 328 1104 eet'',
354 1027 467 1110 quiin
489 1025 643 1092 Beleebnb
667 1023 756 1091 or’eitb
779 1020 970 1092 denium·
993 1039 1037 1092 et:
1060 1026 1204 1106 „Venite
1227 1028 1300 1091 rnit·

129 1152 232 1207 mmor
256 1140 377 1227 liparem
398 1143 433 1205 in
451 1163 571 1227 ponem
593 1144 669 1222 eim,
695 1154 724 1206 et
745 1143 912 1208 eradamue
936 1165 1005 1208 eum
1028 1145 1066 1208 de
1088 1156 1172 1208 terra
1194 1145 1301 1206 viven-

129 1251 243 1333 tium⁴,·
273 1258 424 1343 quoroiam
453 1260 631 1322 contrariare
660 1269 705 1323 eet
731 1258 877 1343 operibus
905 1261 1021 1324 nootrie
1051 1269 1080 1324 et
1106 1261 1303 1345 improperat

129 1372 221 1438 nobt't
247 1384 377 1458 peccata
407 1367 513 1458 lepio‘,
544 1385 573 1438 et
599 1373 732 1439 obotinet
757 1395 790 1438 ee
811 1397 833 1438 a
854 1377 915 1438 aiio
936 1376 1053 1440 nostrie
1076 1387 1239 1459 tamquam
1261 1373 1301 1438 ab

129 1482 398 1555 immunitum.
435 1487 510 1570 Qui,
534 1511 605 1554 eum
626 1487 872 1569 malediceretur,
896 1511 962 1554 non
984 1489 1203 1566 nraledieebat3
1231 1511 1301 1554 curn

126 1617 299 1693 pateretur,
315 1627 381 1672 non
399 1605 647 1672 comminabatur
652 1627 663 1682 ,¹
680 1605 824 1670 tradebat
837 1607 996 1671 indicanti
1008 1627 1040 1670 eo
1055 1600 1195 1672 ininote⁷.
1224 1605 1301 1670 Non

129 1721 333 1788 contendebat
358 1743 458 1808 neque
488 1721 659 1801 clamabat,
689 1722 770 1786 noret
796 1721 875 1786 dieii
896 1725 1071 1808 empturo,
1101 1744 1157 1786 nea
1180 1723 1304 1786 audivit

131 1841 203 1925 quie
225 1839 261 1903 in
278 1837 395 1925 platoni
417 1859 522 1904 ooeem
544 1829 663 1903 euam⁸.
697 1833 906 1904 Contumeliae
930 1850 959 1902 et
981 1859 1101 1904 errores
1118 1859 1236 1924 pareus
1259 1849 1303 1902 ert

130 1953 171 2020 ab
194 1956 248 2019 eir.
282 1954 474 2041 Euentplum
495 1954 582 2020 dedit
602 1953 703 2033 nobie,
727 1965 763 2018 ut
777 1963 807 2018 et
820 1973 878 2018 noo
893 1947 1138 2037 itasaoimust
1173 1952 1303 2039 Oportet

131 2091 205 2157 erpo
226 2091 285 2136 noo
308 2069 479 2150 ornbulore,
504 2083 540 2136 ut
561 2082 590 2135 et
610 2071 680 2156 ipre
700 2062 910 2135 onibulooitffl.
984 2069 1178 2155 Mapuntiaa
1199 2080 1303 2134 autem

129 2189 243 2252 comtos
265 2187 309 2250 ad
330 2185 412 2252 imno
433 2207 532 2272 mque
549 2187 704 2272 prorupit
724 2187 901 2266 intentam,
926 2187 1013 2271 quod
1034 2185 1169 2250 Iudaico
1190 2185 1301 2268 infide·

131 2303 219 2370 litote
241 2304 368 2370 domurn
389 2303 469 2383 Dei,
497 2301 691 2370 domicilium
714 2303 883 2382 motionis,
906 2323 1057 2388 spumam
1080 2301 1153 2367 Ieeu
1175 2299 1301 2381 Christi,

130 2431 241 2486 oanan
262 2429 458 2486 tunctorum·
474 2419 684 2485 &hortatorii
705 2431 734 2484 et
755 2418 982 2504 infandissimo
1004 2420 1205 2484 immunditia
1227 2439 1301 2484 oon·

131 2537 272 2603 aulearit
308 2535 352 2602 Et
371 2537 407 2600 in
429 2535 488 2600 hoo
508 2548 594 2602 tanto
618 2548 647 2600 et
668 2547 734 2600 tom
752 2537 963 2602 minotauro
981 2539 1098 2602 nortrie
1114 2534 1302 2622 temporibus

122 2653 275 2740 jocinore
296 2673 360 2717 non
381 2652 484 2718 tolum
502 2649 715 2738 reeipieoere¹,
738 2673 803 2717 non
824 2651 926 2716 eolum
947 2651 1018 2718 Deo
1041 2651 1224 2736 eanesaeere
1244 2671 1302 2716 no·

132 2769 227 2850 iunt·,
249 2769 305 2834 red
325 2780 354 2834 et
367 2781 574 2854 ooritempturn
588 2770 779 2853 contemptui
793 2779 986 2832 coacervant.
1017 2765 1144 2854 Quippe
1158 2763 1302 2852 impitu‘,

132 2907 203 2952 mun
231 2887 267 2950 in
289 2885 458 2972 perisindo
484 2885 638 2948 oieiorum
668 2883 851 2963 deomerr't‘,
881 2875 1120 2969 conumpntehfl.
1164 2880 1303 2947 Ceterum

133 3025 155 3068 a
176 3004 356 3068 normano
371 3000 508 3066 Domini
528 3000 685 3085 inceptum
708 3011 753 3064 eet
773 2991 971 3075 iudieium¹²3
999 3011 1027 3064 et
1049 2999 1120 3084 quia
1142 3019 1212 3062 rum
1235 3017 1301 3082 epo,

132 3129 169 3184 ut
190 3114 438 3205 diepoeitionom¹
453 3116 519 3180 Dei
535 3117 657 3202 porrim
678 3111 868 3201 prevenire¹¹,
894 3115 1021 3200 quando
1045 3125 1074 3179 et
1093 3117 1124 3180 ei
1136 3115 1182 3179 oio
1196 3137 1217 3178 a
1232 3114 1302 3179 Deo

128 3237 293 3322 peritum
327 3245 385 3314 eet,
417 3229 464 3298 ut¹
488 3243 650 3318 poetorem
678 3234 868 3318 peantium.
976 3229 1077 3309 Sane,
1113 3232 1304 3316 impietatem

133 3371 241 3418 eorum
263 3362 292 3415 et
313 3347 597 3416 abiorninotionem
618 3347 879 3432 np‘andiooimom
901 3357 1084 3432 tontrrmque
1097 3345 1188 3430 nusae
1203 3348 1238 3410 ia
1253 3368 1302 3410 ee·
1400 3349 1403 3356 '

134 3467 230 3534 aleria
251 3466 332 3546 Dei,
361 3465 441 3530 milri
467 3465 647 3544 eommioea,
676 3464 828 3544 inridere,
859 3483 937 3548 equo
961 3465 1067 3527 animo
1081 3461 1175 3546 serre
1196 3461 1302 3526 nullo-

134 3595 222 3650 unm
240 3603 382 3670 porrum.
423 3577 555 3646 Utamur
577 3601 650 3666 erpo
664 3579 763 3664 foro,
793 3579 880 3665 quod
898 3581 1008 3664 pratia
1029 3577 1096 3644 Dei
1116 3577 1205 3642 nobie
1228 3597 1302 3642 eon·

134 3701 235 3781 ororii,
259 3700 357 3764 donee
377 3699 496 3764 moirti
517 3695 668 3762 Felioitae
681 3696 780 3780 finem
802 3695 850 3760 to
872 3695 966 3758 mulir
988 3695 1141 3781 imponat.
1231 3693 1302 3778 Epo

207 3889 228 3923 a.
249 3888 274 3921 oa
290 3876 313 3921 2
374 3873 397 3920 b.
417 3873 485 3920 eiecit
500 3873 521 3930 1,
538 3873 601 3919 eiioit
616 3875 638 3918 2.
701 3885 720 3918 a
742 3871 880 3918 eononloarii
896 3873 920 3918 ot
934 3879 1054 3932 sequuntur
1070 3875 1092 3918 in
1109 3873 1131 3927 1,
1148 3871 1228 3918 dacum
1244 3843 1273 3916 isi
1283 3872 1304 3916 1.

134 3955 158 4004 d.
179 3954 285 4016 mipinoi
301 3956 324 4001 1.
389 3967 409 4000 e.
429 3953 509 4000 rolnni
525 3953 546 4000 1.
607 3951 624 3999 i.
643 3952 717 4012 ipaina
734 3953 755 3998 1.
818 3963 839 4010 g.
860 3950 994 3999 devenerint
1010 3952 1031 3997 1.
1093 3949 1117 3997 h.
1137 3951 1267 3996 contemnat
1283 3949 1304 3996 2.

134 4037 150 4085 i.
170 4035 320 4096 dispositioni
337 4035 359 4082 1.
436 4031 459 4078 k.
480 4033 555 4093 μήτε
572 4033 593 4078 1.
670 4030 686 4078 i
707 4033 730 4077 et
746 4032 768 4078 1.

207 4137 408 4210 1.10h.7‚20.
497 4138 523 4191 2.
543 4135 576 4191 V.
594 4134 691 4191 Motth.
706 4135 747 4206 13,
760 4133 804 4191 56.
893 4133 918 4189 3.
942 4135 1009 4190 Luo.
1023 4134 1065 4202 11,
1080 4133 1121 4190 15.
1211 4133 1238 4189 4.
1262 4132 1303 4188 Io·

134 4245 201 4286 rom.
221 4230 264 4300 11,
278 4229 320 4284 19.
418 4227 444 4283 5.
469 4224 533 4296 Sap.
553 4225 635 4297 2,12.
733 4225 758 4279 6.
784 4222 847 4295 Sap.
867 4223 948 4293 216.
1043 4223 1068 4276 7.
1094 4221 1302 4289 1Pon.2‚23.

135 4322 161 4378 8.
184 4317 280 4374 Marti.
300 4317 402 4388 19,19.
526 4315 552 4372 9.
578 4311 619 4370 Gi.
636 4311 694 4368 Ioin
713 4311 755 4382 16,
774 4312 817 4369 15.
942 4311 985 4366 10.
1009 4307 1050 4366 01.
1071 4311 1085 4365 i
1102 4308 1264 4378 Theronii,
1278 4311 1303 4366 1.

136 4410 179 4466 11.
204 4409 284 4465 Prov.
300 4408 342 4478 18,
354 4407 380 4463 3.
470 4405 513 4460 19.
537 4401 578 4460 Cf.
595 4401 695 4458 Ezooh.
707 4401 734 4473 9,
746 4403 772 4457 6.
