3024 4864
299 274 326 324 s.
342 273 519 324 normann
540 275 586 322 uu
607 275 710 323 unum
731 273 919 324 urmuouuu
943 275 988 322 roe
1161 257 1227 326 257

65 421 94 482 ut
119 434 182 482 una
210 415 254 483 sit
279 416 364 484 iuter
390 435 449 484 uos
478 420 511 483 et
531 413 610 484 fides
634 417 788 484 mentium
811 422 843 483 et
864 417 967 503 pietas
991 415 1168 501 actionum,
1197 421 1229 484 et
1247 426 1388 483 'luo-755

63 531 137 597 sicut
158 532 307 620 princeps
330 532 544 620 apostolorum
563 531 676 600 Petrus
699 532 844 600 hortatur
866 532 990 600 dicens:
1014 534 1099 602 Ante
1122 537 1230 600 omnia

63 660 194 713 malaeum
217 652 252 713 e'n
274 652 407 716 invicem
429 653 591 716 caritatem
613 649 730 730 tabee,
759 653 837 736 quia
859 653 975 716 cartae
999 653 1101 736 opea'r
1120 650 1229 716 multi·

62 765 192 829 adeam
220 779 420 852 peecatoram
429 759 445 831 ¹.
479 763 523 832 Et
544 765 616 852 ipsa
637 765 754 831 veritas
777 764 873 832 dixit:
903 765 944 831 Io
966 767 1024 831 boe
1046 778 1231 852 cognoscent

61 901 169 962 macc,
194 884 273 967 quoia
294 885 358 948 mci
378 885 450 948 ectio
473 883 634 970 discubuit,
659 885 689 947 ei
711 881 907 948 dilectiones
928 881 1099 948 bobumta'o
1117 883 1162 947 uel
1177 885 1228 947 ιἰι-

59 991 176 1062 abem’.
213 995 257 1062 Et
284 996 430 1065 similiter
452 995 569 1064 Paulus
598 995 760 1083 apostolus
788 996 936 1064 admonet
959 994 1106 1063 dicendo:
1138 997 1231 1064 Alter

59 1111 183 1177 uterina
211 1114 332 1180 bouem
358 1127 497 1201 percote,
528 1127 557 1180 et
583 1116 629 1180 eie
656 1113 859 1202 odtnpboioo
888 1113 985 1199 legera
1011 1107 1164 1191 ebroe&-
1198 1118 1231 1180 et

59 1225 142 1294 alibi:
168 1228 264 1294 Finis
286 1234 369 1296 enim
389 1233 532 1318 precepti
545 1242 590 1297 cot
604 1232 721 1297 cosam
737 1232 776 1296 de
791 1233 884 1296 eorde
895 1253 980 1318 puro
997 1243 1026 1296 et
1040 1232 1230 1296 conscientie

58 1343 132 1410 lona
156 1359 187 1411 et
201 1347 270 1430 fide
291 1367 356 1412 aon
369 1341 475 1430 ficto‘.
550 1345 594 1412 Et
616 1350 653 1413 nt
675 1350 782 1413 vestra
802 1345 1004 1430 fraternitas,
1033 1345 1067 1412 iu
1090 1343 1228 1432 spirituli

56 1459 242 1544 regulariter
270 1461 337 1528 rita
364 1462 503 1548 vivens·,
532 1462 565 1528 in
588 1460 720 1549 pacifica
741 1461 971 1547 tranquillitate
993 1461 1133 1528 fraterne
1155 1479 1229 1526 con-

57 1577 180 1644 cordiae
202 1598 261 1663 pro
284 1582 395 1644 nostm
408 1577 581 1662 fragilitate
596 1597 728 1644 exorare
744 1577 906 1662 dignetur:
930 1583 966 1644 ut
981 1597 1084 1644 sermo
1099 1575 1230 1644 Domini

55 1699 158 1760 currat
183 1699 217 1760 et
239 1691 455 1780 clarificetur⁵,
478 1700 515 1761 ut
535 1695 627 1762 iuxta
649 1693 769 1761 dictum
790 1693 925 1781 apostoli
939 1693 1110 1761 liberemur
1126 1691 1165 1758 ab
1181 1691 1229 1757 in·

53 1809 199 1896 portunis
234 1815 267 1876 et
300 1809 391 1877 malis
423 1807 622 1878 bominibus⁸
646 1817 678 1877 et
706 1831 725 1878 a
752 1809 991 1878 tentationibus
1019 1807 1230 1892 malignorum

54 1926 225 2010 spirituum
249 1930 281 1992 et
303 1925 557 1994 tribulationibus
582 1926 846 2011 adversariorum,
869 1931 906 1993 ut
922 1924 979 1990 lux
994 1922 1229 2008 euangeliorum

52 2039 171 2126 gloriae
189 2040 309 2108 Christi
331 2047 364 2109 et
384 2043 438 2109 ria
460 2044 554 2128 vitae,
580 2063 674 2128 quum
696 2041 823 2129 populis
847 2047 879 2109 et
901 2039 1046 2126 gentibue
1065 2037 1231 2106 ostendere

53 2159 169 2245 stipsi
193 2177 326 2246 pergere
349 2159 515 2244 debemus,
543 2157 702 2226 nobismet
723 2157 802 2245 ipsis
825 2178 889 2226 nou
913 2156 1151 2224 obtenebrescat
1172 2173 1231 2220 nee

52 2273 274 2341 abscondatur.
330 2316 337 2330 ·
365 2273 541 2359 Diligenter
571 2293 695 2361 quoque
721 2274 944 2360 deprecamur:
974 2279 1010 2339 ut
1031 2264 1230 2338 familiaritas

51 2389 213 2458 fraternae
242 2390 384 2458 oadtatis
412 2391 575 2459 internos
598 2391 657 2476 eit,
686 2396 718 2458 et
740 2410 797 2477 pro
822 2390 999 2458 viventibus
1022 2387 1124 2455 oratio
1147 2405 1233 2454 com·

50 2508 151 2574 monis
179 2512 213 2573 et
234 2527 293 2594 pro
316 2506 527 2592 migrantibus
551 2506 590 2574 do
608 2506 669 2573 hoc
685 2505 808 2573 saeculo
825 2505 982 2573 orationes
998 2510 1030 2572 et
1044 2501 1232 2570 missaruml

49 2622 220 2691 sollemnia
243 2623 448 2707 celebrentur,
473 2643 545 2690 oum
568 2622 749 2690 alternatim
768 2621 898 2690 uomina
915 2621 1134 2689 detunctorum
1149 2619 1232 2685 inter

49 2757 103 2804 uos
126 2740 312 2806 mittantur.
381 2738 466 2806 luter
489 2759 536 2823 oa,
560 2739 589 2805 si
611 2739 687 2824 quid
709 2736 892 2806 maternitas
914 2741 1021 2804 restra
1035 2735 1126 2802 nobis
1141 2755 1231 2800 man·

48 2853 120 2922 dure
146 2855 194 2922 ad
215 2853 443 2942 perficiendum
465 2855 516 2922 vel
539 2855 580 2921 ad
603 2854 771 2922 meandum
787 2855 916 2938 dignata
930 2853 1036 2937 fuerit,
1059 2850 1231 2918 uoluntatis

48 2977 174 3039 vestram
200 2970 392 3038 desiderium
414 2971 448 3036 in
471 2969 616 3037 omuibus
640 2969 880 3057 adinplebimus.
916 2969 1012 3053 Agite
1031 2987 1105 3052 ergo
1121 2967 1161 3034 de
1177 2961 1230 3034 ec'

47 3089 206 3172 petitione
227 3092 348 3171 nostra,
371 3087 464 3154 utin
488 3085 569 3153 ulto⁶
588 3085 748 3153 caelorum
771 3085 907 3153 eulmine
929 3084 1084 3152 mercedis
1106 3089 1231 3150 vestrae

46 3205 172 3287 premia
189 3203 224 3268 in
240 3222 379 3290 superna
393 3203 482 3269 ouria
496 3201 679 3286 augelorum
695 3202 871 3270 clarescant
886 3207 919 3268 et
933 3205 1085 3268 crescant
1146 3199 1230 3266 Lon·

47 3338 160 3404 geram
188 3339 227 3386 ac
249 3319 408 3386 valentem
432 3323 465 3385 et
487 3317 578 3384 almis
602 3317 723 3385 viribus
745 3316 962 3406 proficientem
986 3322 1019 3384 et
1033 3315 1229 3383 suavissimis

46 3455 183 3521 operum
214 3440 247 3502 et
267 3433 436 3502 uerborum
462 3431 592 3501 donibus
615 3433 817 3501 odorantem⁴
840 3433 1069 3502 beatitudiuem
1090 3436 1229 3500 vestram

44 3552 234 3637 perenniter
258 3550 399 3618 salrator
419 3549 530 3617 mundi
553 3551 711 3618 custodiat
732 3549 773 3618 ·l·.

113 3773 137 3806 ι.
162 3757 303 3816 regulariter
317 3757 420 3804 vitarem
438 3756 466 3803 V.
536 3754 559 3802 b.
578 3755 687 3802 misarum
706 3757 733 3802 V.
804 3767 824 3802 a
846 3754 893 3802 ulta
910 3755 937 3802 V.
1005 3753 1028 3800 d
1050 3752 1182 3800 ademtam
1200 3753 1228 3800 V.

112 3882 140 3935 1.
164 3879 270 3934 rrae.
283 3877 310 3948 4,
322 3879 349 3933 s.
409 3879 434 3932 ι.
454 3874 511 3932 Ioh.
526 3877 568 3946 13,
582 3877 626 3931 eo.
686 3877 711 3931 e.
731 3875 821 3931 eane.
835 3877 898 3946 aa.
955 3875 983 3931 4.
1002 3872 1150 3932 1unm0en.
1165 3875 1189 3944 1,
1201 3875 1227 3929 5.

45 3967 68 4022 e.
88 3967 256 4025 onumen.
268 3967 295 4038 a,
308 3968 333 4022 1.
405 3967 431 4021 o.
457 3963 690 4036 autemnam.
763 3965 788 4020 ι.
812 3963 872 4020 uso.

534 4179 746 4192 ffl—

85 4471 171 4524 Jum'.
189 4473 334 4518 Bibliotheca
348 4471 388 4515 lll.
