3110 4844
324 257 391 324 270
533 273 561 321 s.
578 271 756 322 normann
778 275 821 321 nr
843 273 946 322 nuncu
959 272 1146 322 urrsnoasn
1170 273 1223 320 no.
1238 272 1282 318 111

155 417 474 503 estod-impetimus,
495 414 604 498 ignota
626 414 717 482 nobis
739 419 814 480 sunt
836 421 869 482 et
889 413 1031 482 difficilia
1053 415 1109 481 ad·
1132 413 1362 501 adipiscendum
1377 410 1463 478 -rel

323 531 349 598 si
373 551 436 617 qua
457 531 491 596 in
514 529 585 596 aliis
607 528 799 617 quibuslibet
820 531 954 615 negotiis
977 529 1028 597 vel
1050 530 1214 617 speciebus
1237 528 1326 595 nobis
1347 547 1465 594 necesm·

322 648 379 714 riis
411 646 603 734 providetis,
636 647 868 714 communicare
902 646 1091 732 dignemini,
1125 651 1162 712 ut
1193 646 1313 713 fecistis
1346 643 1467 710 villosam

322 762 485 830 mittendo.

411 876 548 944 Nomina
570 897 693 962 quoquc
713 876 969 964 presbyterorum
985 884 1160 945 vestrorum
1177 877 1429 962 diaconorumque
1443 895 1471 942 ac

323 993 549 1060 monachorum
571 992 621 1060 vel
643 993 886 1060 monacharum*
902 995 968 1061 sive
985 999 1171 1078 ceterorum,
1194 1014 1255 1078 que
1268 993 1405 1075 misistis,
1425 1011 1470 1078 per

323 1109 515 1175 monasteria
544 1112 576 1174 et
597 1127 655 1195 per
678 1107 825 1176 ecclesias
847 1115 975 1176 nostae
998 1110 1130 1178 diocesis
1154 1109 1326 1176 direximus
1350 1109 1387 1174 ed
1406 1106 1472 1173 cele·

323 1224 461 1292 branda·
484 1243 542 1311 pro
566 1224 611 1290 eis
634 1224 804 1292 missarum
827 1225 992 1294 sollemnia
1014 1231 1047 1292 ct
1069 1226 1246 1293 orationum
1269 1223 1420 1308 suffragia
1444 1220 1474 1288 ld

322 1340 428 1427 ipsum
449 1339 554 1406 facere
576 1344 714 1407 vestmm
737 1343 937 1409 sanctitatem
961 1341 1145 1429 suppliciter
1168 1361 1335 1410 exoramus
1355 1360 1411 1427 prc
1429 1339 1473 1420 eis,

324 1476 459 1542 qnorum
480 1456 609 1523 nomina
639 1457 727 1523 vobis
757 1456 908 1525 habemus
935 1459 1117 1543 dirigenda,
1146 1463 1178 1525 et
1206 1457 1391 1523 nominatim
1417 1473 1475 1521 cum

322 1571 466 1658 personis
490 1572 555 1638 suis
578 1573 758 1659 scribenda,
783 1594 892 1642 eorum
914 1572 1048 1659 scilicet,
1073 1573 1127 1658 qni
1149 1573 1227 1640 mihi
1249 1573 1378 1660 proprie
1398 1577 1476 1656 atquo

323 1686 397 1754 huic
424 1687 590 1773 ecclesiae,
625 1689 675 1756 cui
704 1691 824 1777 servio,
858 1690 1043 1758 amicissimi
1074 1689 1126 1756 rel
1154 1688 1272 1756 subditi
1298 1687 1413 1755 fiebant
1436 1683 1476 1751 rel

322 1802 448 1889 prelati.

413 1918 461 1986 De
489 1925 597 1987 nostro
626 1941 749 2006 quoque
778 1921 835 1988 vili
859 1923 977 1990 vestitu
1005 1941 1106 2009 parvo
1131 1919 1292 1987 exseniola
1320 1919 1477 1988 direximus

322 2041 376 2102 tuo
399 2036 508 2120 cultui,
532 2053 713 2122 quanquam
734 2037 874 2123 indigna,
899 2041 1005 2104 tamen
1019 2037 1157 2123 petimus
1178 2035 1395 2118 accommoda3
1415 2029 1481 2099 boe*

323 2156 387 2219 est:
412 2151 517 2218 tonica
539 2151 632 2218 lanea
655 2151 779 2239 aliaque
800 2152 894 2238 linea,
919 2154 1001 2220 sieut
1022 2172 1090 2219 mos
1112 2157 1160 2220 est
1175 2152 1259 2239 apud
1273 2171 1333 2220 nos
1348 2148 1480 2232 habendi,

323 2266 455 2350 caligas3
479 2271 512 2332 et
534 2265 779 2354 peripcemate¹:
805 2269 943 2336 orarium
966 2272 998 2335 et
1020 2265 1179 2336 coculam¹
1195 2273 1227 2335 et
1248 2263 1405 2352 gunnem'
1421 2266 1481 2331 bre·

322 2401 404 2466 vem,
428 2387 536 2449 nostro
559 2403 646 2452 more
670 2390 845 2469 consutam,
868 2385 909 2451 ad
931 2384 1082 2451 indicium
1097 2383 1300 2472 plenissimae
1316 2379 1482 2450 dilectionis

322 2502 459 2565 nostrae.
505 2497 592 2577 Quae
614 2503 646 2567 te
669 2501 829 2588 suscipere
852 2519 910 2587 pro
932 2506 988 2567 tua
1009 2500 1204 2586 humilitate,
1228 2499 1364 2566 obnixe·
1386 2515 1483 2585 preca·

323 2634 403 2697 mur,
427 2613 605 2701 habereque
627 2616 668 2682 ad
689 2616 876 2684 memoriam
897 2618 960 2684 mei
982 2617 1118 2684 nominis
1142 2615 1248 2682 saltim
1271 2615 1402 2701 aliquod
1423 2631 1485 2700 spa·

323 2731 402 2796 lium
426 2730 588 2817 temporis.
624 2729 770 2799 Ceterum
793 2733 822 2798 si
844 2753 907 2819 qua
920 2738 1003 2800 runt
1024 2737 1098 2800 tuae
1119 2732 1280 2799 sanctitati
1293 2728 1485 2811 insinuanda,

322 2846 458 2932 portitor
479 2846 573 2914 huius
597 2847 824 2934 epistiunculae
845 2849 920 2916 viva
941 2868 1018 2916 voce
1039 2848 1125 2915 valet
1146 2868 1303 2916 enarrare.

325 2976 326 2979 ’
359 2962 392 3028 ÷
414 2961 497 3049 Opto
519 2966 567 3048 te,
590 2983 609 3028 o
632 2963 800 3031 karissime
822 2965 935 3050 irater,
960 2970 1102 3031 orantem
1124 2984 1183 3053 pro
1205 2984 1266 3048 me,
1289 2960 1417 3030 orante‘
1436 2977 1487 3047 pro

322 3082 365 3162 te,
388 3077 422 3144 in
437 3077 573 3145 Domino
596 3078 676 3147 bene
694 3080 804 3152 ,valere
827 3080 1011 3166 felicemque
1034 3101 1092 3148 oro
1110 3080 1253 3164 longiore
1268 3079 1430 3162 vixurum,
1453 3071 1487 3140 ad

323 3211 471 3260 coronam
494 3195 617 3263 celestis
647 3194 766 3281 gloriae
794 3202 906 3284 postea
933 3203 1175 3284 perventurum,
1204 3196 1332 3264 domine
1361 3192 1490 3278 insignio

324 3313 356 3375 et
377 3313 468 3395 pater
490 3313 750 3396 prestantissima
797 3313 911 3380 Amen.

806 3447 1019 3458 ——a--ss-

328 3520 413 3590 111.
433 3523 547 3591 &abaco
565 3523 730 3613 Gregorio,
755 3527 863 3594 abbati
881 3526 1182 3612 Traiectme'factq
1198 3526 1394 3612 gratulator.
1424 3524 1493 3592 Ma·

435 3653 523 3706 wem
545 3663 684 3709 amorem
706 3644 924 3710 roboraverit.
977 3643 1075 3709 Varia
1097 3645 1236 3709 aaadet‘.

1110 3755 1147 3838 (S
1161 3759 1216 3842 45,
1238 3755 1278 3824 W
1298 3758 1374 3841 103,
1398 3755 1428 3823 G
1444 3755 1495 3835 93)

165 3898 306 3955 'loo-iot
413 3887 525 3957 Clarae
547 3889 665 3958 Christi
693 3889 844 3959 ecclesiae
871 3892 1012 3979 lampadi
1037 3891 1186 3959 luciferae
1209 3910 1341 3976 meoque
1366 3892 1403 3958 in
1426 3890 1497 3958 doo-

323 4003 408 4070 trina
429 4005 555 4073 divinae
577 4007 656 4092 legis
680 4007 883 4076 devotissimo
907 4008 1043 4075 adiutori
1066 4005 1233 4093 Gregorio,
1262 4007 1385 4094 duplici
1408 4025 1497 4095 pres-

395 4159 416 4193 a.
440 4147 528 4194 mem.
546 4149 574 4196 7.
666 4149 689 4196 b.
713 4149 873 4198 monmhornm
892 4152 919 4199 V.
1013 4163 1033 4197 e.
1057 4149 1215 4197 celebrandam
1232 4151 1261 4198 7.
1355 4149 1382 4196 d.
1407 4149 1455 4212 lupe
1472 4147 1499 4196 V.

323 4239 343 4272 e.
364 4223 459 4272 obnixae
478 4225 504 4272 V.
581 4225 598 4273 t.
618 4229 720 4274 orantem
738 4231 765 4276 V.
841 4247 866 4292 g.
887 4247 917 4276 σε
934 4229 958 4277 7
970 4229 1097 4276 29-80n.
1121 4232 1226 4277 Lemma:
1240 4229 1298 4276 Item
1314 4227 1419 4289 epistola
1433 4227 1499 4276 anm

395 4313 419 4365 1.
443 4311 535 4381 tricos,
554 4327 651 4382 nugas.
723 4315 749 4368 2.
774 4330 893 4384 ,sagum
912 4313 1089 4370 Hibernioum
1107 4315 1233 4370 villosum
1251 4313 1357 4385 absque
1378 4313 1499 4370 sutrua“

322 4397 465 4468 Ducange.
554 4401 580 4455 3.
603 4400 724 4456 tunicam
741 4401 884 4472 pelliciam,
903 4401 986 4473 Angl.
1007 4403 1141 4474 „gown“.
