3176 4846
287 252 354 318 584
703 271 782 316 vrrs
805 271 998 316 rocconem
1019 269 1046 316 11

330 428 376 476 olo
398 409 536 476 miliciae
560 431 676 494 gnara,
700 431 794 496 quam
818 410 949 478 miserat
970 411 1088 494 Angiia
1110 411 1203 478 clara

397 526 537 592 Nuncios
562 526 639 594 haec
660 528 799 592 referens
822 526 927 592 tundit
949 547 1006 592 sua
1028 533 1157 613 pectora
1178 548 1301 596 merens

399 647 493 728 atque
515 642 611 708 fidem
632 642 738 709 verbis
760 641 899 708 lacrimis
921 643 1057 710 iaciebat
1079 644 1207 710 acerbis.

440 757 526 842 Ergo
549 759 621 845 pius
644 759 782 841 iuvenis,
806 765 953 824 constans
976 765 1008 826 et
1028 765 1155 845 pectore
1177 761 1268 846 lonis,

396 863 482 940 venit
504 894 567 939 non
589 874 709 957 lentus,
733 873 788 940 ubi
810 874 908 956 gessit
930 874 1013 940 bella
1035 877 1191 959 iuventus,

328 1006 373 1054 ooo
397 1010 477 1075 quae
498 991 560 1056 fuit
583 990 748 1056 absentum
772 1009 844 1075 spes
866 989 1034 1056 interitura
1056 998 1234 1078 parentum.

395 1105 493 1190 Inque
515 1125 625 1172 necem
649 1125 782 1190 pronam
804 1105 952 1172 iuvenum
977 1107 1132 1173 cernendo
1156 1128 1302 1175 coronam

396 1220 486 1287 bellis
508 1221 643 1304 instare,
668 1221 713 1286 sic
736 1221 820 1306 cepit
843 1241 911 1286 eam
934 1241 1082 1288 revocare

398 1357 437 1402 ex
459 1337 518 1403 hoc
540 1334 703 1420 conflictu,
727 1336 859 1402 dicando
883 1334 1022 1404 salubria
1044 1338 1143 1404 dictu:

209 1489 219 1518 ο
399 1453 426 1519 0
447 1476 545 1539 qenua
569 1454 715 1518 electum!
735 1453 803 1517 Nec
816 1453 877 1537 fur
900 1476 955 1518 nec
978 1470 1233 1536 consecrantum,

329 1587 375 1634 tat
398 1573 499 1656 impia
522 1572 670 1634 consertis
693 1591 747 1634 noa
770 1591 861 1634 armo
883 1592 1005 1634 movere
1028 1571 1160 1636 lacertis.

398 1685 464 1750 Hoc
487 1688 598 1751 etenim
612 1685 689 1768 ficri
707 1685 853 1771 prohibet
874 1709 967 1751 encra
989 1687 1099 1772 requio
1121 1688 1213 1765 clari,-

397 1804 516 1868 ordinis
541 1814 569 1866 et
590 1803 677 1865 socri
698 1801 747 1865 lea·
759 1801 855 1886 ferro
878 1804 989 1868 suadet
1010 1804 1049 1868 ab
1073 1807 1150 1868 ucri.

394 1919 511 1984 Nonne
532 1918 622 1983 Deua
645 1917 766 1981 clarum
789 1917 891 1982 lumen
914 1941 967 1983 eos
991 1920 1190 1984 eccleaa'arum

337 2039 347 2074 i
396 2037 555 2100 constitnit
567 2035 659 2117 fieri,
684 2035 714 2096 ai
734 2034 822 2096 miter
846 2035 939 2098 vultis
962 2035 1091 2100 haberi?

327 2167 373 2214 cao
395 2151 511 2216 Nonne
532 2151 728 2215 sacerdotum
750 2149 866 2213 debuit
889 2153 955 2214 nice
978 2151 1081 2216 uotae
1103 2165 1206 2218 uotum

395 2270 464 2352 reqr‘
485 2267 656 2345 coelorum,
679 2287 737 2350 per
760 2268 833 2328 iura
856 2268 1101 2331 ministeriorum

394 2395 501 2468 putres
525 2384 651 2447 dicendi
671 2384 720 2448 oet
741 2382 901 2469 pontefices
923 2383 1083 2448 statuendi

393 2498 443 2562 uel
464 2501 529 2562 uice
551 2519 712 2562 sacrorum
725 2498 890 2583 funqendi
909 2496 1174 2583 presbiterorum?

393 2614 505 2678 Multis
527 2635 630 2678 nonne
653 2615 729 2678 locas
751 2627 870 2678 uestrae
883 2613 1046 2697 facundia
1067 2617 1151 2678 uocis

326 2746 372 2793 oso
395 2728 512 2794 Ctriut
532 2733 676 2796 uirtutem
696 2730 825 2816 referet,
842 2730 1004 2813 firmando
1027 2730 1180 2794 salutem?
1268 2755 1280 2778 ν

395 2845 510 2911 OEtimu
528 2869 609 2932 para
632 2861 734 2912 terroe
755 2869 809 2911 ooo
832 2849 941 2910 sentiet
961 2846 1024 2911 ictu
1045 2846 1162 2930 referre

393 2965 542 3026 terminus
565 2976 594 3027 et
617 2976 713 3042 totus,
740 2963 967 3050 quantumlibet
988 2964 1056 3047 ipse
1077 2976 1221 3028 remotus.

393 3079 560 3164 Numquid
581 3081 722 3158 nescitus,
747 3083 781 3143 r'n
805 3091 921 3165 quanto
946 3077 1080 3142 culmine
1101 3081 1170 3144 airu

392 3199 543 3260 uirtutum
563 3198 676 3280 posin,
702 3208 818 3280 quanto
841 3195 890 3260 uel
911 3195 1027 3259 honore
1047 3195 1163 3280 posint

325 3329 370 3374 540
392 3310 480 3376 Num
502 3333 557 3375 uos
580 3311 716 3376 coelestis
739 3313 783 3376 od
804 3323 918 3376 cortem
939 3311 1104 3398 Principia
1128 3315 1199 3376 ectio

393 3427 519 3492 coelitus
542 3427 643 3507 electi,
669 3431 699 3491 si
719 3450 805 3492 meno
828 3427 1011 3491 conternata
1034 3431 1118 3492 rectt

393 3541 516 3606 Nomen
540 3543 730 3623 rainelmi,
759 3545 844 3629 quod
865 3543 952 3607 cobis
977 3555 1097 3608 constat
1118 3544 1235 3624 haberi,

392 3681 460 3722 sore
484 3658 679 3744 appellatum
704 3663 853 3746 quoniam
874 3662 913 3723 de
936 3671 1016 3722 corte
1038 3673 1166 3724 notatur

394 3796 457 3838 eece
478 3773 545 3838 Dei
566 3777 648 3855 ueri,
673 3777 731 3862 qui
751 3779 829 3840 vivit
849 3780 884 3840 n'n
907 3779 1018 3842 ordine
1041 3778 1124 3842 clami

327 3907 372 3954 545
396 3889 491 3954 Iusta
514 3890 689 3954 doctrinam
712 3914 780 3956 roro
793 3893 904 3976 fertur
926 3915 1061 3977 numque
1083 3893 1244 3973 Latinum,

395 4028 491 4092 quum
508 4009 643 4092 proprie
668 4003 751 4072 Grur’
772 4003 887 4072 eleroo¹
909 4008 1032 4072 coluere
1053 4011 1177 4086 cocart3

394 4125 440 4186 oio
462 4123 559 4188 cleros
585 4121 682 4191 Grece
703 4147 772 4189 sore
794 4125 910 4188 dicitur
933 4147 995 4188 erse
1017 4123 1141 4190 Latine.

393 4239 461 4305 Nec
483 4243 549 4303 naci
565 4242 716 4325 paceficos
730 4241 835 4325 furiet
856 4239 918 4304 tibi
939 4237 1079 4305 Christus
1102 4245 1229 4323 amicos,

356 4371 379 4421 1.
402 4369 501 4442 κλῆρος.
