3148 4846
134 456 290 512 1153-1158

299 289 366 354 406
641 303 828 352 nrmronnn
850 301 1078 351 uocurvrnvan
1102 301 1132 348 cc

388 445 438 514 De
460 449 643 533 contemptu
666 464 789 530 quoque
812 443 909 511 seculi
932 443 1068 512 scribare
1083 441 1173 508 vobis
1187 440 1394 515 necessarium
1407 439 1457 508 du·

300 564 423 648 ximus,
446 563 486 630 de
508 562 700 648 suspitione·
723 561 926 644 diviciarum,
954 559 1024 626 anri
1046 558 1193 625 videlicet
1214 563 1246 625 at
1268 556 1402 640 argenti,
1428 556 1458 622 in

301 680 415 766 quibus
437 677 598 746 confidunt
620 677 772 761 homines,
795 678 836 745 de
857 696 924 764 spe,
947 676 986 743 de
1008 673 1272 760 contemplatione
1293 673 1460 738 futurorum

300 795 464 879 bonorum,
485 794 525 861 de
538 793 665 877 iudicio,
682 794 721 860 de
735 795 858 860 ratione
873 791 1032 859 reddenda
1046 791 1285 858 commissarum
1299 789 1387 856 vobis
1401 788 1461 854 nni·

300 930 435 992 marum,
457 909 494 976 de
515 913 627 992 morte,
652 909 690 976 de
712 908 825 974 mortis
847 907 1002 995 supplicio
1026 908 1116 973 iuxta
1137 905 1217 972 illud
1239 904 1404 992 sapientis:
1427 905 1463 970 la

301 1027 443 1094 omnibus
470 1026 617 1112 operibus
640 1028 702 1092 taces
723 1023 915 1092 monteroso*
936 1027 1109 1090 conduma
1131 1037 1186 1090 aaa
1208 1036 1237 1089 ct
1257 1026 1293 1090 c‘a
1314 1035 1464 1088 aetenam

299 1165 364 1208 noa
381 1141 526 1228 peccabis
535 1136 553 1206 ¹.
589 1138 671 1227 Seps
690 1160 827 1227 namque
847 1139 973 1206 evenire
993 1139 1082 1222 solat,
1106 1139 1199 1224 quod,
1223 1137 1348 1224 quando
1363 1135 1464 1204 mundi

300 1257 411 1342 gloria,
433 1275 539 1322 rernm
562 1254 786 1340 habundantia,
811 1255 994 1343 temporalis
1016 1259 1156 1342 potestus
1178 1255 1274 1321 corda
1291 1253 1465 1321 mortalium

299 1372 462 1460 possidere
476 1371 641 1458 incipiunt,
666 1373 782 1438 mentis
800 1372 935 1457 quadam
952 1373 1092 1456 cecitate,
1116 1371 1246 1458 spiritus
1263 1369 1465 1436 obstinatione

301 1486 417 1554 tollunt
444 1487 484 1553 ab
510 1486 607 1554 oculis
631 1505 739 1553 corum
767 1487 880 1554 mortis
906 1487 1107 1572 memoriam,
1137 1491 1296 1554 aeternam
1317 1485 1466 1552 confusio·

300 1623 389 1688 nem,
418 1613 574 1686 geannae⁶
597 1602 753 1689 inopiam,
782 1603 973 1689 perdicionis
996 1623 1164 1670 carcerem.
1254 1601 1466 1669 Necessarium

300 1720 398 1803 igitur
420 1719 509 1786 vobis
533 1723 638 1784 essent
660 1718 732 1785 duri
756 1724 929 1804 argutores,
953 1739 1016 1784 non
1038 1718 1146 1785 blandi
1170 1717 1366 1801 adulatores;
1390 1737 1466 1783 mor·

300 1836 343 1902 tis
364 1853 532 1922 precones,
562 1853 625 1900 non
647 1835 732 1902 vitae
754 1835 978 1920 promissores;
1010 1835 1103 1900 amici
1126 1834 1286 1918 veritatis,
1308 1853 1374 1900 non
1396 1833 1467 1899 socii

302 1951 467 2033 vanitatis;
491 1969 531 2016 ne
554 1949 723 2034 aliqnando
745 1969 851 2016 rernm
872 1949 1042 2035 affluentia,
1065 1949 1250 2038 temporalis
1265 1949 1402 2034 dignitas
1418 1949 1467 2016 ab

302 2066 455 2134 scondant
478 2066 517 2133 ab
541 2065 640 2132 oculis
662 2065 777 2132 mentis
801 2065 851 2132 vel
868 2065 1073 2152 supplantent
1088 2066 1211 2133 futuras
1226 2086 1335 2153 penas,
1359 2066 1468 2151 geben·

301 2181 389 2248 nales
411 2181 566 2248 miserius.

391 2297 489 2364 Dives
512 2296 657 2382 quidam,
687 2297 741 2382 qni
764 2296 911 2363 mollibus
942 2297 1147 2380 vestiebatur,
1175 2297 1260 2364 lauta
1289 2298 1469 2384 epulabatur

307 2451 342 2464 -
367 2414 473 2481 brevis
497 2419 545 2480 est
565 2412 729 2480 fabula-
746 2434 787 2478 nc
810 2412 940 2480 deliciae
963 2414 1066 2480 carnis
1090 2414 1228 2480 animam
1249 2414 1284 2480 in
1308 2412 1469 2480 oblivionis

303 2530 485 2614 voraginem
508 2530 735 2616 precipitarcnt
756 2528 813 2595 sed
835 2549 960 2614 semper
981 2535 1116 2596 mortem
1140 2533 1319 2616 suspectam
1334 2529 1469 2612 haberat,

304 2665 395 2713 ores
419 2645 589 2712 memoriae
618 2645 728 2729 digna,
758 2645 871 2712 statuit
900 2645 940 2710 ad
969 2665 1112 2712 mensam
1135 2664 1223 2711 suam
1248 2665 1383 2731 puerum
1404 2645 1470 2712 duri

304 2761 367 2827 oris
390 2765 423 2827 at
450 2761 637 2845 clamosum,
665 2762 720 2846 qui
742 2759 784 2826 ad
807 2760 931 2844 singula
954 2781 1074 2847 queque
1096 2760 1229 2845 fercula,
1259 2781 1340 2846 qnae
1361 2761 1470 2828 imore

305 2878 435 2962 bantur,
458 2877 602 2965 preconis
625 2895 701 2942 voce
724 2875 892 2943 clamaret:
923 2877 1011 2961 Sira,
1034 2892 1068 2944 tu
1089 2885 1211 2962 morde,
1234 2877 1294 2945 hoc
1317 2883 1381 2945 ast:
1404 2879 1470 2944 Dc·

304 2997 398 3076 mine,
423 3007 458 3060 tu
479 2996 639 3069 mortain
663 2996 695 3059 ct
716 2991 770 3058 ille
788 2992 966 3080 respondit:
990 2993 1053 3060 Vdr
1069 3007 1103 3062 tc
1118 2997 1177 3076 dic,
1201 2994 1261 3060 boc
1275 2999 1340 3061 est:
1363 2995 1472 3061 Verum

304 3123 338 3177 tc
360 3111 457 3186 dieatc
480 3128 594 3194 parum
615 3107 786 3195 prelibans,
810 3108 968 3194 reliquum
985 3109 1074 3176 misit
1087 3111 1247 3178 esurienti.
1323 3109 1472 3176 Similiter

305 3245 376 3292 cum
403 3227 491 3290 veste
519 3243 602 3290 nova
629 3243 666 3289 ac
694 3225 837 3310 preciosa
859 3225 947 3291 dives
975 3223 1172 3309 inducretur,
1204 3231 1236 3292 et
1258 3245 1352 3313 puer,
1381 3243 1471 3312 preco

304 3340 432 3425 mortis,
454 3339 546 3405 solito
569 3338 735 3406 clamaret:
766 3341 849 3423 Sira,
874 3353 908 3407 ta
929 3348 1045 3422 morde,
1070 3346 1102 3407 et
1123 3341 1177 3409 illc
1199 3349 1405 3428 compunctus
1426 3361 1472 3408 re

306 3456 501 3542 spondisset:
524 3455 587 3522 νόν
609 3469 643 3521 tc
665 3457 725 3538 dic,
748 3461 836 3523 veste
859 3456 978 3522 nudum
994 3457 1129 3542 operuit,
1151 3457 1308 3541 algentem
1323 3458 1470 3525 calefecit

306 3571 424 3650 Quodsi
445 3569 505 3638 hac
526 3569 678 3657 parabola
705 3591 768 3639 non
795 3573 952 3657 tangeris,
981 3593 1092 3639 verum
1119 3574 1152 3639 in
1176 3573 1279 3659 epulis
1301 3575 1365 3640 tuis
1389 3579 1421 3639 et
1441 3573 1473 3637 in

305 3685 407 3771 gloria
433 3691 490 3754 tua
516 3688 618 3753 mavis
646 3687 813 3774 temporali
840 3687 946 3754 leticia
972 3687 1129 3754 consolari
1157 3707 1251 3774 quam
1274 3689 1388 3756 mortis
1410 3707 1472 3754 me-

307 3802 409 3870 moria
430 3801 668 3890 perturbari-
684 3821 755 3868 cum
778 3809 885 3871 tamen
907 3803 1020 3869 melius
1035 3803 1088 3888 sit,
1110 3803 1158 3872 ire
1174 3805 1214 3871 ad
1229 3805 1357 3872 domum
1372 3804 1471 3871 luctus

308 3938 404 4005 quam
427 3918 468 3985 ad
490 3917 618 3985 domum
640 3917 776 3985 convivii
791 3923 882 3985 —et
903 3920 973 3986 ideo
993 3939 1056 3985 non
1071 3919 1250 3988 inveniatur
1263 3921 1347 3988 inter
1360 3939 1472 4008 pueros

309 4039 530 4122 tyrannorum,
565 4033 618 4119 qui
646 4053 788 4101 mensam
814 4041 901 4101 tuam
929 4041 1100 4123 occupant,
1130 4057 1208 4124 puer
1235 4037 1393 4122 Hebreus,
1420 4034 1473 4123 qui

383 4224 404 4257 ι
420 4209 546 4271 susplticna
561 4213 645 4270 scripsi
655 4227 699 4271 pro
715 4211 874 4272 mppaditiona
891 4229 911 4260 c.
959 4212 982 4259 b.
997 4215 1112 4261 manot
1123 4215 1146 4261 et
1161 4214 1185 4261 in
1200 4229 1247 4262 non
1261 4227 1285 4276 p.
1301 4235 1322 4263 c.
1372 4229 1391 4261 c
1407 4227 1472 4274 gesu-

310 4303 354 4338 ιω
369 4293 452 4350 scripsi
463 4307 505 4350 pro
521 4291 598 4348 gudae
614 4309 635 4336 ο.

382 4396 408 4449 1.
432 4393 515 4448 Eccli.
528 4395 553 4464 7,
564 4395 609 4449 40.
