3024 4864
295 293 323 340 e.
340 291 516 340 neumam
537 293 581 340 un
603 292 705 340 uuum
727 291 915 339 nrreuounu
938 289 969 338 aa
1153 273 1213 338 l'll

69 434 117 499 loo
141 454 207 500 reus
237 434 280 500 ait
302 469 344 480 -
368 438 405 499 ut
425 433 573 520 proprie·
596 433 635 500 de
657 432 717 499 hoo
739 437 867 520 peeeato
892 437 965 500 ante
987 431 1216 498 ordinationem
1236 439 1375 496 744-747

67 550 267 633 nhrrogatue,
291 549 320 616 ai
341 569 414 615 roua
436 549 583 616 inventus
605 549 701 616 luerit
722 554 759 614 ut
780 568 851 616 oum
872 548 977 615 velata
990 553 1022 616 et
1035 552 1218 614 oonaeorata

66 663 122 731 Deo
141 685 243 731 uonna
264 664 493 748 concubuisset,
518 662 557 730 ab
581 664 666 730 omni
689 665 790 768 gradu
805 664 865 731 Dei
888 664 1055 731 sacerdotii
1071 663 1217 749 prohihe-

66 779 132 846 tur'.
168 779 301 868 Propter
329 781 401 864 hoe,
424 779 488 846 lih⁰
512 779 691 863 carissime,
715 779 847 846 eollioite
869 779 1131 846 ooneiderandum
1154 785 1216 845 eat:

64 897 159 980 quanti
180 897 328 983 ponderis
351 897 411 962 hoo
432 900 595 982 peoeatum
620 914 688 961 eaeo
711 894 866 962 iudioatur
889 900 961 962 ante
977 894 1083 962 oeulos
1098 878 1218 962 aeterrii

63 1011 177 1094 iudieie3
205 1012 289 1097 quod
315 1011 482 1079 facientem
510 1011 594 1078 inter
621 1009 787 1078 idolatriae
817 1031 925 1078 servos
955 1010 1144 1078 oonatitnatl
1171 1016 1217 1078 et·

65 1127 159 1194 divino
185 1127 361 1194 ministerio
385 1126 494 1195 altaria
517 1125 657 1209 abioiat¹,
683 1125 758 1193 lieet
780 1132 853 1194 ante
874 1131 1003 1213 peraeta
1025 1127 1221 1212 paenitentia

63 1243 265 1310 reconciliatur
289 1244 332 1310 ait
345 1242 423 1310 Deo.
492 1241 635 1328 Corpora
657 1241 743 1308 eninr
764 1263 822 1328 per
837 1247 946 1310 votum
961 1243 1109 1328 propriae
1124 1263 1219 1328 spon·

62 1359 145 1424 rionis
172 1365 204 1426 et
232 1379 290 1446 por
313 1359 410 1426 rerba
434 1359 608 1425 eaoerdotia
630 1356 698 1424 Deo
721 1363 903 1426 consecrata
925 1357 1045 1444 templa
1067 1358 1127 1426 Dei
1150 1379 1219 1426 esee

62 1494 108 1559 per
133 1480 274 1542 ranetam
303 1475 493 1562 scripturam
521 1474 677 1540 dicuntur.
723 1473 767 1541 Et
794 1474 865 1540 ideo
894 1474 1062 1542 violatores
1091 1476 1218 1544 illorum

61 1591 138 1656 iuxta
168 1589 349 1678 apostolum
382 1589 440 1656 lilii
472 1585 678 1677 perditionie¹
707 1609 776 1656 esse
805 1589 1019 1658 dinoscuntur.
1067 1591 1217 1680 Prinoepe

62 1712 150 1772 antam
174 1705 389 1794 apostolorum
411 1705 536 1789 Petrus,
557 1705 754 1772 luxorioaoa⁸
770 1704 901 1772 libidine
915 1707 1097 1792 prohibens,
1120 1707 1216 1775 dixit:

62 1822 174 1908 Safficd
196 1827 281 1890 anim
302 1826 485 1910 preter-iram
508 1815 645 1910 tenipus*
660 1818 837 1905 etreliqua.
874 1821 955 1888 Tum
970 1823 1051 1890 esti:
1075 1827 1219 1892 Pretium

62 1940 155 2005 ισιιιειῗΙ
169 1944 225 2005 air
248 1943 343 2005 oniae
366 1951 411 2004 eat
430 1942 544 2025 panim
566 1938 680 2003 mulier
701 1949 803 2002 autem
818 1941 882 2003 vird
893 1942 1065 2025 prationem
1079 1946 1220 2008 animam

61 2049 158 2140 aopr't'.
203 2053 250 2122 Et
279 2052 370 2120 alibi:
399 2054 475 2120 Non
503 2055 638 2140 prandea
662 2067 707 2119 eat
728 2054 856 2140 eulpae,
888 2079 959 2120 oum
982 2060 1052 2143 quia
1065 2057 1220 2144 furora*

55 2171 159 2254 fortir
171 2173 312 2258 sarritur
335 2174 427 2251 enim,
451 2183 486 2236 et
508 2173 691 2236 osurientem
708 2170 840 2256 impleat
853 2168 1025 2250 animom‘‚·
1048 2175 1219 2262 depreben-

61 2307 104 2350 ιιιι
124 2309 247 2374 quoque
267 2289 376 2353 reddet
397 2281 601 2374 septuplum.
650 2285 716 2368 Qui
738 2299 841 2352 autem
863 2288 987 2354 adulter
1009 2303 1061 2372 eat,
1088 2305 1220 2378 propter

61 2405 150 2468 oordh
179 2407 328 2490 inopiam
350 2405 464 2490 perdet
492 2405 632 2468 oninium
660 2396 777 2468 aaam⁶.
872 2400 1017 2488 Longum
1047 2411 1097 2472 eat
1123 2407 1220 2474 onim¹

63 2535 248 2602 enumerare,
277 2518 387 2602 quanti
417 2515 575 2604 spiritales
603 2516 718 2584 medici
745 2515 839 2584 huius
867 2520 988 2605 peceati
1010 2541 1166 2589 venenum
1189 2528 1221 2590 et

62 2630 238 2700 horrendum
262 2633 485 2722 vituperabant
513 2637 545 2700 et
567 2631 751 2699 terribiliter
773 2632 991 2718 prohibebant
1038 2636 1118 2714 Quia
1139 2658 1221 2726 pene

63 2749 192 2816 omnibus
215 2750 356 2837 precatis
379 2749 505 2833 gravior
528 2752 560 2815 et
583 2748 720 2814 deterior
743 2752 792 2815 est
813 2749 994 2833 fornicatio;
1018 2758 1051 2818 et
1066 2754 1221 2821 veraoiter

64 2863 115 2930 diei
134 2871 241 2952 potest
263 2865 394 2951 laqueus
411 2866 523 2932 mortis
539 2869 571 2930 et
584 2869 698 2951 putens
713 2864 829 2932 infami
845 2871 877 2932 et
891 2887 1007 2952 vorago
1022 2868 1218 2955 perditionis.

136 2982 273 3070 Propter
296 3003 334 3049 aa
356 2981 556 3049 obsecramus
579 2985 611 3046 et
633 2985 862 3066 contestamur,
887 2981 934 3048 lili
956 2983 1134 3070 eariseime‚
1158 2985 1220 3054 ole-

64 3099 197 3165 nantiam
228 3104 318 3164 tuam
347 3117 404 3184 per
427 3096 587 3164 Christum
616 3094 715 3162 filium
740 3096 800 3163 Dei
826 3103 858 3164 et
879 3118 936 3184 per
959 3099 1130 3168 adrentum
1152 3103 1219 3170 eius

1 3267 2 3274 ,
63 3217 88 3276 et
110 3235 241 3298 ragnum
270 3214 386 3300 ipsius:
415 3217 467 3296 ut,
496 3215 523 3280 si
552 3212 611 3280 hoo
634 3231 743 3280 verum
770 3213 827 3296 ait,
856 3213 939 3298 quod
961 3215 994 3281 in
1017 3215 1080 3283 isto
1102 3217 1220 3286 seelera

1 3307 2 3316 ἵ
62 3331 182 3397 versuis
188 3341 218 3415 ¹¹,
236 3335 287 3396 et¹¹
302 3331 401 3396 vitam
415 3334 503 3396 tuam
518 3328 688 3415 penitendo
703 3329 843 3412 corrigar
858 3334 891 3396 et
904 3329 1098 3416 purilioando
1114 3353 1220 3400 omen·

62 3442 116 3510 dar.
147 3445 190 3512 Et
212 3465 336 3512 memor
360 3445 450 3529 erie⁰‚
474 3447 548 3530 quia
569 3444 717 3512 indeoena
740 3465 809 3511 esso
831 3446 1057 3532 conprobatur,
1082 3453 1118 3514 ut
1139 3450 1219 3515 ima-

1 3627 2 3630 ,
62 3560 170 3641 ginem'
192 3562 272 3646 Dei,
302 3581 383 3646 quae
404 3561 439 3640 in
461 3566 492 3627 te
515 3565 622 3629 ereata
644 3566 706 3644 eet,
729 3580 786 3646 per
808 3560 965 3627 luxoriam
988 3562 1027 3628 ad
1049 3565 1220 3648 imaginem

63 3680 89 3742 et
106 3678 345 3745 similitudinem
367 3677 498 3760 maligni
521 3675 638 3743 diaboh
662 3677 871 3743 converterisl
887 3683 919 3744 et
938 3682 974 3744 tu
988 3701 1141 3765 -quem
1155 3703 1220 3750 non

63 3795 179 3879 propria
206 3795 323 3860 merita
351 3794 406 3860 sed
432 3792 523 3876 larga
544 3793 646 3879 pietas
669 3791 729 3859 Dei
752 3813 858 3876 rogem
882 3813 919 3859 ao
940 3795 1117 3882 prinoipem
1139 3799 1220 3864 mul·

1 3987 2 3990 ι
123 3966 142 3997 a
161 3955 267 4013 propriae
285 3955 342 4001 MV.
425 3953 448 4000 b.
468 3951 616 4014 prohibeatur
632 3955 658 4000 C.
741 3965 761 3998 o.
781 3951 823 3998 lllii
839 3953 896 4000 MV.
980 3956 1003 4003 d.
1023 3957 1146 4004 oonefituet
1163 3959 1219 4014 MV,

65 4032 215 4080 mutuae.
285 4047 306 4079 a.
326 4033 413 4080 redd.
431 4035 457 4080 C.
526 4031 543 4078 l.
564 4031 721 4078 abiecitMV.
788 4044 810 4090 g.
831 4033 918 4080 aadd.
937 4037 963 4082 C.
1029 4036 1219 4093 btuuriMV,

64 4107 108 4156 lun
122 4114 146 4159 c.
226 4113 242 4159 i.
263 4115 339 4158 aeorte
358 4117 397 4170 M,
418 4115 496 4176 aaortp
514 4112 541 4160 V.
618 4110 641 4158 k
663 4128 706 4157 om.
725 4112 752 4158 V.
829 4111 844 4157 l.
866 4130 909 4158 on.
926 4117 952 4162 C.
1029 4130 1059 4162 m.
1079 4118 1177 4164 versario
1194 4121 1220 4166 C.

65 4199 83 4231 ι
99 4192 122 4235 nt
136 4195 189 4241 MC.
268 4207 289 4238 o.
311 4193 344 4238 aia
362 4196 388 4241 C.
464 4207 488 4252 p.
508 4191 644 4248 mnarum
663 4193 690 4239 V.
769 4204 791 4250 q.
812 4193 930 4239 convertar
948 4196 974 4241 C.

124 4296 146 4350 1.
164 4295 291 4352 annas.
304 4297 330 4366 2,
343 4297 369 4351 a.
431 4299 457 4351 a.
478 4297 577 4351 rrae.
590 4293 617 4365 4,
630 4295 656 4350 e.
718 4295 744 4350 e.
761 4295 841 4351 nov.
855 4297 936 4366 eae.
999 4299 1025 4352 4.
1044 4299 1124 4353 nov.
1138 4300 1219 4369 eoo.

66 4379 87 4432 ι.
105 4382 273 4456 norem.
365 4385 391 4440 o.
414 4383 589 4455 nomam.
