3090 4848
298 289 324 336 s.
342 289 516 338 normann
538 291 583 338 nr
604 291 707 338 sunu
729 290 916 340 nersronsn
940 291 978 338 es.
994 289 1024 336 so
1201 273 1244 340 95

73 427 213 514 espioere
235 427 415 498 nolentibus
443 431 550 498 lumen
579 431 779 516 euangelieae
808 432 951 498 verimtis
980 430 1076 498 offere
1102 431 1244 518 nitimur,
1264 435 1317 492 735

72 543 209 612 tenebris
239 547 442 632 propriorum
475 547 693 633 pensaminum
726 567 791 614 non
818 547 1031 630 involvamm3
1061 553 1093 613 et
1120 566 1184 613 non
1211 549 1244 614 in

72 679 205 726 vaenum
228 681 393 730 oneremus
417 668 472 730 snt
489 659 768 745 euomrissemus¹3
793 663 859 748 sed,
883 664 996 730 vestris
1012 664 1245 730 intercessioni-

72 776 127 844 bus
148 776 235 861 iulii,
260 777 300 844 ad
324 779 521 846 aeternitatis
542 779 650 846 lumen
672 779 856 846 inmaeulati
879 785 912 847 et
932 779 1113 846 inluminati
1134 779 1245 845 tenda

72 913 149 960 mne.
243 893 392 961 Preteree
413 915 513 982 parva
540 895 728 962 munuscula
754 916 812 982 pro
840 895 957 962 indioio
987 894 1128 962 oantatis
1156 894 1245 961 vobis

73 1011 256 1095 dussimus,
280 1010 313 1076 id
335 1016 385 1077 est
407 1011 569 1097 corporale
591 1011 735 1098 pellium,
759 1011 838 1078 albis
861 1011 1061 1096 stigmatibus
1076 1011 1244 1094 variatum,

73 1131 103 1194 et
127 1126 279 1193 villosam
306 1127 346 1192 nd
374 1127 542 1210 tergendos
570 1129 668 1215 pedes
697 1148 860 1195 servornm
883 1127 953 1194 Dei
1000 1126 1086 1206 Quae
1109 1127 1245 1214 petimus

73 1248 106 1308 ut
126 1262 187 1328 pro
211 1242 366 1308 memoria
389 1243 530 1329 aooipere
552 1264 615 1310 non
640 1244 864 1328 dedignemini.

157 1357 210 1424 De
232 1377 297 1424 una
319 1377 499 1443 quoquere
523 1365 662 1427 vestrum
686 1359 852 1427 eonsilium
875 1363 907 1425 et
929 1377 1116 1444 responsum
1137 1357 1246 1424 andire

74 1473 299 1540 desideramus.
339 1472 519 1540 Adfirmant
541 1477 719 1542 sacerdotes
742 1496 799 1562 per
823 1480 920 1542 totam
945 1473 1113 1541 Frsnoiem
1136 1479 1168 1539 et
1189 1493 1246 1559 per

73 1586 191 1655 Gallias
219 1609 280 1656 neo
301 1609 366 1656 non
388 1595 420 1655 et
441 1610 499 1676 pro
522 1590 586 1657 his:
615 1592 748 1659 maximi
777 1590 919 1657 oriminis
941 1609 1031 1656 reum
1055 1608 1123 1656 esse
1145 1588 1247 1654 homi-

71 1725 153 1790 nem,
177 1705 234 1789 qui
255 1705 291 1770 in
313 1705 550 1772 matrimonium
573 1707 741 1794 acciperit·
762 1707 851 1773 illam
874 1705 1018 1789 viduam,
1042 1705 1130 1770 enine
1155 1710 1248 1770 antea

70 1819 169 1887 lilium
192 1821 227 1886 in
250 1819 410 1907 baptismo
434 1821 619 1909 adoptivum
641 1822 841 1909 snsoipiebet
881 1819 970 1899 Quod
992 1820 1114 1907 peceati
1137 1839 1246 1904 genus,

1 1985 2 2000 1
70 1938 96 2002 si
119 1957 233 2002 verum
257 1942 315 2019 est,
338 1943 467 2004 eotenus
489 1938 690 2022 ignorabam,
722 1943 754 2005 et
775 1958 834 2005 nee
855 1938 890 2004 in
913 1937 1051 2021 antiquis
1075 1937 1247 2004 senonibus

1 2115 2 2120 ,
69 2073 127 2120 neo
162 2053 198 2118 in
233 2052 368 2119 decretis
404 2053 586 2138 pontifionm
614 2060 722 2140 patres
750 2074 809 2120 nee
837 2053 872 2120 in
899 2052 1018 2118 ooloulo
1047 2058 1247 2140 peecatorum

1 2177 2 2184 ’
71 2168 235 2255 apostolos
263 2189 397 2254 usquam
426 2189 627 2236 enumerasse
656 2170 797 2253 cognovi.
844 2167 913 2247 Qua
941 2168 980 2234 de
1008 2189 1043 2235 re
1071 2169 1099 2234 si
1128 2168 1247 2254 aliquid

1 2329 2 2364 3
69 2285 196 2371 uspiam
219 2284 253 2350 in
283 2284 503 2352 ecelesiasticis
532 2285 659 2372 seriptis
688 2285 884 2371 disputatum
910 2284 1127 2369 invenissetis,
1155 2285 1247 2352 nobis

69 2401 212 2467 indieare
235 2405 359 2482 onrate3
384 2405 416 2468 ei
438 2401 514 2487 quid
536 2400 625 2468 vobis
648 2401 803 2484 rideatur,
825 2419 919 2466 nosse
941 2399 1103 2468 venunt
1140 2399 1248 2488 Sospi-

1 2533 2 2598 3
71 2521 170 2584 tatem
198 2521 339 2582 vestram
367 2518 483 2582 sanetis
513 2515 684 2584 virtutibus
718 2515 885 2604 proficere,
919 2521 951 2584 et
984 2515 1078 2601 longo
1106 2522 1249 2603 tempore

1 2697 2 2730 3
71 2632 178 2700 velere
199 2637 250 2698 te⁰
274 2633 367 2719 onpio
390 2632 425 2699 in
448 2631 584 2700 Christo.

1 2825 2 2828 Ἴ
74 2844 135 2917 30.
160 2846 350 2932 Bonifatius
379 2845 542 2912 Notdelmi
568 2847 799 2933 archiepiscopi
821 2843 1056 2912 Conduorieneie
1086 2849 1191 2912 amori
1216 2869 1249 2914 se

162 2963 370 3030 commendat.
408 2963 504 3043 Petit,
529 2975 564 3027 nt
578 2961 753 3050 Anqustini
774 2964 1034 3050 intorroqntiones
1058 2975 1087 3028 et
1110 2961 1146 3030 S·
1166 2959 1246 3030 Gre-

162 3217 295 3260 ooorem
322 3196 433 3276 duom,
464 3195 552 3258 cuias
577 3193 650 3278 filio
679 3195 870 3282 baptizando
899 3217 1033 3281 sponsor
1059 3195 1247 3279 interfuerit.

164 3311 237 3394 Quo
259 3311 490 3376 incarnationis
512 3332 596 3375 anno
616 3312 719 3397 prim
739 3312 913 3376 sacerdotes
935 3336 957 3376 o
981 3311 1017 3377 S.
1037 3309 1191 3396 Greqorio
1214 3313 1249 3376 n'n

164 3427 322 3514 Anulions
342 3427 434 3492 missi
453 3423 545 3490 sintl.
978 3425 1013 3508 (S
1033 3427 1083 3510 15,
1106 3423 1175 3492 WG
1192 3427 1247 3508 40)

163 3559 304 3629 Domino
327 3557 546 3642 dileetissimo,
575 3559 691 3624 summi
719 3557 918 3645 pontificatus
948 3559 1049 3626 infula
1076 3559 1248 3644 praedito⁶,
1268 3565 1320 3621 735

76 3675 244 3743 Nothelmo
279 3669 533 3760 arehiepiscopo²
561 3673 742 3742 Bonifaoius
778 3675 910 3759 exiguus
944 3697 1053 3742 servus
1086 3694 1249 3741 servorum

76 3789 134 3860 Dai
157 3789 334 3880 optabilem
355 3790 390 3856 in
412 3787 537 3878 Christo
559 3795 705 3858 aeternae
728 3791 869 3858 caritatis
892 3791 1036 3858 salntem.

163 3907 331 3975 Almitatis
353 3911 477 3972 vestrae
500 3905 700 3972 clementiam
720 3906 842 3973 intimis
867 3907 995 3973 obsecro
1023 3906 1185 3994 precibus:
1215 3911 1251 3974 ut

1 2997 2 3046 l

159 3081 250 3166 yonii
276 3081 494 3166 responsiones
529 3078 592 3143 sibi
617 3081 729 3144 mittat.
783 3078 874 3145 Sitne
905 3081 1074 3159 sancitum,
1111 3101 1150 3142 ne
1177 3081 1248 3164 quis

1 3385 2 3436 l

146 4065 168 4097 a.
189 4068 250 4098 con.
266 4053 290 4096 ie
312 4049 469 4108 inoperire.
553 4047 576 4094 h.
597 4047 701 4094 vellimus
717 4050 775 4104 MV,
796 4049 905 4096 vellemus
923 4053 949 4098 C.
1034 4061 1054 4096 e.
1075 4051 1098 4096 te
1114 4065 1201 4096 aarum
1218 4058 1253 4097 est

78 4133 100 4176 ἰ
116 4133 141 4178 C.
221 4129 245 4175 d.
265 4147 295 4175 ιτ
312 4131 342 4174 Μ
356 4127 507 4184 θῦν-870,
524 4129 545 4174 C
560 4128 693 4184 68υ-69,
712 4130 736 4176 V
745 4129 842 4175 8-8o.
875 4131 981 4176 Lemma:
997 4128 1053 4174 Item
1070 4128 1168 4188 epistola
1183 4127 1251 4176 Boni·

79 4207 129 4256 latii
143 4208 314 4268 archiepiscopi
330 4207 409 4255 McV.
488 4221 508 4252 a.
527 4207 617 4268 insidiis
635 4207 692 4262 MV,
710 4207 804 4254 deletum
821 4218 853 4254 est
869 4207 893 4254 in
910 4219 961 4254 orere
977 4208 1066 4267 predilo
1083 4211 1105 4254 in
1123 4210 1148 4255 C.

148 4307 172 4360 1.
200 4303 295 4360 Galat.
313 4303 340 4372 2,
359 4303 389 4356 2:
421 4317 478 4372 ,ne
503 4299 573 4358 iorte
600 4301 628 4357 iu
655 4317 773 4358 vaenum
800 4317 936 4358 eurrerom
964 4305 1013 4358 aut
1039 4301 1250 4358 ouounissem“.

80 4393 106 4446 2.
125 4391 327 4459 Caesariensi,
347 4389 501 4446 nso-740.
