3176 4846
530 295 609 344 VITA
632 295 825 346 ADBLBBR'I'I
848 297 874 346 II

271 435 336 503 Iam
360 439 500 522 romunt,
522 440 587 506 iam
611 441 788 527 suscipiunt
808 440 864 506 hoa
888 441 1089 508 adsumentes

227 551 451 639 Francigenae,
475 556 568 621 simul
590 555 786 640 Angligeuae
808 556 944 623 clamore
966 562 1158 643 strepentem

159 685 205 732 cao
226 665 378 752 Parisino,
401 669 488 736 Iocus
511 671 645 738 eximius
669 672 747 738 bene
769 671 882 754 cultus,
906 673 1019 752 iuitnr3

228 771 278 850 hic
300 785 436 870 requies,
458 785 509 852 hic
530 787 594 854 leta
616 788 683 854 dies
704 789 796 854 fessis
819 788 985 874 reperitur.

226 899 286 966 Hic
308 901 447 968 studium
469 903 530 968 fnit
552 903 676 970 utilium
691 903 741 970 vel
765 905 887 988 questio
910 923 1026 987 rerum,

226 1015 277 1082 hic
300 1018 404 1104 patuit
426 1017 521 1102 scola,
544 1039 602 1086 nec
624 1019 723 1086 tacuit
744 1017 890 1086 dialetico
911 1039 1030 1086 varum.

478 1222 711 1290 DISTINOTIO
738 1222 917 1302 QUARTA.

225 1362 379 1451 Tempore
402 1383 462 1449 quo
486 1366 618 1449 iuvenis,
647 1365 744 1432 radiis
766 1385 825 1452 par
847 1385 927 1452 pene
950 1365 1068 1433 serenis

156 1497 201 1544 aas
222 1476 321 1546 Phcbi
344 1480 517 1564 candentis,
541 1481 627 1548 subit
647 1481 734 1548 urbis
757 1487 841 1548 tecta
862 1482 1011 1568 potentis,

225 1595 309 1681 cepit
331 1597 360 1662 ai
382 1595 445 1662 dici
467 1597 568 1664 virtus
591 1603 623 1664 et
644 1598 730 1663 fama
751 1597 897 1664 Thedrici
906 1594 923 1664 ¹.

225 1709 284 1788 Qui
306 1711 367 1778 fuit
389 1719 495 1780 orator
517 1717 549 1779 et
571 1713 677 1779 rethor
699 1718 731 1779 et
754 1714 831 1780 artis
854 1717 976 1780 amator

224 1829 457 1912 grammatIcae,
479 1827 608 1912 logicae,
631 1829 731 1896 vitam
754 1829 894 1896 ducendo
916 1827 1045 1915 pudice;

224 1943 313 2009 cuius
335 1950 403 2010 erat
425 1945 562 2026 genitrix
584 1943 758 2025 Britannia,
781 1944 916 2011 Francia
938 1944 1055 2010 nutrix.

155 2077 201 2122 eso
224 2057 325 2125 Huius
347 2066 383 2126 ut
406 2060 526 2125 audivit
547 2060 675 2143 famam,
700 2079 762 2128 uon
786 2061 924 2142 segniter
943 2060 1006 2126 ivit

224 2175 325 2242 visere
348 2176 517 2260 doctorem,
540 2175 637 2242 veluti
660 2175 781 2242 iuvenis
805 2176 971 2260 seniorem,

223 2289 337 2378 hospes
361 2289 535 2358 munificus.
571 2289 665 2357 Videt
687 2292 890 2378 agnoscitque
913 2291 1083 2358 Thedricus
1176 2315 1178 2322 ⁸

222 2405 343 2473 vultum
366 2407 513 2490 regalem.
550 2405 663 2493 Stupet
684 2413 717 2474 et
738 2427 806 2473 rem
829 2407 964 2474 Francia
985 2407 1092 2492 talem,

120 2589 123 2596 ,
223 2542 307 2588 nunc
329 2524 450 2589 invenie
475 2543 606 2606 morem,
629 2542 713 2590 nunc
736 2524 932 2590 ammirando
955 2522 1099 2590 decorem

154 2655 200 2704 aas
223 2639 373 2724 purpurei
395 2639 511 2706 vultus.
546 2638 652 2706 Movet
673 2639 755 2705 hanc
777 2644 809 2705 et
831 2639 932 2723 gloria
953 2639 1055 2706 cultus

223 2760 255 2821 et
276 2774 376 2821 novus
399 2761 540 2837 ornatur,
562 2754 647 2820 color
670 2754 762 2821 etde
787 2755 905 2821 murice
929 2761 1032 2840 natus,

223 2875 272 2936 set
293 2871 394 2954 magis
417 2870 494 2937 haec
517 2892 573 2938 ora
595 2877 702 2958 stupet
724 2871 905 2957 aspiciendo
929 2871 1050 2937 decora.

223 2985 331 3064 Qualis
354 2988 436 3052 enirn
461 2985 585 3053 Phebus
609 2987 691 3052 veris
715 2986 795 3052 solet
817 3007 885 3053 esso
908 2987 1028 3069 diebus,

221 3101 348 3170 Cinthia
370 3101 419 3168 vel
444 3102 537 3188 plena
558 3108 710 3188 quantum
732 3101 814 3168 solet
835 3123 904 3169 esee
926 3121 1047 3185 serena,

153 3236 198 3282 roo
220 3216 346 3286 Lucifer
368 3225 423 3286 aut
445 3218 557 3304 qualis,
580 3218 685 3285 vultus
709 3223 758 3284 est
778 3219 882 3302 gratia
903 3217 993 3298 talis3

220 3335 274 3401 lux
299 3335 393 3401 etiam
418 3334 540 3418 similis,
564 3355 657 3419 quam
681 3336 784 3401 forma
806 3335 902 3400 micat
923 3333 1080 3416 iuvenilis,

221 3450 335 3518 claruit
355 3451 389 3516 in
411 3451 533 3518 iuvenis
556 3450 706 3518 membris
729 3449 843 3517 diffusa
865 3451 994 3533 sereno,

220 3567 362 3634 constitit
384 3572 416 3633 et
438 3571 510 3633 roto
533 3573 665 3634 naturae
688 3585 819 3653 corpore
839 3571 916 3632 toto.

222 3681 277 3749 Set
298 3683 416 3750 dixisse
439 3684 515 3749 satis
539 3683 582 3750 sit
603 3683 642 3748 de
664 3683 814 3749 membris
837 3681 1003 3766 decoratis,

151 3818 197 3865 ros
220 3819 299 3885 quae
323 3805 437 3866 natura
459 3799 541 3866 bona
563 3799 677 3866 ditarit
699 3820 756 3886 per
778 3819 836 3865 aaa
858 3798 949 3864 dona

220 3914 304 4000 Ergo
327 3916 410 3982 viam
434 3921 586 4003 repetam,
609 3935 649 3980 ne
672 3915 797 3982 deserat
819 3915 922 3982 orbita
944 3922 1072 3997 metam,

181 4129 205 4184 1.
229 4127 271 4183 De
290 4141 323 4182 co
341 4127 415 4196 apud
426 4125 574 4182 Iohannem
587 4124 820 4181 Sareaberienaem
833 4125 1022 4196 (Metalogicua
1035 4126 1064 4180 L.
1079 4124 1092 4178 I
1109 4139 1132 4178 c.
1145 4123 1186 4192 14,
1205 4122 1275 4192 Opp.

108 4216 153 4272 ed.
172 4217 246 4272 Gilce
264 4217 289 4272 V
307 4217 357 4281 35)
375 4216 415 4272 sic
438 4220 493 4270 eat:
520 4213 678 4284 ,Teurcdus
700 4219 793 4270 tamen
816 4220 909 4271 noster
928 4213 1136 4284 grammaticus,
1161 4211 1275 4265 scientia

107 4321 190 4376 quam
209 4307 335 4375 optuione
352 4305 502 4374 potentior,
521 4305 603 4358 etiam
621 4305 649 4360 in
667 4305 741 4360 sonis
760 4305 940 4360 elementariis
958 4302 1115 4373 ampIIorem
1133 4315 1274 4356 numerum

108 4395 318 4451 convincebat“.
346 4392 387 4449 CI.
403 4395 505 4450 Buleus
524 4393 593 4448 IIist.
607 4394 725 4450 univers.
744 4393 829 4451 Paris.
843 4393 942 4463 11775,
960 4391 1031 4446 IIist.
1043 4390 1124 4445 litter.
1134 4389 1201 4444 XIII
1213 4390 1274 4446 304.
