3176 4846
302 265 368 334 632
505 283 585 330 vrrs
608 283 763 330 raucum
785 281 1049 329 anommsrsoorr
1071 279 1268 329 moouunmr

214 433 284 490 1159
303 445 427 513 scopus,
450 445 508 512 pro
532 423 628 491 officii
651 423 701 490 sui
723 421 829 490 debito
855 423 894 490 ad
918 421 1136 490 celebrandam
1153 422 1306 510 synodum
1323 441 1358 490 se
1373 423 1474 490 accin-

302 561 396 627 gens,
427 547 538 608 contra
567 559 675 608 eorum
697 539 850 625 impetum
874 537 1005 627 perfidie
1026 539 1061 606 iu
1082 537 1182 606 multo
1204 537 1342 607 militum
1363 537 1475 606 robore

303 659 350 726 eis
378 659 487 724 inritis
516 657 677 724 civitatem
701 655 879 740 ingressus,
907 653 1009 722 noluit
1031 653 1150 740 absque
1172 654 1288 722 iudicio
1309 654 1476 722 vendicare

303 776 337 842 in
364 774 466 861 ipsos;
496 771 567 856 sed,
596 777 633 838 ut
654 769 727 858 pius
750 776 782 838 ct
804 771 941 839 clemens
965 777 1071 858 pater,
1099 771 1140 838 ad
1162 771 1410 839 satisfactionem
1432 807 1475 818 -

278 909 376 970 ‚cum
405 911 459 958 eos
487 893 618 975 repente
644 891 754 974 posset
782 885 887 955 delere
911 923 952 934 -
976 888 1091 954 iterum
1121 888 1298 972 iterumque
1325 887 1475 970 inritans,

224 508 273 556 cet

305 1005 450 1074 sinodum
479 1006 651 1072 instantem
680 1002 882 1070 celeberrimo
910 1003 1159 1091 prosequebatur
1182 1002 1293 1071 officio.
1329 1003 1393 1071 Sed
1414 1004 1475 1090 ipsi

303 1121 362 1190 filii
390 1120 523 1204 diaboli,
545 1119 795 1214 'obstinationem
825 1124 997 1203 sectantes,
1019 1125 1130 1187 contm
1152 1120 1361 1187 observabant
1383 1139 1475 1206 opor-

304 1240 491 1318 tuuitatcm,
522 1241 558 1302 ut
585 1235 740 1302 assultum
766 1235 800 1302 in
824 1236 943 1323 synodo
964 1232 1121 1302 facerent¹
1144 1239 1177 1304 et
1199 1237 1382 1323 episcopum
1405 1256 1475 1304 cum

304 1355 369 1422 suis
399 1375 438 1420 ex
467 1352 629 1439 inproviso
659 1357 857 1438 occuparent
893 1351 955 1419 Sed
983 1351 1037 1418 ubi
1059 1353 1147 1420 fraus
1170 1363 1297 1418 eornm·
1318 1353 1476 1439 impietati

304 1491 360 1538 sue
379 1468 575 1538 effectivum'
590 1487 773 1555 processum
788 1468 969 1535 ministrare
984 1467 1161 1554 nequibat,
1183 1473 1221 1535 ut
1234 1468 1361 1536 interim
1376 1467 1476 1536 maio·

164 1669 166 1674 ¹
304 1608 355 1654 res
379 1586 439 1654 sibi
462 1583 603 1672 passimd
625 1585 709 1651 vires
725 1589 946 1669 accerserent,
970 1585 1124 1668 rogabant
1138 1605 1176 1651 ea
1190 1605 1251 1671 que
1265 1584 1353 1672 pacis
1369 1590 1476 1666 erant3

304 1701 538 1787 offerebantque
561 1700 819 1785 satisfactionem,
842 1705 879 1767 ut
900 1701 1090 1768 sententiam
1106 1700 1289 1788 synodalem
1305 1706 1337 1768 ct
1351 1719 1476 1768 excom·

302 1818 547 1886 manicationem
571 1816 629 1883 tali
651 1816 911 1900 tergiversatione
930 1816 1063 1885 evadere
1077 1821 1216 1903 possent
1299 1816 1477 1901 Interroga·

302 1933 469 2002 batonim
500 1933 633 2000 domnus
661 1932 924 2024 metropolitanus
952 1933 1126 2000 sinodalem
1160 1933 1364 2001 sententiam:
1401 1932 1478 2020 quid

302 2070 398 2137 super
420 2050 469 2116 his
493 2049 711 2117 diffiniendum
733 2049 826 2132 foret,
850 2049 925 2134 quia
947 2055 980 2116 et
1001 2054 1111 2116 contm
1133 2070 1205 2116 eum
1228 2049 1274 2116 et‘
1294 2059 1388 2116 suos·
1403 2069 1476 2116 cou-

303 2167 490 2235 iurationem
516 2167 679 2250 fecissent,
710 2171 742 2232 et
762 2165 935 2238 insultum'¹
958 2152 1159 2250 molirentur,
1183 2165 1292 2233 cedem
1315 2170 1348 2232 et
1369 2166 1477 2252 perni-

304 2282 383 2349 ciem
419 2283 517 2348 totius
556 2281 687 2349 ecclesie
717 2287 749 2348 et
777 2281 1063 2364 conturbationem
1102 2287 1134 2348 et
1164 2282 1354 2369 presentiam
1386 2301 1477 2350 suam

304 2399 394 2466 iuxta
409 2398 595 2464 canonicam
618 2397 875 2465 cousuetudinem
899 2397 1048 2464 exhibere
1068 2398 1188 2485 synodo
1203 2398 1475 2485 contempsissent

305 2513 384 2594 Quo*
401 2533 473 2581 cum
496 2514 529 2580 in
553 2513 715 2600 procinctu
738 2514 896 2582 sententia
910 2519 1003 2599 esset,
1027 2513 1229 2582 differebatur
1243 2515 1276 2581 in
1292 2515 1475 2599 crastinum,

306 2631 470 2716 agentibus
493 2629 717 2715 internunciis,
742 2632 796 2716 qui
818 2630 1077 2717 compositionem
1100 2630 1239 2698 facercre
1260 2631 1453 2699 nitebantm.

394 2747 430 2812 ln
459 2747 598 2814 crastino
620 2765 711 2830 vero,
741 2747 782 2813 ad
804 2748 932 2813 tertiam
954 2767 1053 2833 usquc
1076 2747 1139 2814 disi
1162 2747 1284 2814 nunciis
1307 2747 1476 2815 hincinde

306 2863 590 2948 crebrescentibus,
624 2861 713 2950 pacik
743 2863 872 2930 tandem
905 2881 964 2949 per
996 2857 1241 2932 satisfactionem
1277 2863 1476 2948 devoventes,

306 2979 431 3067 publico
465 2999 633 3064 congressu
671 2978 775 3044 aulam
809 2977 1020 3065 episcopalem
1054 2986 1086 3047 et
1115 2999 1208 3048 omne
1234 2979 1403 3047 concilium
1431 2979 1478 3048 sc'

308 3097 404 3163 armis
432 3096 590 3183 parabant
617 3095 767 3162 inuadere
790 3100 822 3161 et
844 3099 998 3179 stragem,
1029 3096 1215 3182 dispositam
1236 3097 1271 3162 in
1293 3096 1477 3183 episcopum

307 3232 453 3298 suosque,
476 3210 635 3299 perficere.
670 3210 925 3297 Duxeruntquem
943 3211 1043 3278 aciem
1064 3231 1155 3279 suam
1179 3211 1279 3280 tribus
1302 3213 1477 3296 ordinibus,

307 3333 343 3394 ut
364 3348 423 3415 per
446 3329 585 3395 medium
608 3327 757 3411 civitatis,
781 3327 904 3412 dextra,
928 3327 1119 3414 sinistraque
1141 3329 1406 3414 congrederentur
1420 3349 1478 3415 per

307 3449 429 3511 turmas
453 3465 541 3527 suas,
572 3463 643 3510 cum
667 3444 780 3528 gladiis
804 3449 836 3511 et
857 3443 1008 3529 fustibus,
1037 3445 1155 3529 contis,
1183 3443 1305 3529 fundis,
1335 3445 1477 3529 sudibus,

308 3561 457 3647 omnique
485 3560 616 3627 militia·¹
639 3560 820 3644 bominum3
850 3581 928 3646 quos
957 3559 1072 3627 ruralis
1094 3559 1201 3646 gleba,
1229 3561 1321 3629 tetris
1344 3561 1478 3630 monbus

306 3676 535 3762 indigineaque⁰
553 3677 693 3762 cuspide,
717 3678 848 3745 obscuro
863 3677 1106 3763 fatiscentequs‘
1121 3677 1233 3764 clipeo,
1255 3677 1350 3745 fulvis
1365 3677 1479 3746 aridis-

308 3813 368 3879 que
389 3793 530 3875 vexillis3
555 3812 632 3878 quos
656 3798 688 3860 et
708 3793 877 3881 pelliparia
897 3793 1082 3860 cordonaria
1103 3793 1244 3861 saccaria
1264 3793 1389 3862 lictoris
1409 3814 1480 3861 ma·

381 3967 401 4000 a
422 3971 465 4000 cnr.
481 3955 503 4000 2.
580 3951 604 4001 b.
625 3955 739 4000 srcctuum
755 3956 777 4000 Β.
856 3966 875 4000 c.
894 3949 1006 4014 nequibit
1020 3955 1042 4000 1.
1117 3953 1140 4000 d.
1161 3955 1288 4014 possinti.
1360 3969 1381 4002 c.
1402 3967 1480 4002 nocu-

309 4047 359 4082 scre
375 4035 397 4080 1.
484 4032 501 4078 l.
522 4035 546 4079 et
561 4049 604 4079 om.
620 4034 643 4079 2.
726 4033 931 4092 praescidisti.
1016 4033 1039 4080 la
1058 4033 1211 4082 insuetum
1293 4035 1309 4080 i.
1331 4033 1381 4092 Quo
1396 4037 1482 4096 :aqud

307 4131 350 4173 pro
367 4112 434 4170 Quod
449 4115 471 4169 1,
488 4114 510 4159 2.
622 4111 714 4173 tapeti
732 4114 753 4170 1,
768 4113 821 4173 paul
837 4113 859 4160 2.
969 4112 985 4159 1.
1006 4127 1031 4160 ec
1048 4131 1090 4160 cm.
1108 4115 1130 4160 2.
1238 4127 1269 4161 m.
1290 4113 1440 4174 dixcmntque
1456 4117 1480 4161 1.

308 4207 332 4240 u.
352 4193 442 4240 malicia
457 4195 479 4240 1.
557 4207 578 4240 c.
598 4191 742 4254 tulgincuque
759 4194 780 4239 1.
858 4207 881 4252 ρ.
900 4193 1068 4254 taolscenteque
1084 4196 1106 4240 1.

381 4299 407 4351 1.
433 4301 518 4366 „post
534 4295 635 4353 festum
653 4297 742 4352 sancti
759 4295 897 4366 sensuit
916 4299 991 4368 (post
1007 4297 1035 4354 d.
1049 4300 1064 4353 1
1077 4297 1222 4366 Octobris).
1248 4296 1371 4354 smiles
1390 4295 1419 4353 S.
1431 4297 1480 4354 Di·

310 4381 399 4440 sibcdi
419 4385 496 4454 1159,
514 4385 587 4442 tlon.
599 4384 692 4441 Germ.
705 4384 754 4442 SS.
766 4385 847 4442 XVII
859 4387 902 4440 29.
