3176 4846
314 229 382 296 630
519 248 598 294 vrrs
621 245 775 294 annonm
797 244 1059 294 nncmumscorn
1081 243 1275 292 noscuntur

148 397 305 454 nte-1159
314 393 421 470 erant;
443 387 665 456 maledicentes
688 386 803 452 domno
818 385 977 472 episeopo,
1001 385 1248 472 minitanteoque
1262 385 1303 469 ei,
1325 383 1409 470 quod
1424 403 1480 470 pro

314 504 384 592 ipso
406 523 566 589 nunquam
589 501 628 570 de
650 501 777 568 civitate
799 501 1006 570 discederent

401 619 592 708 Episcopus,
621 623 693 704 post
720 622 845 684 tantum
872 617 1014 684 laborem
1041 621 1074 684 et
1100 619 1175 703 post
1202 620 1326 684 tantum
1356 615 1482 702 imperii

314 736 477 802 servitium
500 737 630 822 cupiens
652 735 864 820 requiescere,
887 753 998 821 paoem
1021 753 1086 798 uou
1107 732 1286 816 inveniens,
1310 731 1427 798 multos
1449 733 1482 798 in

315 851 539 918 coniurationis
561 849 645 916 malo
667 850 786 918 habens
809 853 971 937 suspectos
988 887 1030 896 -
1046 867 1105 916 neo
1126 847 1219 916 facile
1242 869 1276 914 se
1298 847 1343 914 eis
1357 851 1483 933 poterat

315 967 452 1050 cedere,
476 967 551 1052 quia
572 965 715 1052 plerique
737 965 878 1033 latebant
899 1001 942 1012 -
965 971 1135 1053 postquam
1156 963 1306 1048 oblongos
1328 963 1481 1048 cultellos,

314 1082 428 1168 quibus
456 1103 526 1150 eum
550 1082 691 1149 clanculo
713 1082 771 1148 sub
793 1081 970 1150 velamento
993 1081 1217 1148 satisfactionis
1239 1080 1407 1146 confodere
1430 1080 1482 1148 de-

314 1203 491 1281 creverant,
520 1197 726 1284 deprehendit
754 1203 786 1265 et
814 1198 901 1284 ipsos
930 1198 1144 1264 coniuratores
1167 1201 1278 1263 contra
1299 1217 1334 1263 se
1355 1197 1428 1283 ipsa
1449 1198 1482 1264 iu

314 1313 441 1380 civitate
464 1313 568 1380 moliri
591 1313 735 1380 omnibus
758 1315 861 1380 modis
884 1314 1041 1396 cernebat,
1064 1311 1261 1379 Burcardum
1275 1313 1482 1400 prepositum,

314 1429 369 1515 qui
391 1449 533 1495 summus
554 1430 588 1496 in
611 1430 826 1498 coniuratione
848 1436 958 1496 auctor
980 1433 1013 1496 et
1034 1427 1099 1494 dux
1122 1434 1200 1512 eret,
1224 1429 1264 1495 de
1286 1428 1415 1496 civitate
1429 1449 1482 1496 ex·

313 1545 405 1632 pulit,
428 1549 460 1612 et
481 1545 565 1612 vires
588 1546 633 1612 ei·
656 1566 765 1612 omues
786 1547 822 1612 in
844 1545 971 1612 civitate
994 1544 1120 1612 ademit

402 1659 495 1728 Hunc
521 1663 644 1746 itaque,
676 1661 716 1728 ad
743 1661 967 1747 imperatorem
990 1658 1257 1746 proficiscentem,
1286 1668 1414 1728 secutus
1437 1668 1484 1730 est

312 1777 461 1844 Embrico
488 1775 626 1860 Mengoti
655 1775 739 1842 filius
748 1772 766 1860 ¹,
795 1781 828 1844 et
856 1775 953 1844 abbas
976 1775 1084 1844 Sancti
1111 1773 1243 1862 lacobi¹,
1272 1777 1482 1846 wernherus*

314 1891 353 1960 de
375 1891 525 1976 Bonlant,
550 1898 582 1958 et
605 1892 790 1959 clericorum
813 1897 845 1959 et
866 1891 1018 1960 laicorum
1041 1893 1181 1960 maxima
1203 1893 1382 1962 multitudo.

402 2007 430 2074 E
454 2008 586 2092 vestigio
609 2008 727 2092 legem,
751 2008 790 2075 ab
812 2007 970 2096 imperiali
993 2029 1047 2074 ore
1070 2008 1109 2076 de
1131 2007 1290 2076 benefieiis
1312 2007 1484 2078 Mediolani

314 2123 544 2210 promulgatam
578 2125 613 2192 in
647 2145 715 2208 eos,
749 2125 803 2209 qui
836 2123 949 2191 militie
983 2123 1097 2210 stipem
1132 2125 1192 2192 sibi
1227 2146 1290 2192 uon
1320 2125 1484 2212 dederant,

314 2239 448 2306 domnus
477 2243 644 2328 episeopus
672 2242 706 2306 in
734 2239 871 2307 medium
901 2239 1089 2326 proferebat
1128 2239 1172 2306 Et
1199 2240 1238 2308 de
1260 2239 1484 2310 beneficiorum

314 2355 484 2422 amissione
507 2357 677 2441 perterriti,
700 2355 845 2422 nonnulli
867 2355 1039 2422 secundum
1060 2354 1215 2424 iustitiam
1238 2357 1290 2426 vel
1311 2359 1484 2426 secuudum

314 2471 452 2556 gretiam
475 2492 569 2558 super
591 2473 651 2540 hoe
671 2471 930 2559 respondebam
966 2470 1058 2538 Solus
1077 2472 1238 2540 Amoldns
1256 2472 1366 2559 Rufus,
1390 2475 1484 2544 mini-

315 2586 451 2654 sterialis
479 2587 546 2654 eius
576 2587 615 2654 de
638 2607 699 2673 quo
723 2607 820 2674 supra
840 2586 1007 2654 retulimus
1031 2624 1072 2633 -
1096 2607 1169 2654 eum
1191 2591 1389 2676 comparium
1412 2611 1484 2659 suo·

314 2723 385 2768 rum
407 2703 506 2769 nollet
533 2708 617 2770 stare
646 2703 829 2788 sonantia,
858 2723 916 2770 uec
938 2703 1036 2769 ullam
1058 2703 1097 2771 de
1119 2703 1237 2771 iniuria
1257 2705 1347 2772 illata
1368 2707 1483 2776 domno

314 2819 462 2906 episcopo
490 2818 653 2887 exhiberet
681 2819 942 2904 satisfactionem,
973 2820 1029 2888 sed
1056 2840 1139 2888 nunc
1159 2820 1252 2888 bonis
1273 2822 1379 2892 verbis
1402 2844 1485 2892 nunc

314 2935 528 3002 occasionibus
551 2955 635 3002 nunc
658 2941 690 3004 et
711 2935 862 3002 induciis·
886 2941 1010 3022 tempus
1032 2937 1208 3021 redimens,
1231 2957 1303 3004 cum
1326 2939 1484 3008 adhuoiu

314 3051 400 3118 nullo
424 3051 462 3120 ab
486 3052 633 3138 episcopo
656 3057 851 3136 gravaretur,
874 3051 948 3118 lieet
970 3073 1042 3119 eum
1061 3072 1158 3139 super
1172 3054 1360 3139 quibusdam
1375 3061 1485 3124 centn

314 3189 348 3234 se
372 3168 638 3236 satisfactionibus
661 3167 891 3254 interpellaret'
908 3203 949 3213 -
970 3167 1053 3234 male
1076 3169 1137 3237 sibi
1158 3170 1317 3256 conscius,
1343 3191 1484 3240 cesarem

314 3283 496 3370 appellavit
531 3283 574 3351 Et
597 3284 679 3351 sicut
700 3283 925 3350 coniurationis
947 3284 993 3350 ita
1010 3284 1132 3352 itineris
1147 3288 1308 3374 preposito
1323 3286 1484 3356 Burcardo

315 3399 356 3468 ad
376 3401 600 3487 imperatorem
622 3401 723 3468 iactus
747 3403 795 3467 est
817 3417 931 3466 eomes.

403 3516 575 3602 Postquam
590 3516 868 3584 commentationes
884 3535 958 3582 suas
981 3519 1014 3582 et
1033 3515 1193 3585 nandium
1215 3517 1391 3606 molimina,
1414 3522 1484 3607 qui-

315 3633 373 3700 bus
401 3633 520 3700 famam
543 3632 651 3699 domni
673 3632 813 3719 episcopi
834 3634 1009 3701 incrustare
1032 3653 1069 3700 ac
1089 3633 1291 3702 insimulare⁸
1313 3641 1482 3725 attempta·

314 3753 388 3816 rant
395 3749 416 3831 ⁶,
441 3769 537 3835 penes
560 3749 797 3835 imperatoriam
818 3749 1017 3818 maiestatem
1033 3749 1117 3818 lente
1133 3751 1302 3837 procedere
1317 3753 1482 3842 viderent,

388 3887 408 3919 a.
430 3873 464 3919 eis
481 3875 502 3928 1,
519 3875 540 3918 2.
611 3873 633 3919 b.
654 3871 776 3920 Wernerus
793 3873 969 3930 1,Wernherus
985 3876 1008 3921 2.
1078 3889 1097 3922 a
1118 3876 1282 3936 respondentes
1299 3879 1320 3924 1.
1388 3879 1411 3926 d.
1432 3894 1483 3926 een·

315 3953 390 3999 tenuia
406 3955 428 4008 1,
445 3955 466 3999 2.
529 3967 549 3998 e.
569 3953 661 4000 iudiciis
678 3955 699 4010 1,
716 3955 737 4000 2.
799 3953 815 4000 i.
836 3953 991 4015 interpelleret
1008 3956 1029 4001 1.
1091 3967 1112 4013 g.
1133 3956 1240 4004 simulare
1256 3959 1278 4014 1,
1295 3959 1317 4004 ἱ.
1370 3957 1394 4005 h.
1410 3961 1484 4006 etten-

315 4033 390 4079 tarent
406 4035 428 4078 2.
505 4031 709 4080 i.viderena111.
1048 4027 1052 4047 '

388 4111 412 4164 1.
436 4108 563 4165 Embn'eo
580 4107 652 4165 filius
669 4109 801 4181 ldeingoti
818 4115 847 4165 et
864 4112 922 4166 eius
940 4109 1025 4166 irater
1042 4111 1210 4184 Meingotue,
1232 4114 1421 4170 ministeriales
1440 4130 1483 4171 ec·

316 4198 414 4252 alesine
433 4199 621 4268 moguntinae,
646 4199 675 4254 in
692 4198 774 4254 variis
792 4197 907 4255 Amoldi
930 4199 1127 4271 archiepiscopi
1144 4201 1244 4258 tabulis
1262 4209 1422 4274 comparent
1439 4221 1482 4274 ap.

316 4283 516 4428 {pprrpplfsdcta
532 4287 692 4357 lloguntina
708 4305 736 4358 p.
750 4289 793 4358 69,
806 4289 848 4357 71,
862 4289 896 4344 ta
914 4292 942 4344 et
959 4303 1003 4360 ap.
1017 4289 1116 4346 (luder
1135 4290 1165 4346 0.
1178 4291 1213 4348 D.
1225 4291 1239 4347 1
1251 4293 1312 4348 282.
1383 4295 1409 4349 fl.
1429 4291 1482 4350 (lo
