3148 4846
484 317 672 366 srmuonnu
694 317 922 366 moouamnnu
946 317 976 362 eo
1243 303 1309 368 373

140 455 202 527 30.
225 457 370 524 Urbem
385 459 429 524 ΙΙ
442 483 535 547 popo
556 460 654 526 Petro
678 463 824 548 opa'ecopo
842 461 1033 526 Pistocicoei
1053 473 1082 528 st
1097 461 1228 528 Raetico
1252 463 1308 528 oh-

227 567 295 632 hota'
315 566 575 632 Vollcmhrooooo
603 591 636 632 ee
657 581 789 654 perpet,
820 569 906 654 qood
926 567 1130 650 Daemon,
1162 593 1183 634 o
1206 569 1308 634 Weec-

228 673 299 739 lone
320 674 555 761 archiepiscopo
572 675 760 760 Mopcotiao
784 677 952 740 coconem
973 677 1163 756 mutuatum,
1188 678 1307 763 epieco-

224 803 303 867 pcm
324 781 481 846 Pisonum
503 785 754 848 consecrasset

229 903 411 992 Scripsistis
430 904 532 988 nobis,
555 906 728 972 maximum
754 905 836 992 apud
860 925 916 972 vos
935 903 1118 972 scandalum
1133 905 1309 1003 emersisse,
1327 926 1351 966 o.
1364 911 1433 966 1088

139 1019 223 1106 quod
250 1019 401 1087 Pisanum
431 1021 613 1109 episcopum
643 1022 945 1104 consecraverimus,
976 1020 1059 1106 qnod
1088 1040 1107 1086 a
1132 1019 1310 1087 Guezelone
1367 1107 1369 1114 y

138 1135 296 1202 haeretico
329 1135 480 1202 diaconus
513 1137 617 1204 tuerat
645 1137 817 1204 ordinatus.
858 1135 901 1202 Et
928 1155 986 1202 nos
1013 1136 1153 1222 profecto
1181 1135 1308 1220 scimus,

139 1250 350 1320 Guezelonem
372 1251 563 1320 haereticum
588 1254 701 1336 fuisse,
724 1251 1005 1340 Mogontinumque
1028 1253 1244 1340 episcopatum
1267 1252 1327 1344 sip

138 1369 282 1434 moniaco
311 1368 467 1435 credimus
497 1369 636 1438 facinore
664 1369 832 1451 invasisse;
862 1374 993 1456 propter
1020 1389 1112 1454 quem
1136 1373 1190 1436 aut
1212 1367 1309 1434 ulium

138 1484 365 1570 acquirendum
386 1486 465 1569 regi,
489 1485 547 1552 sub
571 1485 769 1552 anathemate
792 1486 905 1571 posito,
929 1484 983 1552 diu
999 1484 1151 1552 servierat
1167 1489 1198 1550 ot
1213 1503 1309 1570 prop-

137 1605 188 1666 ter
218 1600 404 1684 acquisitum
436 1602 523 1668 omni
552 1602 636 1668 vitae
666 1621 742 1668 suae
769 1605 912 1687 tempore
941 1600 1120 1668 deservivit
1154 1598 1309 1666 Eumdem

139 1716 261 1804 stipsi
289 1736 347 1783 nos
375 1737 433 1805 pro
463 1718 573 1785 eodem
601 1737 710 1800 causa,
741 1716 815 1803 quia
838 1717 877 1784 ab
901 1716 1178 1784 excommunicatis
1201 1734 1310 1782 conse·

138 1837 245 1900 cratus
268 1838 326 1916 est,
349 1833 383 1900 in
406 1833 550 1920 synodali
572 1833 704 1902 coneilio
727 1833 1068 1900 excommunicavimus
1090 1830 1310 1899 condemnavi·

138 1968 209 2014 mus
234 1953 266 2014 et
288 1948 327 2015 ab
350 1950 437 2016 omni
460 1948 670 2016 ecclesiastico
693 1947 795 2016 officio
818 1948 886 2015 sine
909 1968 965 2034 spe
980 1946 1189 2015 restitutionis
1205 1945 1310 2032 aliqua

138 2064 373 2152 deposuimus.
399 2113 406 2130 .
431 2113 439 2128 .
464 2115 472 2130 .

229 2231 237 2246 .
263 2230 271 2246 .
297 2229 304 2246 .
329 2179 515 2247 Daibertum
539 2199 559 2245 a
581 2177 785 2264 Guozelone⁸,
815 2179 890 2246 licet
912 2180 1099 2264 simoniaco,
1130 2197 1193 2243 non
1216 2177 1311 2244 simo·

137 2297 229 2364 niace
264 2296 402 2364 eiusdem
439 2296 633 2362 confessione
660 2296 836 2382 reponimus
865 2297 898 2361 in
927 2295 1094 2362 diaconum
1121 2293 1310 2361 ordinatum.

137 2413 182 2480 Et
210 2413 294 2480 beati
318 2412 490 2480 Innocentii
521 2432 621 2499 papae
649 2407 821 2479 sententia¹
845 2416 969 2478 constat
990 2410 1200 2478 declaratum:
1229 2408 1313 2496 quod

139 2527 327 2612 Guezelon⁶,
362 2549 454 2616 quem
487 2533 611 2596 constat
641 2528 679 2595 ab
707 2527 874 2594 haereticis
902 2527 1097 2612 ordinatum,
1132 2525 1206 2612 quia
1233 2524 1313 2592 nihil

139 2645 265 2730 hebuit,
295 2644 375 2711 nihil
403 2643 478 2713 darc
507 2646 610 2731 potuit
638 2644 683 2726 ei,
713 2645 764 2710 cui
786 2663 899 2711 manus
921 2644 1082 2730 imposuit.
1118 2642 1183 2709 Nos
1204 2642 1312 2726 igitur,

138 2763 222 2830 tanti
250 2760 409 2850 pontificis
435 2761 623 2828 auctoritate
651 2759 784 2843 firmati,
814 2765 847 2826 et
868 2759 999 2826 Damasi
1027 2754 1147 2847 papee²
1170 2758 1313 2824 testimo·

138 2879 193 2946 nio
219 2877 374 2960 roboreti,
405 2877 459 2962 qui
483 2879 543 2943 ait:
576 2879 737 2944 licitorum·
758 2890 893 2964 opoccsc
920 2879 1006 2963 qood
1027 2876 1109 2940 mole
1131 2887 1235 2940 acuon
1257 2887 1310 2954 osc,

138 2994 338 3077 Deibertum,
362 2993 402 3060 ab
426 2993 591 3062 haereticis
614 3012 745 3078 corpore
768 2996 800 3058 et
819 2991 933 3078 spiritu
949 2991 1125 3076 digressum
1141 2994 1234 3075 atque
1249 2989 1311 3054 uti·

138 3110 283 3178 litatibus
306 3107 456 3176 ecclesiae
479 3129 537 3195 pro
561 3107 680 3174 uiribus
702 3107 919 3190 insudantem,
943 3127 982 3174 ex
1005 3107 1139 3190 integro,
1163 3104 1312 3172 ecclesias

138 3227 328 3294 necessitato
356 3225 537 3312 ingruente,
567 3224 733 3290 diaconum
757 3223 987 3290 constituimus.
1022 3222 1111 3301 Quod
1133 3241 1196 3288 non
1219 3222 1312 3288 reite·

138 3343 296 3410 rationem
331 3341 507 3408 existimari
539 3359 719 3422 censemus,
755 3339 809 3406 sed
838 3343 962 3405 tantum
991 3340 1145 3423 integram
1176 3337 1312 3406 diaconii

139 3459 316 3539 dationem,
341 3457 500 3542 quoniam,
524 3461 559 3522 ut
581 3455 807 3542 praediximus,
831 3455 883 3540 qui
905 3454 985 3522 nihil
999 3453 1118 3540 habuit,
1142 3454 1221 3520 nihil
1236 3454 1312 3520 dare

138 3575 245 3664 potuit
267 3624 275 3639 .
301 3623 308 3639 .
334 3623 374 3639 ..

212 3723 233 3756 ι.
252 3710 324 3755 Hcs'oc
340 3709 451 3766 epistolae
467 3707 512 3752 doc
528 3709 659 3768 fragmento
675 3714 760 3750 tontum
777 3714 875 3752 eulaeo.
902 3710 999 3763 ouem
1016 3706 1109 3750 alterum
1126 3701 1266 3763 (Scupslstis
1289 3725 1308 3735 -

139 3785 299 3850 deposuimus)
313 3805 341 3832 ex
354 3787 406 3833 cod.
414 3789 438 3834 S.
450 3787 546 3832 Victoris
557 3787 682 3832 Poricicnsi
691 3785 808 3830 ediderunt
822 3785 907 3838 Bisica,
926 3785 1048 3829 Miaccum
1059 3786 1142 3830 Annol.
1155 3787 1219 3832 Com.
1229 3783 1310 3838 11146,

140 3872 224 3918 Monoi
238 3869 292 3914 coll.
304 3884 367 3913 conc.
378 3869 429 3914 ΧΧ
440 3867 493 3920 664,
510 3883 557 3910 cum
575 3866 616 3910 loc
632 3867 748 3911 lemmate.-
763 3865 866 3911 Urbanus
882 3863 995 3910 socundus
1011 3877 1071 3923 ptp}
1081 3863 1214 3910 Pistoriensl
1229 3865 1253 3908 et
1265 3861 1310 3910 Ru·

140 3948 199 3996 stica
217 3946 288 3994 Vellls
305 3945 428 3994 [imbrosae
444 3945 570 3992 abactam.
595 3947 693 3992 Alcerwa
708 3949 858 4008 fragmentum
875 3942 1020 4002 (Dalbortum
1041 3965 1064 3974 -
1083 3943 1137 3990 dare
1152 3940 1239 4002 potuit)
1255 3943 1311 4004 legs·-

141 4039 177 4074 aar
193 4029 214 4072 in
231 4028 338 4074 Gratiam·
352 4027 419 4072 Dm.
436 4028 463 4071 Ρ.
478 4028 503 4072 11
519 4027 545 4072 C.
559 4027 571 4071 1
587 4025 646 4085 qul
663 4043 683 4070 o.
694 4027 731 4076 24.
749 4041 796 4070 cum
813 4025 854 4070 hoc
870 4025 986 4070 lemmata:
1004 4021 1139 4069 Urbmusll
1154 4021 1220 4068 Petro
1236 4021 1309 4068 Pisto-

140 4107 212 4154 rienai
228 4107 337 4166 episcopo
354 4109 378 4151 et
389 4105 484 4152 Rustico
500 4104 577 4150 abbati
587 4103 659 4149 Vallis
669 4103 801 4150 Umbrosae.
862 4103 884 4150 b.
901 4101 1014 4150 Necelone
1025 4106 1063 4150 Gr.
1126 4115 1146 4148 c.
1161 4100 1260 4147 Noaelon
1271 4104 1310 4148 Gr.

215 4194 239 4248 l.
263 4191 297 4248 V.
317 4191 440 4247 Gratiani
461 4191 541 4246 Dect.
559 4189 629 4246 P.Il
647 4189 703 4246 dl
722 4191 795 4259 qul
816 4205 840 4244 c.
854 4190 895 4245 18.
991 4191 1016 4246 2.
1041 4189 1069 4244 iu
1091 4187 1171 4258 epist
1189 4187 1309 4242 Pseudo-

140 4282 291 4338 isidoriana
308 4281 344 4336 de
362 4280 545 4349 corepiscopis
563 4279 608 4340 (V.
621 4279 779 4334 Decretales
796 4277 955 4334 Ps.·isidor.
974 4277 1017 4334 ed.
1034 4275 1179 4334 Hinsohius
1196 4292 1224 4346 p.
1237 4275 1309 4345 514),

143 4370 266 4426 Gratiani
284 4371 365 4424 Decr.
383 4370 413 4424 P.
427 4369 452 4424 ll
471 4368 528 4424 (tl
545 4383 590 4437 qu.
604 4369 619 4422 7
633 4383 657 4422 c.
670 4369 718 4422 25:
738 4367 880 4438 ,reiterari
898 4381 1010 4421 necesse
1029 4369 1079 4434 est,
1097 4364 1171 4434 quod
1188 4364 1309 4434 legitime

144 4464 235 4516 actum
254 4463 302 4516 aut
319 4459 445 4515 colatum
463 4457 574 4512 minimo
591 4455 787 4527 adprobatur“.

622 4583 833 4594 ...ῳ-ι
