3164 4842
399 305 446 354 ax
469 305 622 354 ossuum
645 305 724 352 vrrs
747 303 773 352 s.
791 304 965 352 scamnum
1197 285 1264 352 489

102 467 203 514 serum
229 446 433 534 exemplaria,
457 447 532 532 quia
552 447 640 514 loeus
663 466 812 534 praesens
836 445 934 530 exigit
953 451 988 511 ut
1002 445 1190 531 inserantur,
1213 446 1265 514 hie
1306 459 1358 513 722

100 565 163 632 iem
178 565 316 632 inserere
332 564 487 650 cupimus,
510 563 647 650 primurn
663 563 800 648 quidem,
824 583 903 648 quae
919 562 958 628 ad
973 561 1124 629 Karolum
1141 563 1261 648 ducem,
1281 531 1337 578 ΝΜ·
1349 533 1379 578 ⁸⁰

102 679 211 746 deinde
233 699 319 763 vero,
342 701 422 765 quae
438 680 479 746 ad
493 685 632 746 caeteros
648 678 807 767 principes
823 678 960 746 directae
975 683 1058 764 sunt,
1081 685 1234 766 ponentes
1241 691 1261 746 ·.

102 843 218 862 ......
257 795 323 862 Has
352 797 477 881 quidem
508 796 586 862 duas
609 815 706 882 supra
728 796 862 882 scriptas
885 795 1034 881 epistolas
1057 797 1264 864 communiter

101 911 243 979 omnibus
265 912 461 999 principibus
483 913 517 978 in
533 910 702 979 Germania
725 912 918 995 constitutis3
942 912 1019 978 dues
1043 931 1116 979 vero
1132 933 1264 999 sequen·

100 1033 146 1096 tes
173 1029 353 1114 specialiter
375 1029 522 1112 Turingis
545 1028 741 1115 principibus
763 1028 851 1095 misit
872 1029 1051 1115 praedictus
1073 1028 1185 1116 papa'.

188 1144 359 1212 Tantarum
387 1147 495 1231 itaque
521 1143 700 1212 litteramm
728 1145 914 1212 auctoritate
942 1143 1103 1226 suffultus,
1138 1152 1264 1214 sanctus

99 1260 224 1348 praesul
249 1259 429 1329 Bonifaeius
457 1259 666 1348 proficiscitur
694 1262 728 1327 in
750 1259 962 1328 Germaniam.
998 1261 1195 1347 Veniensque
1224 1263 1265 1330 ad
1283 1269 1335 1324 ⁷23

98 1378 274 1465 praefatum
297 1378 472 1466 principem
494 1376 662 1462 Karolum‚
691 1377 800 1444 literas
824 1378 852 1444 ei
874 1376 1008 1444 Romani
1030 1377 1187 1465 pontilicis
1210 1379 1264 1446 de·

99 1493 172 1560 tulit

187 1659 195 1676 .
209 1659 217 1676 .
231 1659 238 1676 .
252 1659 260 1676 .
286 1609 373 1676 Tunc
387 1610 483 1676 etiam
498 1614 688 1694 congregata
702 1629 864 1678 servorum
878 1609 940 1679 Dei
955 1609 1167 1696 multitudine,
1190 1631 1264 1678 oen·

99 1731 253 1794 struclmn
276 1732 325 1794 est
347 1726 572 1792 monasterium
594 1725 628 1792 in
649 1724 735 1808 loco,
759 1727 812 1812 qui
837 1727 951 1794 dieitur
974 1725 1103 1811 Ordori,
1127 1726 1185 1794 sub
1208 1728 1264 1794 ho·

98 1863 174 1910 nore
197 1843 298 1910 sancti
312 1841 496 1909 Michehelis
518 1840 706 1924 archangeli.
741 1841 801 1920 Qui
816 1841 936 1910 seilicet
949 1862 1068 1927 omnes,
1092 1843 1263 1930 apostolico

98 1959 363 2042 mensurantes,
386 1958 494 2025 labore
515 1959 644 2046 proprio
667 1959 785 2024 vietum
807 1959 1018 2044 vestitumque
1041 1960 1263 2045 acquisierunt

186 2074 250 2142 Cur
278 2079 383 2141 eutem
410 2075 444 2141 in
472 2075 590 2142 honore
617 2075 719 2140 sancti
741 2073 903 2141 Michaelis
933 2079 1147 2142 constructum
1169 2077 1265 2145 fuerit

97 2193 181 2260 idem
204 2191 441 2276 monesterium,
463 2191 602 2258 breviter
624 2190 800 2258 dicendum.
835 2187 916 2257 Nam
940 2211 1011 2258 cum
1027 2196 1153 2259 sanetus
1168 2191 1263 2260 Boni-

96 2309 195 2376 facim
218 2307 428 2394 praedicando
451 2312 483 2375 et
505 2306 695 2395 baptizando
718 2307 751 2374 in
768 2306 919 2392 Turingie
935 2303 1102 2376 transiret¹
1118 2314 1150 2376 et
1164 2329 1263 2397 prope

96 2423 228 2507 flumen,
258 2425 308 2492 oui
330 2443 445 2492 nomen
469 2430 517 2492 est
539 2422 660 2507 Oraba,
687 2423 832 2491 teutonis
855 2423 927 2490 fixis
950 2430 1166 2512 pemooturet‚
1189 2430 1265 2494 tuno

96 2561 154 2628 per
181 2547 281 2608 totam
301 2546 426 2606 noctem
448 2540 504 2606 lux
526 2560 652 2624 magna,
676 2540 714 2607 de
737 2539 822 2608 caelo
846 2561 914 2609 sese
937 2542 1138 2640 protendens,
1161 2542 1265 2610 locum

94 2656 151 2724 ubi
172 2657 321 2725 manebat
343 2656 509 2743 episcopus
532 2656 747 2724 circumdedit.
785 2655 821 2724 ln
845 2677 906 2742 qua
929 2657 1024 2724 etiam
1046 2658 1114 2726 luce
1137 2665 1264 2727 sanctus

94 2772 230 2842 Micheel
252 2772 457 2856 archangelus
480 2771 650 2840 adveniens
673 2773 820 2860 episeopo
843 2774 1007 2861 apparuit,
1031 2794 1164 2860 eumque
1187 2775 1264 2842 allo·

95 2910 195 2976 quens
217 2890 250 2956 in
272 2889 409 2956 Domino
432 2888 630 2956 confortarit.
666 2887 759 2956 llane
775 2891 883 2975 itaque
897 2890 990 2974 laeto,
1014 2889 1146 2958 laudans
1163 2897 1195 2958 et
1209 2891 1263 2958 be·

94 3007 243 3074 nedioens
259 3006 372 3090 Deum,
395 3005 513 3072 ibidem
535 3005 705 3072 missarum
726 3004 913 3092 sollempnia
927 3004 1107 3088 celebravit
1141 3008 1264 3076 Deinde

93 3122 128 3188 in
152 3122 261 3190 eodem
284 3121 352 3188 loco
375 3122 545 3209 prandium
567 3121 628 3188 sibi
651 3123 759 3209 parari
781 3121 1068 3209 praecipienssed
1084 3125 1263 3192 aministro

92 3259 152 3306 sno
176 3238 317 3322 audiam,
346 3237 449 3306 cibum
475 3257 535 3324 qno
559 3239 644 3306 vesci
665 3245 773 3325 posset
795 3259 829 3306 se
851 3257 915 3304 non
936 3238 1062 3323 habere,
1084 3240 1263 3327 respondit:

92 3357 227 3437 Nonne,
258 3359 316 3442 qui
341 3357 571 3422 multatude'aem
595 3357 769 3443 populien
791 3359 910 3424 desecto
935 3359 1149 3444 quadruplata
1171 3361 1264 3424 eund

90 3495 213 3538 manae
237 3475 275 3538 de
297 3472 381 3538 eaelo
404 3475 499 3538 misso
517 3475 624 3560 potuit
640 3495 782 3560 poscere,
806 3473 886 3538 miti
906 3475 1039 3560 indeptae
1061 3475 1182 3540 seculo
1206 3497 1262 3542 seo

90 3611 159 3656 aon
179 3589 341 3676 praevalet
362 3591 406 3653 ud
426 3592 521 3654 cuiue
539 3592 606 3654 de‘ee’
617 3589 815 3674 effectionem
830 3613 931 3656 eseam
945 3591 1144 3677 impendere?
1176 3589 1263 3658 Haec

90 3725 167 3772 eum
200 3703 347 3788 dixisset,
375 3725 520 3771 mensam
551 3705 612 3771 sibi
639 3724 798 3792 apponere
824 3707 994 3793 praecepit.
1036 3706 1161 3774 Interea
1187 3727 1263 3774 uero

90 3820 250 3906 quaedam
274 3820 340 3886 avis
364 3819 525 3905 advolans,
547 3821 668 3907 piscem
687 3819 793 3906 talem,
818 3822 872 3907 qui
888 3822 926 3888 ad
942 3822 1027 3890 illius
1043 3823 1106 3890 diei
1121 3823 1263 3890 reiectio·

88 3957 166 4005 nem
191 3935 357 4021 sufficeret,
381 3937 488 4003 attulit
510 3943 542 4004 et
564 3942 637 4004 ente
654 3957 794 4005 mensam
811 3939 953 4024 proiecit
989 3938 1056 4017 Quo
1071 3939 1149 4023 viso,
1173 3959 1262 4006 sano-

88 4059 143 4120 tus
168 4053 295 4141 praesul
314 4053 383 4120 Deo
405 4054 523 4137 gratiam
546 4053 664 4138 retulit,
687 4054 869 4141 piscemque
891 4054 1020 4122 allatum
1045 4055 1106 4122 cito
1129 4075 1262 4142 praepa·

165 4246 186 4279 a.
207 4241 327 4295 sequerentur
342 4234 367 4280 S.
378 4234 492 4290 Bonifatii
505 4248 556 4291 epp.
567 4232 595 4278 21
607 4241 628 4278 et
644 4233 681 4289 18,
696 4248 767 4292 supro
780 4249 805 4291 p.
816 4233 845 4280 el
857 4243 879 4279 et
889 4232 927 4279 77.
1004 4232 1026 4280 b.
1046 4243 1167 4294 sequuntur
1182 4234 1207 4282 S·
1217 4235 1262 4281 Be·

87 4315 172 4370 ιίΙσὶιῗ
185 4329 236 4372 φρ.
247 4312 284 4368 20,
297 4313 334 4368 26,
345 4313 375 4359 22
390 4328 461 4372 seqare
473 4329 499 4372 p.
510 4311 548 4368 80,
559 4313 597 4368 87,
608 4312 646 4359 81.

164 4419 189 4472 1.
215 4416 250 4474 V.
267 4417 426 4472 Passionem
445 4415 473 4472 S.
485 4415 616 4473 Bonifatii
633 4432 717 4488 supra
732 4433 761 4487 p.
772 4417 826 4474 475
844 4420 873 4474 et
889 4417 951 4473 476.
