3176 4846
311 258 378 325 686
514 277 595 324 uuus
616 275 771 324 sauoum
792 275 1053 342 enumeratum
1074 275 1270 326 uosusumu

225 429 294 484 nos
312 417 415 484 uisum
437 419 471 486 in
493 417 613 484 duobm
637 415 817 504 apostolicis
840 437 858 485 e
880 417 1008 502 regione
1025 417 1260 503 dissidentibus,
1281 437 1416 502 quorum
1430 417 1471 484 al·

229 501 287 550 '⁸⁰‘
311 535 372 602 teri
386 533 495 602 Viutor
517 534 608 602 alteri
622 533 803 600 Alexander
823 532 998 600 tradiderat
1014 535 1208 620 pronostioa·
1222 553 1347 618 nomen,
1369 540 1472 620 rapta·

311 650 404 718 batur
429 652 463 717 iu
490 670 631 737 preeeps.
665 649 708 717 Et
730 649 886 718 soismatis
909 669 1020 716 oaueor
1041 651 1076 718 in
1098 655 1223 718 vastum
1245 671 1282 716 eo
1304 670 1405 736 usque
1426 670 1472 716 ee·

309 765 404 834 ulesie
426 786 540 854 eorpus
556 767 738 853 irrepserat,
762 765 845 851 quod
859 766 1031 832 christiane
1043 767 1174 833 unitatis
1190 766 1379 834 soliditatem
1394 787 1473 854 pene

309 903 368 950 sua
381 883 541 950 iniecisset
555 882 687 967 malitia,
703 881 764 950 nisi
780 881 956 968 inspirante
968 882 1035 950 Deo
1051 883 1196 950 eatholiei
1211 884 1369 970 prinsipes
1384 882 1473 950 huie*

309 998 448 1084 generali
475 999 584 1066 morbo
614 999 745 1087 aueipiti
773 997 878 1082 gladio
906 997 1036 1084 spiritus
1063 1020 1121 1086 per
1143 999 1366 1066 abscisionem·
1388 999 1474 1066 lesti-
1577 1055 1578 1068 ,

310 1119 439 1182 nossent
460 1133 632 1182 oeourrere.
700 1115 809 1200 Itaque
829 1113 1038 1182 uenerabilem
1054 1114 1231 1182 rimoldum
1245 1115 1474 1200 Magantiuum,

308 1230 506 1318 transalpina
528 1235 697 1316 petentem,
720 1230 900 1318 imperiales
923 1231 1028 1318 apioes
1051 1231 1283 1318 multorumque
1304 1231 1476 1298 illustrium
1577 1245 1578 1248 ’

309 1347 488 1434 prinoipum
516 1347 551 1412 iu
577 1347 701 1414 itineris
729 1348 799 1434 ipso
829 1347 992 1434 proeiuotu
1018 1353 1229 1432 prevenerunt
1250 1349 1382 1434 epistole
1405 1369 1475 1434 pro-
1577 1347 1578 1442 l

310 1463 404 1547 sarie,
427 1467 606 1549 poseeutes:
630 1469 666 1529 ut
681 1483 739 1549 pro
754 1464 943 1530 necessitate
957 1463 1144 1530 universalis
1159 1464 1288 1530 eoeleste
1303 1464 1350 1531 eis
1365 1465 1475 1549 digua·
1577 1529 1578 1536 ,

308 1583 396 1646 retur
417 1579 452 1644 iu
474 1578 593 1646 ossus
616 1575 801 1665 epiphanie¹
814 1579 1103 1646 reverentissimam
1126 1600 1215 1646 suam
1239 1580 1387 1648 exhibere
1404 1601 1476 1667 per-

308 1713 436 1776 sonam;
463 1693 565 1762 losum
589 1693 702 1782 Papio,
726 1701 758 1762 et
779 1695 877 1762 totius
899 1695 1083 1780 qualitatem
1105 1697 1257 1763 merimue
1279 1697 1476 1764 insinuantes
1577 1705 1578 1780 l

308 1811 441 1896 negotii3
472 1815 758 1898 proponentesque:
788 1811 872 1897 quod
900 1811 968 1878 siue
996 1812 1192 1878 austeritatis
1221 1831 1277 1879 sue
1305 1813 1475 1899 presentia,

308 1927 403 1996 etiam
428 1925 613 1994 simundus
636 1929 817 1996 eouueniret
837 1927 871 1994 iu
894 1946 1002 2012 uuum,
1025 1933 1092 1994 tarn
1114 1928 1245 1995 arduam
1268 1947 1396 1995 eausam
1416 1928 1476 1995 dil-
1577 1977 1578 1986 κ

308 2041 393 2110 finiri
420 2062 484 2109 non
513 2043 691 2130 expediret,
723 2065 759 2112 eo
787 2045 871 2131 quod
899 2045 1039 2111 omnium
1067 2044 1148 2111 oouli
1176 2045 1278 2132 ipsius
1300 2065 1397 2132 super
1418 2045 1477 2112 hoo
1577 2037 1578 2066 ³

306 2159 476 2228 eonsilium
498 2165 702 2246 expeetarent
724 2167 818 2248 atque
841 2161 1038 2229 sententiam.
1577 2247 1578 2258 ἵ

397 2275 434 2342 Iu
457 2276 597 2343 omnium
620 2296 743 2364 quoque
766 2277 970 2364 epistolarum
993 2275 1157 2363 pretextu‘
1180 2277 1280 2363 ipsius
1303 2296 1399 2363 super
1421 2297 1475 2344 ne·

307 2392 404 2477 gotio,
427 2391 515 2460 ouius
538 2393 642 2476 gratia
663 2392 928 2479 profioisuebatur,
950 2393 1124 2480 imperator
1147 2412 1183 2460 se
1205 2393 1364 2480 prinsipes
1385 2411 1475 2460 aeuu-
1577 2381 1578 2470 J

308 2507 466 2574 ratissim
480 2507 702 2594 loquebantur3
726 2509 921 2597 patientiam,
945 2529 1039 2594 quam
1055 2509 1089 2574 iu
1103 2508 1162 2575 has
1177 2527 1272 2576 eausa
1287 2509 1474 2594 exhibuerit,
1577 2577 1578 2598 2

309 2623 478 2692 admodum
506 2624 775 2708 commendantem
804 2632 836 2693 et
863 2644 952 2693 suam
981 2645 1072 2713 opem
1101 2631 1212 2692 eontra
1231 2625 1346 2713 impios
1368 2625 1475 2693 hostes
1577 2603 1578 2622 Χ

309 2739 430 2808 domini
451 2739 512 2808 Dei
534 2745 567 2808 et
588 2760 661 2808 suos
682 2743 895 2810 omnimodam
909 2742 1137 2829 pollicitantem
1159 2743 1473 2829 pronuntiantesque,
1577 2735 1578 2742 '

309 2856 393 2943 quod
420 2856 466 2923 nil
493 2855 580 2924 aliud
605 2855 742 2944 perfidos
772 2865 803 2926 et
829 2857 1062 2926 infidelissimos
1088 2859 1175 2944 ipsos
1197 2859 1258 2924 uisi
1279 2857 1370 2924 labor
1391 2879 1476 2946 pana

308 2977 341 3042 et
362 2993 516 3060 erumpna
538 2979 631 3058 atque
653 2975 795 3042 confusio
818 2980 970 3059 emeret,
993 2974 1141 3060 quoniam
1157 2973 1216 3040 hao
1232 2973 1362 3040 infanda
1375 2982 1474 3042 temo-
1577 3023 1578 3040 r

307 3090 401 3158 ritate
423 3109 488 3156 nou
509 3089 612 3158 solum
626 3089 856 3175 lingentium,
879 3111 990 3159 verum
1013 3091 1108 3158 stiam
1129 3091 1163 3156 in
1184 3091 1255 3176 ipso
1277 3095 1380 3157 toturn
1400 3110 1474 3158 eou-

307 3206 479 3274 misissent
511 3216 564 3274 ao·
592 3206 773 3274 turbassent
804 3207 983 3294 imperium.
1077 3207 1148 3273 Hiis
1177 3225 1251 3290 ergo
1283 3206 1473 3293 litterarum,

307 3323 398 3408 qnasi
425 3322 508 3388 ultro
536 3341 570 3389 se
597 3322 794 3408 ingerentis,
823 3323 954 3390 uiotorie
980 3324 1138 3410 perueptis
1165 3321 1320 3409 tropheis‚
1354 3324 1473 3392 aiebat:

307 3438 466 3504 Destinat
488 3439 578 3505 Deua
605 3438 709 3525 iuquit
736 3444 794 3528 qai
821 3454 864 3506 est
886 3441 1034 3507 ostede
1056 3443 1091 3506 in
1112 3437 1253 3506 testeis
1275 3463 1372 3528 asper
1384 3441 1474 3524 filios

307 3549 494 3636 dominum',
518 3555 624 3622 Meet
645 3570 675 3622 ot
695 3559 852 3622 deesses
873 3579 1001 3622 eausam
1021 3579 1139 3634 meum3
1163 3559 1313 3643 quonium
1327 3559 1430 3643 pratis
1445 3569 1477 3622 et

306 3693 497 3758 superuacua
519 3673 786 3758 exprobraverant
807 3676 947 3739 naissum
968 3667 1098 3754 meom¹‚
1123 3687 1152 3740 et
1173 3674 1313 3740 demoliti
1327 3686 1402 3739 sunt
1415 3675 1475 3740 du-

306 3810 391 3854 mam
412 3787 549 3855 Domini
570 3801 599 3854 et
621 3800 834 3854 testamentum
856 3791 921 3856 aas
941 3789 1131 3876 polluerunt.
1165 3790 1269 3872 Deras,
1297 3793 1356 3877 qui
1377 3793 1475 3856 olisai-

304 3907 412 3992 paoa‘t‘
435 3905 600 3970 ammom
627 3903 788 3989 Aeditofel
816 3906 965 3972 adesses
992 3906 1119 3988 Dauid,
1148 3907 1279 3993 dirupti
1307 3907 1478 3973 masiliam

306 4043 413 4087 soram
436 4023 601 4087 adoneum
622 4043 671 4085 me
694 4033 722 4086 et
743 4021 856 4087 reddat
877 4025 920 4088 eds
942 4023 1112 4089 seeundum
1125 4027 1193 4088 eius
1208 4023 1477 4090 abhominationis

377 4211 397 4246 s.
418 4197 600 4257 prenestini.
677 4197 700 4246 b.
720 4197 774 4245 liius
790 4200 812 4246 1.
889 4213 909 4246 e.
931 4200 1094 4249 abseissiunem
1109 4203 1132 4248 2.
1209 4199 1232 4248 d.
1251 4203 1293 4248 sic.
1368 4215 1389 4248 a.
1410 4205 1433 4249 st
1450 4203 1477 4248 ἱ.

304 4279 470 4337 tinguentes
485 4280 508 4326 1.
584 4290 606 4336 ι.
626 4278 726 4338 dissipat
741 4281 763 4336 1,
779 4281 801 4326 t.

377 4382 401 4435 1.
427 4383 497 4436 1160
514 4381 571 4436 ran.
586 4383 628 4438 13.
718 4383 743 4438 s.
766 4383 906 4453 Pasas.
994 4385 1020 4438 s.
1044 4383 1184 4454 mear.
