3148 4846
637 1107 803 1210 VITAE,
828 1105 867 1192 S.
892 1104 1160 1192 BONIFATH.

313 1461 443 1548 Glorta
468 1503 575 1548 rm
596 1481 760 1568 sarua
783 1495 943 1569 paurum
968 1484 1005 1548 u
1032 1483 1147 1548 aum
1177 1481 1339 1548 mmm
1363 1483 1480 1567 aaut

311 1597 403 1685 lupe
425 1592 575 1685 latapua¹,
598 1599 770 1686 populares
794 1600 859 1665 eiua
882 1611 911 1665 ot
931 1601 1012 1666 sotii
1025 1598 1170 1664 laborum
1183 1597 1297 1664 belim
1312 1596 1479 1684 artopta-

308 1736 423 1801 pooua,
453 1715 589 1782 scobat
616 1715 826 1802 Mopuatiaoa
852 1728 882 1782 ot
903 1715 1151 1800 Wbriburpam'
1176 1714 1216 1780 ob
1244 1717 1317 1802 ipro
1343 1727 1482 1801 maipa

309 1831 465 1918 praefacti
489 1832 645 1918 episcopi,
669 1834 829 1917 nopotium
849 1832 1003 1898 dadammt
1030 1829 1258 1896 willibaldo
1281 1823 1481 1918 prarsbptaro¹

312 1948 458 2013 aooloaiaa
480 1945 517 2014 S.
537 1947 669 2014 Victoria
692 1948 913 2034 Mammium,
943 1960 979 2014 ut
1005 1949 1104 2012 mam
1130 1947 1218 2012 titia
1246 1958 1350 2012 aotam
1375 1945 1481 2012 littair

312 2067 519 2151 oomspaarot.
554 2063 589 2130 Ie
611 2065 720 2149 tptar,
744 2085 867 2128 sturmio
888 2085 963 2128 traua
985 2064 1149 2144 modoetia,
1172 2065 1209 2128 tu
1231 2061 1352 2129 tabella
1374 2065 1482 2129 aeratis

312 2183 529 2248 narrationem
543 2181 687 2267 oapoauit
702 2191 739 2261 at,
764 2201 834 2244 erum
849 2182 991 2266 episcopi
1004 2178 1312 2266 comprobaturum,
1329 2180 1483 2246 membro·

312 2299 363 2363 aia
386 2288 566 2363 ooomm‘a't'.
602 2293 804 2382 Quamquam
825 2307 929 2363 autom
942 2295 1034 2360 uuila
1047 2295 1202 2362 dubitatio
1218 2309 1272 2377 ut,
1297 2299 1380 2383 quim
1394 2299 1484 2364 otiam

387 2453 411 2508 1.
434 2451 469 2508 V.
487 2449 558 2506 infra
574 2467 602 2522 p.
614 2451 680 2506 429:
706 2451 883 2522 „petentibus
906 2450 1047 2521 relegionis
1070 2467 1104 2507 ao
1121 2451 1262 2508 natholiois
1278 2451 1362 2524 viria,
1387 2452 1484 2524 quibus

313 2541 359 2597 vel
382 2540 411 2596 in
428 2539 546 2596 fumiae
563 2539 687 2610 partibus
704 2541 749 2596 val
766 2541 795 2595 in
812 2539 918 2596 Gallim
935 2541 1058 2596 terminis
1077 2540 1120 2596 rel
1136 2543 1165 2597 in
1183 2539 1346 2597 Germaniae
1366 2542 1484 2598 aditsbm

314 2633 363 2686 aut
385 2629 469 2684 ετὶιιιιι
491 2629 520 2684 in
542 2629 694 2684 Brittaniae
716 2628 848 2684 limitibus
870 2629 959 2686 saneti
976 2627 1107 2686 Bonifatii
1128 2631 1257 2702 martyria
1279 2629 1354 2687 fama
1374 2663 1410 2674 -
1427 2649 1485 2704 per·

314 2715 462 2788 strepuit“.
551 2720 577 2772 2.
600 2717 635 2774 V.
655 2715 735 2773 ibid:
756 2716 944 2789 „willibaldus
950 2760 957 2789 ,
980 2719 1045 2774 lieet
1061 2719 1203 2789 indignus,
1227 2719 1256 2774 in
1274 2719 1395 2778 Domino
1413 2737 1486 2793 pres-

313 2805 416 2864 biter“.
506 2807 532 2861 3.
554 2806 590 2862 V.
608 2804 679 2863 infra
698 2806 858 2876 „Passionis
876 2804 904 2861 S.
917 2805 1069 2862 Bonifatii“
1089 2808 1206 2863 exitum:
1227 2808 1431 2882 „Willybnldua
1448 2811 1485 2867 vi·

314 2899 372 2950 tam
390 2895 679 2965 eonversationemque
698 2895 749 2950 viri
762 2895 815 2950 Dei
833 2909 884 2950 neo
901 2910 956 2951 non
974 2900 1002 2950 et
1018 2895 1176 2966 passionem
1193 2899 1357 2969 eonaaripait
1374 2901 1406 2956 in
1418 2901 1485 2968 loeo¹

315 2985 363 3055 qui
380 2984 481 3040 dieitur
498 2984 587 3040 saneti
601 2983 721 3040 Viatoria
739 2983 863 3054 eeclesia,
884 2984 913 3039 in
931 2985 1054 3040 eonolavi
1071 2985 1152 3041 nnius
1170 2984 1296 3058 orbiculi,
1314 2989 1443 3058 primitas
1460 2989 1487 3044 in

315 3073 415 3128 aeratis
437 3071 540 3128 tabulis
564 3071 806 3144 adprobationem
825 3071 917 3128 domni
934 3072 1006 3128 Lulli
1024 3076 1053 3128 et
1069 3073 1247 3144 Begingaudi
1264 3081 1293 3132 et
1309 3081 1375 3147 post
1393 3093 1487 3134 eornm

316 3161 545 3218 examinationem
563 3163 592 3217 in
610 3162 783 3233 pergamenis
801 3161 1004 3218 rescribendum
1012 3159 1035 3217 “.
1049 3190 1083 3202 -
1095 3161 1157 3218 Non
1167 3179 1264 3232 parum
1275 3179 1359 3236 saepe
1372 3167 1487 3237 scripto

316 3265 373 3306 rem
396 3251 471 3306 vitae
487 3248 676 3306 willibaldum
701 3250 860 3321 episcopum
877 3249 1095 3307 Biohstetsnsem
1114 3251 1285 3321 (741-786)
1303 3252 1392 3311 fuisse
1409 3259 1487 3326 puta·

315 3337 392 3396 bant.
419 3339 457 3395 Et
473 3339 554 3410 primi
571 3355 620 3409 per
637 3339 710 3396 huna
727 3354 845 3396 errorem
864 3339 934 3409 lapsi
950 3345 1016 3395 sunt
1033 3340 1143 3396 saeornlo
1160 3339 1202 3395 XI
1218 3339 1361 3413 Othlonus,
1383 3344 1433 3413 qni
1449 3343 1488 3399 in-

317 3425 401 3483 ferius
422 3429 452 3484 in
474 3427 643 3498 praefatione
667 3432 830 3485 retraetatae
848 3427 978 3485 Bonifatii
1000 3429 1075 3505 vitae
1097 3431 1219 3484 veterem
1239 3431 1325 3486 vitam
1351 3431 1488 3501 „annoti

317 3515 467 3574 willibaldi
489 3518 551 3574 stilo
574 3515 697 3573 editam“
720 3517 857 3588 perhibet,
881 3523 910 3572 et
931 3516 1095 3589 Anonymus
1112 3517 1274 3574 Hasoransis
1292 3519 1380 3586 (lion.
1395 3519 1488 3576 Germ

317 3603 367 3662 SS.
379 3606 433 3663 VlI
444 3607 508 3676 255)
525 3605 618 3663 verbis
635 3605 693 3662 his:
718 3605 840 3678 „Sancto
858 3611 949 3662 autem
967 3604 1109 3662 Bonifatio
1126 3621 1177 3676 per
1193 3608 1352 3678 martyrium
1371 3606 1490 3663 feliciter

317 3700 514 3765 consummato,
538 3696 672 3752 oleatus
695 3696 756 3752 Dei
779 3683 960 3751 o'onfessor
977 3693 1150 3751 willibaldus
1167 3694 1253 3750 vitam
1271 3697 1331 3751 eins
1348 3693 1490 3767 finemque

317 3784 399 3856 stylo,
422 3789 454 3840 nt
472 3788 531 3840 erat
547 3785 590 3842 vir
607 3785 726 3855 sapiens,
747 3783 908 3854 perpulchro
926 3781 1101 3854 descripsit“.
1127 3781 1184 3839 Sed
1198 3784 1328 3841 Wieslius
1346 3785 1490 3855 (flagiola

318 3873 394 3944 glum
417 3889 468 3929 seu
490 3873 526 3928 de
544 3874 659 3944 sanetis,
682 3873 841 3942 lloguntiae
860 3873 928 3928 1541
946 3887 973 3942 p.
987 3871 1084 3942 CLV),
1107 3871 1203 3928 eadem
1221 3873 1355 3944 opinionis
1372 3873 1490 3930 levitate

318 3962 433 4033 duobis,
455 3977 518 4018 oum
542 3961 653 4018 brevem
671 3959 802 4018 Bonifatii
821 3960 907 4017 vitam
924 3962 1127 4033 proposuisset,
1149 3961 1288 4018 Passionis
1306 3961 1334 4017 B.
1346 3961 1491 4033 Bonifatii,

319 4065 390 4121 qnae
408 4066 492 4122 supra
508 4051 645 4123 leguntur,
663 4049 750 4106 rerba
767 4049 875 4106 addidit
891 4048 944 4106 hoo
960 4049 1043 4107 modo
1060 4055 1200 4121 corrupta:
1221 4051 1311 4122 „Ego
1322 4050 1489 4107 Wilibaldnn

319 4141 504 4210 episeopus
521 4145 574 4196 ete.
592 4141 679 4196 vitam
697 4144 726 4196 ot
743 4139 898 4210 passionem
911 4136 1046 4194 Bonifatii
1059 4139 1208 4210 oomaripsi
1218 4140 1247 4195 in
1258 4140 1374 4206 maratis
1385 4139 1489 4196 tabulis

320 4229 356 4284 ad
378 4228 565 4298 probationem
583 4229 655 4285 Lulli
675 4234 705 4284 et
721 4227 919 4299 megengaudi3
941 4234 1006 4298 post
1023 4243 1117 4284 eorum
1135 4243 1251 4284 examen
1267 4230 1296 4284 in
1312 4230 1490 4300 pergamenis

319 4315 479 4389 rasaripsi“.
507 4318 682 4388 Tantumque
699 4317 786 4374 valuit
804 4317 1055 4374 adulterinumhoo
1073 4317 1303 4388 additamentum,
1322 4319 1353 4373 ut
1371 4332 1409 4373 ex
1421 4318 1488 4374 Wil-

319 4403 473 4461 libaldanaa
490 4405 620 4462 Bonifatii
642 4407 716 4462 vitae
739 4405 890 4462 editombns
907 4421 962 4462 non
980 4405 1062 4462 modo
1079 4405 1206 4462 Caninius
1223 4409 1253 4462 et
1269 4405 1394 4463 Serarlm
1412 4404 1487 4462 falla·
