3142 4848
341 283 368 331 s.
386 283 560 332 uoumsun
582 285 626 332 nn
648 285 751 332 unum
771 283 959 333 unmnonnn
983 285 1013 332 to
1216 267 1261 336 tt

89 425 196 510 stimi
226 427 342 492 deditii
372 426 422 490 tu
450 427 617 492 animabus
643 427 862 516 offo-iperium·
890 427 1045 514 mpplitii
1070 440 1099 494 at
1123 431 1263 516 requiem
1280 429 1422 490 tlt-⁷18

91 553 275 627 papatiam
293 540 522 628 macutum*
544 555 598 608 eet.

182 653 249 721 Sub
269 655 334 721 illis
358 661 463 724 tutent
485 656 601 742 puteis,
625 655 726 722 udhna
747 657 782 722 in
798 655 1000 724 inferioribus
1015 661 1048 723 et
1061 657 1095 723 in
1109 657 1175 724 imo
1189 677 1263 745 pro-

95 769 200 852 fundo,
223 771 315 855 quusi
335 770 371 836 in
392 771 515 836 interno
536 770 691 856 inferiori,
718 771 840 838 audivit
860 770 1052 838 horrendum
1074 777 1108 839 et
1126 778 1264 840 menten-

95 884 167 952 dum
191 891 224 953 et
246 885 332 953 dictu
355 885 514 952 diffitssem
537 888 688 971 gemitum
712 893 744 954 et
761 885 869 954 fletum
885 886 1060 971 lugentium
1075 887 1262 954 unimumm.

93 1000 134 1068 Et
160 1000 246 1067 dixit
272 1003 303 1068 ei
331 1001 476 1086 ungulus:
511 1003 661 1068 Murmur
689 1016 718 1070 et
735 1006 846 1090 flctue,
877 1025 969 1090 quom
996 1007 1032 1068 itt
1058 1005 1263 1089 inferioribtu

93 1119 198 1199 audet,
226 1118 358 1183 idaeum
380 1132 425 1184 eet
446 1121 635 1200 animarum,
663 1120 707 1184 ad
730 1141 809 1206 quas
831 1141 1004 1206 numquam
1020 1122 1083 1206 pia
1104 1123 1263 1186 miseratio

94 1233 230 1299 Domini
249 1238 426 1320 peruentum
447 1235 503 1300 sed
523 1247 649 1300 aeterua
671 1235 746 1299 illas
760 1236 895 1320 flamma
911 1235 1053 1316 eiuefitte
1067 1236 1229 1302 eructabit.

181 1347 272 1412 Vidit
299 1367 423 1433 quoque
444 1349 524 1416 mire
547 1348 763 1416 amoenitatis⁰
786 1347 907 1432 locum,
938 1348 972 1414 in
1000 1367 1062 1434 quo
1090 1349 1264 1436 pulcherri-

92 1481 216 1528 morum
239 1463 403 1530 hominum
425 1463 563 1547 gloriosa
583 1463 752 1530 multitudo
768 1464 849 1530 miro
864 1462 1041 1530 luetubutur
1055 1465 1186 1548 gaudi03
1210 1465 1264 1551 qui

92 1597 162 1644 omn
186 1578 377 1664 invitabunt,
399 1585 437 1646 ut
458 1579 497 1646 ud
520 1599 630 1646 eornm
652 1579 777 1663 gaudia,
800 1580 828 1644 si
851 1579 881 1644 ei
902 1579 1024 1646 licitum
1046 1580 1167 1664 fuisset,
1192 1601 1264 1648 aum

92 1694 136 1760 sis
171 1694 357 1778 gavisurus,
390 1697 521 1762 veniret
573 1693 618 1760 Iit
646 1695 720 1761 inde
747 1693 847 1760 mirus
874 1693 1048 1761 dulcedinis
1075 1695 1264 1780 fraglantiu‘

92 1809 257 1891 veniebut3
279 1811 369 1895 quiu·
384 1810 547 1878 beatorum
563 1809 657 1876 ulitus
670 1809 732 1875 tuit
746 1808 791 1876 ibi
806 1808 1069 1894 congaudentium
1084 1811 1263 1898 spirituum.

92 1925 194 2004 Quem
221 1925 327 1993 lotum
356 1926 457 1992 suncti
486 1924 590 2010 ungsli
618 1923 829 1992 adfirmabunt
850 1925 1006 1992 fumosum
1033 1943 1103 1994 osse
1124 1925 1185 1994 Dei
1208 1947 1265 2014 pu·

7 2157 8 2170 ¹
179 2157 252 2224 Nea
273 2175 336 2222 non
359 2161 391 2223 et
411 2155 553 2242 ignonm‘
574 2156 760 2244 piceumque
779 2154 906 2240 flumen,
929 2155 1064 2224 bulliens
1085 2161 1118 2224 et
1139 2157 1264 2242 ardens,

88 2275 193 2340 mirus
215 2272 396 2338 iot-midinis
418 2277 450 2338 et
471 2273 652 2339 teterrimus
673 2273 805 2339 visionis
833 2270 1010 2339 oernsbut⁸.
1057 2270 1160 2358 Super
1181 2272 1265 2358 quod

6 2395 7 2436 i
87 2389 226 2474 tignum,
251 2389 358 2475 pontis
380 2389 458 2472 deo,
481 2389 620 2474 positum
643 2393 721 2455 erut
766 2388 818 2454 Ad
841 2387 924 2472 qnod
946 2392 1074 2454 sanetus
1095 2387 1265 2472 gloriosus·

87 2527 151 2591 que
176 2505 315 2588 animae,
340 2504 379 2571 ub
401 2503 456 2570 illo
471 2503 652 2571 secedentes
674 2509 839 2588 annuento,
862 2504 1085 2590 properabunt,
1109 2503 1265 2571 desiderio

87 2622 225 2689 ulterius
254 2619 346 2706 ripue
372 2619 507 2686 mansino
535 2619 707 2706 cupientes.
752 2619 796 2686 Et
824 2619 978 2704 quaedum
1006 2637 1070 2685 non
1092 2619 1265 2688 titubantes

6 2713 7 2716 ‘
87 2743 278 2806 mutunus
301 2734 505 2802 transiebant
541 2734 702 2813 Quanam
724 2753 798 2802 vtro
820 2733 995 2802 laboratae
1017 2734 1056 2800 u
1072 2733 1158 2818 tigne
1173 2735 1265 2802 uda

87 2854 169 2922 bunt
197 2855 232 2919 in
257 2852 444 2918 Tartareum
471 2849 602 2931 flumem
632 2855 665 2917 et
694 2849 775 2916 uliae
797 2848 1020 2934 tingnobmtnr
1048 2869 1145 2938 pene,
1174 2851 1266 2935 quui

87 2975 156 3038 toto
180 2987 318 3056 corpore
340 2985 477 3048 mensum
500 2965 582 3033 alius
604 2971 709 3034 eutem
732 2985 771 3034 ex
795 2971 885 3051 purte
908 2964 1054 3050 quadam,
1077 2965 1175 3032 voluti
1190 2985 1266 3051 qus-

87 3086 184 3154 dum'·
208 3103 312 3170 usquo
328 3083 368 3150 ud
381 3102 494 3167 genua,
518 3081 672 3167 quusdtm
686 3081 842 3166 usquead
857 3081 983 3167 terpus¹
999 3080 1147 3165 medium,
1172 3100 1266 3166 quus·

85 3202 164 3269 dum
189 3221 269 3267 vero
290 3219 391 3284 nsque
413 3198 453 3264 od
476 3196 634 3264 oscellus&
670 3197 713 3264 Et
731 3201 838 3264 tumui
853 3216 918 3262 unu
931 3215 1073 3282 quosque
1088 3197 1266 3264 audentium

85 3317 193 3384 multo
222 3315 341 3382 durior
368 3315 599 3401 speciosiorque
627 3312 667 3380 de
696 3311 824 3378 flumine
851 3313 886 3378 in
914 3309 1046 3378 ultorum
1079 3310 1267 3380 ustendebut

84 3435 214 3521 tipum,
243 3451 341 3517 quum
368 3431 458 3516 prius
486 3429 520 3496 in
548 3429 674 3516 piceum
701 3427 836 3495 bulliens
865 3426 1030 3495 occidisset
1052 3425 1177 3495 flumen.
1223 3425 1267 3496 Et

85 3569 172 3617 unus
199 3569 242 3614 ex
265 3545 366 3614 beatis
390 3544 510 3629 ungulis
532 3545 571 3612 de
593 3543 657 3612 illis
679 3543 863 3610 cudentibus
884 3542 1048 3610 unimubns
1064 3543 1159 3608 dixit:
1183 3541 1266 3610 Hae*

82 3680 161 3733 m
186 3669 333 3743 atrimae,
359 3685 439 3748 quae
459 3675 532 3749 pout
554 3663 671 3726 coitum
691 3661 834 3726 mortalis
856 3653 955 3740 citas,
979 3659 1168 3746 quibusdam
1190 3660 1266 3725 leoi-

83 3785 144 3849 bue
169 3784 265 3848 uitiis
285 3801 350 3844 uon
374 3780 500 3844 otouirto
523 3779 567 3842 ad
586 3798 705 3864 purum
726 3777 862 3858 abolitio,
887 3776 998 3862 atiquo
1012 3778 1074 3862 pio
1094 3777 1267 3842 miserentis

83 3899 155 3966 Dei
179 3897 417 3982 castiyatiorta'
439 3893 636 3979 iudiqobuut,
661 3905 697 3959 ut
717 3891 788 3958 Deo
811 3894 935 3978 deputo.
949 3891 1130 3978 efferaretur.

180 4011 228 4078 Et
251 4011 333 4077 aitru
353 4007 432 4076 illud
454 4007 571 4074 flumen
593 4007 773 4094 speculatur
795 4026 903 4074 muros
924 4005 1080 4090 fulgentes
1100 4005 1268 4072 clarissimi

161 4159 187 4192 n.
209 4143 360 4203 reinerium
375 4145 411 4190 n.
496 4141 517 4188 b.
538 4142 694 4201 preestuturnt
711 4142 766 4188 Mc,
848 4153 868 4186 o.
889 4139 1049 4187 udmosnitmm
1066 4141 1101 4186 n.
1183 4137 1207 4186 d.
1226 4137 1267 4184 de·

84 4227 182 4286 patin
198 4226 258 4272 MV·
327 4237 347 4270 ο.
369 4235 427 4281 queo
442 4221 469 4277 V,
486 4233 544 4281 quus
560 4235 574 4267 ι
589 4223 624 4267 Μ,
688 4219 704 4267 t
724 4220 799 4278 ignem
815 4221 840 4268 C.
903 4231 925 4276 g·
946 4217 1068 4266 aornobtnt
1077 4221 1111 4264 M.
1173 4217 1196 4264 h.
1213 4230 1267 4276 que·

85 4306 139 4354 &n
162 4323 211 4352 οι.
227 4303 287 4352 m'.
368 4301 383 4348 i.
404 4314 487 4361 corpus
503 4303 587 4361 ’ιῆρεί
597 4317 641 4360 pro
657 4313 731 4358 genna
746 4297 815 4345 codd,
834 4299 910 4346 ΜΝ.
991 4298 1013 4344 k.
1034 4296 1119 4344 matut
1135 4301 1174 4352 tt,
1195 4295 1268 4343 uuel-

83 4386 120 4433 b
136 4386 194 4434 cr.
273 4381 290 4428 Ι.
312 4380 374 4430 Huc
389 4381 448 4428 HV.
524 4391 554 4428 m
575 4379 715 4427 comeatibus
732 4382 759 4434 C,
774 4379 912 4438 teusetae·
930 4378 958 4426 7.
