<?xml version="1.0" encoding="UTF-8"?>
<!DOCTYPE html PUBLIC "-//W3C//DTD XHTML 1.0 Transitional//EN"
    "http://www.w3.org/TR/xhtml1/DTD/xhtml1-transitional.dtd">
<html xmlns="http://www.w3.org/1999/xhtml" xml:lang="en" lang="en">
 <head>
  <title>
</title>
<meta http-equiv="Content-Type" content="text/html;charset=utf-8" />
  <meta name='ocr-system' content='tesseract 3.04.00' />
  <meta name='ocr-capabilities' content='ocr_page ocr_carea ocr_par ocr_line ocrx_word'/>
</head>
<body>
  <div class='ocr_page' id='page_1' title='image "./bibliothecareru03jaffgoog_0541.png"; bbox 0 0 3164 4842; ppageno 0'>
   <div class='ocr_carea' id='block_1_1' title="bbox 455 307 1266 374">
    <p class='ocr_par' dir='ltr' id='par_1_1' title="bbox 455 307 1266 374">
     <span class='ocr_line' id='line_1_1' title="bbox 455 307 1266 374; baseline 0.001 -1"><span class='ocrx_word' id='word_1_1' title='bbox 455 325 627 374; x_wconf 80' lang='lat' dir='ltr'><strong>vuncumu</strong></span> <span class='ocrx_word' id='word_1_2' title='bbox 649 325 728 372; x_wconf 81' lang='lat' dir='ltr'><strong>vrrs</strong></span> <span class='ocrx_word' id='word_1_3' title='bbox 750 325 922 374; x_wconf 77' lang='lat' dir='ltr'><strong>ceunomo</strong></span> <span class='ocrx_word' id='word_1_4' title='bbox 1199 307 1266 374; x_wconf 76' lang='lat'><strong>525</strong></span> 
     </span>
    </p>
   </div>
   <div class='ocr_carea' id='block_1_2' title="bbox 37 464 1343 3687">
    <p class='ocr_par' dir='ltr' id='par_1_2' title="bbox 37 464 1269 1250">
     <span class='ocr_line' id='line_1_2' title="bbox 102 464 1264 553; baseline 0 -21"><span class='ocrx_word' id='word_1_5' title='bbox 102 464 180 550; x_wconf 85' lang='lat' dir='ltr'><strong>quid</strong></span> <span class='ocrx_word' id='word_1_6' title='bbox 199 467 366 553; x_wconf 86' lang='lat' dir='ltr'><strong>episeopus</strong></span> <span class='ocrx_word' id='word_1_7' title='bbox 387 471 504 553; x_wconf 82' lang='lat' dir='ltr'><strong>posset,</strong></span> <span class='ocrx_word' id='word_1_8' title='bbox 527 465 583 532; x_wconf 86' lang='lat' dir='ltr'><strong>aed</strong></span> <span class='ocrx_word' id='word_1_9' title='bbox 605 466 680 550; x_wconf 90' lang='lat' dir='ltr'><strong>quid</strong></span> <span class='ocrx_word' id='word_1_10' title='bbox 699 467 880 553; x_wconf 91' lang='lat' dir='ltr'><strong>episcopum</strong></span> <span class='ocrx_word' id='word_1_11' title='bbox 895 467 1030 551; x_wconf 85' lang='lat' dir='ltr'><strong>deceret,</strong></span> <span class='ocrx_word' id='word_1_12' title='bbox 1053 465 1264 532; x_wconf 73' lang='lat' dir='ltr'><strong>considerans.</strong></span> 
     </span>
     <span class='ocr_line' id='line_1_3' title="bbox 102 579 1266 668; baseline 0.002 -22"><span class='ocrx_word' id='word_1_13' title='bbox 102 579 154 646; x_wconf 86' lang='lat' dir='ltr'><strong>Ex</strong></span> <span class='ocrx_word' id='word_1_14' title='bbox 185 582 273 648; x_wconf 91' lang='lat' dir='ltr'><strong>curia</strong></span> <span class='ocrx_word' id='word_1_15' title='bbox 294 587 328 648; x_wconf 91' lang='lat' dir='ltr'><strong>et</strong></span> <span class='ocrx_word' id='word_1_16' title='bbox 349 603 389 650; x_wconf 88' lang='lat' dir='ltr'><strong>ex</strong></span> <span class='ocrx_word' id='word_1_17' title='bbox 411 582 504 650; x_wconf 89' lang='lat' dir='ltr'><strong>domo</strong></span> <span class='ocrx_word' id='word_1_18' title='bbox 527 587 558 648; x_wconf 93' lang='lat' dir='ltr'><strong>et</strong></span> <span class='ocrx_word' id='word_1_19' title='bbox 580 582 620 648; x_wconf 90' lang='lat' dir='ltr'><strong>ed</strong></span> <span class='ocrx_word' id='word_1_20' title='bbox 643 602 677 648; x_wconf 89' lang='lat' dir='ltr'><strong>se</strong></span> <span class='ocrx_word' id='word_1_21' title='bbox 699 583 916 668; x_wconf 69' lang='lat' dir='ltr'><strong>undecumque</strong></span> <span class='ocrx_word' id='word_1_22' title='bbox 938 582 1100 648; x_wconf 87' lang='lat' dir='ltr'><strong>venientes</strong></span> <span class='ocrx_word' id='word_1_23' title='bbox 1123 601 1193 648; x_wconf 91' lang='lat' dir='ltr'><strong>cum</strong></span> <span class='ocrx_word' id='word_1_24' title='bbox 1217 583 1266 648; x_wconf 91' lang='lat' dir='ltr'><strong>in·</strong></span> 
     </span>
     <span class='ocr_line' id='line_1_4' title="bbox 37 695 1266 798; baseline -0.002 -34"><span class='ocrx_word' id='word_1_25' title='bbox 37 789 43 798; x_wconf 93' lang='lat'><strong>.</strong></span> <span class='ocrx_word' id='word_1_26' title='bbox 103 697 190 780; x_wconf 78' lang='lat' dir='ltr'><strong>genti</strong></span> <span class='ocrx_word' id='word_1_27' title='bbox 212 699 385 780; x_wconf 75' lang='lat' dir='ltr'><strong>gratimm</strong></span> <span class='ocrx_word' id='word_1_28' title='bbox 409 697 625 782; x_wconf 74' lang='lat' dir='ltr'><strong>alloquebatur</strong></span> <span class='ocrx_word' id='word_1_29' title='bbox 647 698 821 781; x_wconf 88' lang='lat' dir='ltr'><strong>dulcedine,</strong></span> <span class='ocrx_word' id='word_1_30' title='bbox 843 697 922 764; x_wconf 93' lang='lat' dir='ltr'><strong>illud</strong></span> <span class='ocrx_word' id='word_1_31' title='bbox 944 698 1009 763; x_wconf 90' lang='lat' dir='ltr'><strong>iam</strong></span> <span class='ocrx_word' id='word_1_32' title='bbox 1030 695 1163 782; x_wconf 91' lang='lat' dir='ltr'><strong>implere</strong></span> <span class='ocrx_word' id='word_1_33' title='bbox 1178 695 1266 762; x_wconf 86' lang='lat' dir='ltr'><strong>iesti-</strong></span> 
     </span>
     <span class='ocr_line' id='line_1_5' title="bbox 101 808 1265 901; baseline 0.001 -24"><span class='ocrx_word' id='word_1_34' title='bbox 101 831 173 894; x_wconf 85' lang='lat' dir='ltr'><strong>uus,</strong></span> <span class='ocrx_word' id='word_1_35' title='bbox 196 812 279 896; x_wconf 86' lang='lat' dir='ltr'><strong>quod</strong></span> <span class='ocrx_word' id='word_1_36' title='bbox 301 813 431 880; x_wconf 88' lang='lat' dir='ltr'><strong>dicitur:</strong></span> <span class='ocrx_word' id='word_1_37' title='bbox 456 814 581 896; x_wconf 76' lang='lat' dir='ltr'><strong>Quanto</strong></span> <span class='ocrx_word' id='word_1_38' title='bbox 603 837 736 901; x_wconf 78' lang='lat' dir='ltr'><strong>moqosse</strong></span> <span class='ocrx_word' id='word_1_39' title='bbox 759 838 800 895; x_wconf 85' lang='lat' dir='ltr'><strong>es,</strong></span> <span class='ocrx_word' id='word_1_40' title='bbox 825 816 958 880; x_wconf 81' lang='lat' dir='ltr'><strong>bomilia</strong></span> <span class='ocrx_word' id='word_1_41' title='bbox 980 823 1024 880; x_wconf 79' lang='lat' dir='ltr'><strong>le·</strong></span> <span class='ocrx_word' id='word_1_42' title='bbox 1045 817 1080 879; x_wconf 80' lang='lat' dir='ltr'><strong>s&#39;o</strong></span> <span class='ocrx_word' id='word_1_43' title='bbox 1096 808 1265 878; x_wconf 64' lang='lat' dir='ltr'><strong>omnibu-5¹.</strong></span> 
     </span>
     <span class='ocr_line' id='line_1_6' title="bbox 102 905 1266 1016; baseline -0.001 -22"><span class='ocrx_word' id='word_1_44' title='bbox 102 925 340 996; x_wconf 78' lang='lat' dir='ltr'><strong>sublimationis</strong></span> <span class='ocrx_word' id='word_1_45' title='bbox 361 949 442 996; x_wconf 84' lang='lat' dir='ltr'><strong>nove</strong></span> <span class='ocrx_word' id='word_1_46' title='bbox 464 930 510 996; x_wconf 91' lang='lat' dir='ltr'><strong>sic</strong></span> <span class='ocrx_word' id='word_1_47' title='bbox 532 931 722 1016; x_wconf 85' lang='lat' dir='ltr'><strong>temperavit</strong></span> <span class='ocrx_word' id='word_1_48' title='bbox 742 931 878 1013; x_wconf 86' lang='lat' dir='ltr'><strong>initium,</strong></span> <span class='ocrx_word' id='word_1_49' title='bbox 901 935 938 996; x_wconf 92' lang='lat' dir='ltr'><strong>ut</strong></span> <span class='ocrx_word' id='word_1_50' title='bbox 955 931 1020 996; x_wconf 91' lang='lat' dir='ltr'><strong>iem</strong></span> <span class='ocrx_word' id='word_1_51' title='bbox 1035 905 1102 994; x_wconf 84' lang='lat' dir='ltr'><strong>eius</strong></span> <span class='ocrx_word' id='word_1_52' title='bbox 1117 935 1149 994; x_wconf 90' lang='lat' dir='ltr'><strong>et</strong></span> <span class='ocrx_word' id='word_1_53' title='bbox 1164 947 1266 994; x_wconf 87' lang='lat' dir='ltr'><strong>mores</strong></span> 
     </span>
     <span class='ocr_line' id='line_1_7' title="bbox 100 1042 1269 1130; baseline 0.002 -22"><span class='ocrx_word' id='word_1_54' title='bbox 100 1042 138 1108; x_wconf 88' lang='lat' dir='ltr'><strong>in</strong></span> <span class='ocrx_word' id='word_1_55' title='bbox 159 1043 249 1110; x_wconf 92' lang='lat' dir='ltr'><strong>illum</strong></span> <span class='ocrx_word' id='word_1_56' title='bbox 276 1047 481 1114; x_wconf 87' lang='lat' dir='ltr'><strong>escenderent</strong></span> <span class='ocrx_word' id='word_1_57' title='bbox 507 1045 655 1130; x_wconf 80' lang='lat' dir='ltr'><strong>gradum,</strong></span> <span class='ocrx_word' id='word_1_58' title='bbox 685 1045 724 1112; x_wconf 88' lang='lat' dir='ltr'><strong>de</strong></span> <span class='ocrx_word' id='word_1_59' title='bbox 754 1065 814 1130; x_wconf 94' lang='lat' dir='ltr'><strong>quo</strong></span> <span class='ocrx_word' id='word_1_60' title='bbox 837 1045 914 1112; x_wconf 89' lang='lat' dir='ltr'><strong>dicit</strong></span> <span class='ocrx_word' id='word_1_61' title='bbox 936 1044 1149 1129; x_wconf 81' lang='lat' dir='ltr'><strong>euangelium:</strong></span> <span class='ocrx_word' id='word_1_62' title='bbox 1172 1045 1269 1110; x_wconf 78' lang='lat' dir='ltr'><strong>Booti</strong></span> 
     </span>
     <span class='ocr_line' id='line_1_8' title="bbox 95 1155 1170 1250; baseline -0.001 -24"><span class='ocrx_word' id='word_1_63' title='bbox 95 1183 257 1248; x_wconf 77' lang='lat' dir='ltr'><strong>persperso</strong></span> <span class='ocrx_word' id='word_1_64' title='bbox 279 1167 409 1250; x_wconf 61' lang='lat' dir='ltr'><strong>epicam,</strong></span> <span class='ocrx_word' id='word_1_65' title='bbox 435 1166 585 1250; x_wconf 74' lang='lat' dir='ltr'><strong>quonium</strong></span> <span class='ocrx_word' id='word_1_66' title='bbox 606 1166 748 1248; x_wconf 73' lang='lat' dir='ltr'><strong>ipsoram</strong></span> <span class='ocrx_word' id='word_1_67' title='bbox 770 1161 832 1228; x_wconf 57' lang='lat' dir='ltr'><strong>eall</strong></span> <span class='ocrx_word' id='word_1_68' title='bbox 854 1185 985 1247; x_wconf 75' lang='lat' dir='ltr'><strong>requam</strong></span> <span class='ocrx_word' id='word_1_69' title='bbox 1007 1155 1170 1228; x_wconf 77' lang='lat' dir='ltr'><strong>colorom&#39;.</strong></span> 
     </span>
    </p>

    <p class='ocr_par' dir='ltr' id='par_1_3' title="bbox 100 1274 1343 3222">
     <span class='ocr_line' id='line_1_9' title="bbox 193 1274 1266 1364; baseline -0.004 -20"><span class='ocrx_word' id='word_1_70' title='bbox 193 1275 255 1344; x_wconf 89' lang='lat' dir='ltr'><strong>Sed</strong></span> <span class='ocrx_word' id='word_1_71' title='bbox 276 1277 334 1346; x_wconf 92' lang='lat' dir='ltr'><strong>hec</strong></span> <span class='ocrx_word' id='word_1_72' title='bbox 355 1279 485 1364; x_wconf 90' lang='lat' dir='ltr'><strong>spiritus</strong></span> <span class='ocrx_word' id='word_1_73' title='bbox 507 1283 677 1364; x_wconf 75' lang='lat' dir='ltr'><strong>paupertas</strong></span> <span class='ocrx_word' id='word_1_74' title='bbox 692 1278 758 1344; x_wconf 87' lang='lat' dir='ltr'><strong>sive</strong></span> <span class='ocrx_word' id='word_1_75' title='bbox 773 1276 944 1361; x_wconf 85' lang='lat' dir='ltr'><strong>humilitas,</strong></span> <span class='ocrx_word' id='word_1_76' title='bbox 969 1282 1121 1362; x_wconf 88' lang='lat' dir='ltr'><strong>quantum</strong></span> <span class='ocrx_word' id='word_1_77' title='bbox 1137 1274 1176 1340; x_wconf 92' lang='lat' dir='ltr'><strong>ad</strong></span> <span class='ocrx_word' id='word_1_78' title='bbox 1192 1295 1266 1342; x_wconf 69' lang='lat' dir='ltr'><strong>axa</strong></span> 
     </span>
     <span class='ocr_line' id='line_1_10' title="bbox 100 1390 1267 1480; baseline -0.001 -22"><span class='ocrx_word' id='word_1_79' title='bbox 100 1411 175 1459; x_wconf 91' lang='lat' dir='ltr'><strong>man</strong></span> <span class='ocrx_word' id='word_1_80' title='bbox 197 1398 320 1479; x_wconf 82' lang='lat' dir='ltr'><strong>spectet</strong></span> <span class='ocrx_word' id='word_1_81' title='bbox 341 1394 555 1477; x_wconf 87' lang='lat' dir='ltr'><strong>humanitatis,</strong></span> <span class='ocrx_word' id='word_1_82' title='bbox 579 1413 641 1460; x_wconf 93' lang='lat' dir='ltr'><strong>non</strong></span> <span class='ocrx_word' id='word_1_83' title='bbox 665 1394 756 1480; x_wconf 85' lang='lat' dir='ltr'><strong>parvi</strong></span> <span class='ocrx_word' id='word_1_84' title='bbox 778 1393 869 1460; x_wconf 88' lang='lat' dir='ltr'><strong>beato</strong></span> <span class='ocrx_word' id='word_1_85' title='bbox 893 1395 960 1459; x_wconf 87' lang='lat' dir='ltr'><strong>viro</strong></span> <span class='ocrx_word' id='word_1_86' title='bbox 984 1393 1090 1459; x_wconf 84' lang='lat' dir='ltr'><strong>extitit</strong></span> <span class='ocrx_word' id='word_1_87' title='bbox 1112 1411 1208 1458; x_wconf 89' lang='lat' dir='ltr'><strong>causa</strong></span> <span class='ocrx_word' id='word_1_88' title='bbox 1221 1390 1267 1456; x_wconf 90' lang='lat' dir='ltr'><strong>la·</strong></span> 
     </span>
     <span class='ocr_line' id='line_1_11' title="bbox 102 1507 1266 1595; baseline -0.003 -19"><span class='ocrx_word' id='word_1_89' title='bbox 102 1507 199 1575; x_wconf 87' lang='lat' dir='ltr'><strong>boris.</strong></span> <span class='ocrx_word' id='word_1_90' title='bbox 233 1509 349 1593; x_wconf 73' lang='lat' dir='ltr'><strong>Regia·</strong></span> <span class='ocrx_word' id='word_1_91' title='bbox 370 1510 460 1576; x_wconf 90' lang='lat' dir='ltr'><strong>illum</strong></span> <span class='ocrx_word' id='word_1_92' title='bbox 484 1529 521 1576; x_wconf 90' lang='lat' dir='ltr'><strong>eo</strong></span> <span class='ocrx_word' id='word_1_93' title='bbox 545 1509 680 1595; x_wconf 90' lang='lat' dir='ltr'><strong>amplius</strong></span> <span class='ocrx_word' id='word_1_94' title='bbox 703 1509 853 1576; x_wconf 84' lang='lat' dir='ltr'><strong>mandate</strong></span> <span class='ocrx_word' id='word_1_95' title='bbox 874 1508 1038 1592; x_wconf 79' lang='lat' dir='ltr'><strong>urgebant,</strong></span> <span class='ocrx_word' id='word_1_96' title='bbox 1062 1508 1172 1592; x_wconf 88' lang='lat' dir='ltr'><strong>suique</strong></span> <span class='ocrx_word' id='word_1_97' title='bbox 1195 1525 1266 1572; x_wconf 89' lang='lat' dir='ltr'><strong>cum</strong></span> 
     </span>
     <span class='ocr_line' id='line_1_12' title="bbox 102 1623 1267 1710; baseline -0.002 -20"><span class='ocrx_word' id='word_1_98' title='bbox 102 1629 255 1692; x_wconf 84' lang='lat' dir='ltr'><strong>econtra</strong></span> <span class='ocrx_word' id='word_1_99' title='bbox 282 1627 387 1692; x_wconf 92' lang='lat' dir='ltr'><strong>minus</strong></span> <span class='ocrx_word' id='word_1_100' title='bbox 415 1625 612 1707; x_wconf 85' lang='lat' dir='ltr'><strong>metuebant3</strong></span> <span class='ocrx_word' id='word_1_101' title='bbox 643 1631 689 1708; x_wconf 89' lang='lat' dir='ltr'><strong>et,</strong></span> <span class='ocrx_word' id='word_1_102' title='bbox 720 1643 798 1710; x_wconf 89' lang='lat' dir='ltr'><strong>quos</strong></span> <span class='ocrx_word' id='word_1_103' title='bbox 827 1625 948 1710; x_wconf 92' lang='lat' dir='ltr'><strong>proprii</strong></span> <span class='ocrx_word' id='word_1_104' title='bbox 976 1623 1104 1690; x_wconf 91' lang='lat' dir='ltr'><strong>honoris</strong></span> <span class='ocrx_word' id='word_1_105' title='bbox 1125 1623 1267 1689; x_wconf 86' lang='lat' dir='ltr'><strong>invenire</strong></span> 
     </span>
     <span class='ocr_line' id='line_1_13' title="bbox 101 1738 1268 1826; baseline -0.003 -18"><span class='ocrx_word' id='word_1_106' title='bbox 101 1739 213 1808; x_wconf 85' lang='lat' dir='ltr'><strong>debuit</strong></span> <span class='ocrx_word' id='word_1_107' title='bbox 232 1742 387 1826; x_wconf 76' lang='lat' dir='ltr'><strong>fautores,</strong></span> <span class='ocrx_word' id='word_1_108' title='bbox 412 1761 484 1808; x_wconf 88' lang='lat' dir='ltr'><strong>suos</strong></span> <span class='ocrx_word' id='word_1_109' title='bbox 506 1741 628 1808; x_wconf 80' lang='lat' dir='ltr'><strong>invenit</strong></span> <span class='ocrx_word' id='word_1_110' title='bbox 649 1740 730 1826; x_wconf 89' lang='lat' dir='ltr'><strong>proh</strong></span> <span class='ocrx_word' id='word_1_111' title='bbox 753 1740 840 1807; x_wconf 91' lang='lat' dir='ltr'><strong>dolor</strong></span> <span class='ocrx_word' id='word_1_112' title='bbox 864 1740 1038 1807; x_wconf 88' lang='lat' dir='ltr'><strong>desertores</strong></span> <span class='ocrx_word' id='word_1_113' title='bbox 1061 1738 1268 1825; x_wconf 91' lang='lat' dir='ltr'><strong>propriosque</strong></span> 
     </span>
     <span class='ocr_line' id='line_1_14' title="bbox 102 1853 1267 1943; baseline -0.003 -21"><span class='ocrx_word' id='word_1_114' title='bbox 102 1855 269 1924; x_wconf 86' lang='lat' dir='ltr'><strong>delatores.</strong></span> <span class='ocrx_word' id='word_1_115' title='bbox 304 1857 420 1924; x_wconf 81' lang='lat' dir='ltr'><strong>Milites</strong></span> <span class='ocrx_word' id='word_1_116' title='bbox 442 1877 579 1943; x_wconf 88' lang='lat' dir='ltr'><strong>namque</strong></span> <span class='ocrx_word' id='word_1_117' title='bbox 596 1857 655 1940; x_wconf 87' lang='lat' dir='ltr'><strong>sui,</strong></span> <span class='ocrx_word' id='word_1_118' title='bbox 679 1856 824 1942; x_wconf 87' lang='lat' dir='ltr'><strong>despecto</strong></span> <span class='ocrx_word' id='word_1_119' title='bbox 841 1856 930 1922; x_wconf 84' lang='lat' dir='ltr'><strong>freno</strong></span> <span class='ocrx_word' id='word_1_120' title='bbox 946 1875 1002 1923; x_wconf 89' lang='lat' dir='ltr'><strong>sue</strong></span> <span class='ocrx_word' id='word_1_121' title='bbox 1017 1853 1267 1920; x_wconf 86' lang='lat' dir='ltr'><strong>mensuetudinis</strong></span> 
     </span>
     <span class='ocr_line' id='line_1_15' title="bbox 102 1969 1268 2058; baseline -0.003 -19"><span class='ocrx_word' id='word_1_122' title='bbox 102 1973 144 2040; x_wconf 88' lang='lat' dir='ltr'><strong>ab</strong></span> <span class='ocrx_word' id='word_1_123' title='bbox 167 1993 203 2040; x_wconf 90' lang='lat' dir='ltr'><strong>eo</strong></span> <span class='ocrx_word' id='word_1_124' title='bbox 226 1974 417 2058; x_wconf 88' lang='lat' dir='ltr'><strong>recedentes,</strong></span> <span class='ocrx_word' id='word_1_125' title='bbox 440 1973 598 2058; x_wconf 83' lang='lat' dir='ltr'><strong>regalibus</strong></span> <span class='ocrx_word' id='word_1_126' title='bbox 621 1992 690 2039; x_wconf 89' lang='lat' dir='ltr'><strong>sese</strong></span> <span class='ocrx_word' id='word_1_127' title='bbox 705 1971 911 2040; x_wconf 88' lang='lat' dir='ltr'><strong>subdiderunt</strong></span> <span class='ocrx_word' id='word_1_128' title='bbox 925 1970 1147 2038; x_wconf 89' lang='lat' dir='ltr'><strong>contuberniis.</strong></span> <span class='ocrx_word' id='word_1_129' title='bbox 1181 1969 1268 2035; x_wconf 90' lang='lat' dir='ltr'><strong>Non·</strong></span> 
     </span>
     <span class='ocr_line' id='line_1_16' title="bbox 101 2086 1268 2156; baseline -0.002 -2"><span class='ocrx_word' id='word_1_130' title='bbox 101 2087 182 2154; x_wconf 93' lang='lat' dir='ltr'><strong>nulli</strong></span> <span class='ocrx_word' id='word_1_131' title='bbox 204 2089 300 2156; x_wconf 87' lang='lat' dir='ltr'><strong>etiam</strong></span> <span class='ocrx_word' id='word_1_132' title='bbox 324 2109 363 2156; x_wconf 82' lang='lat' dir='ltr'><strong>ex</strong></span> <span class='ocrx_word' id='word_1_133' title='bbox 385 2089 593 2156; x_wconf 82' lang='lat' dir='ltr'><strong>servientibus</strong></span> <span class='ocrx_word' id='word_1_134' title='bbox 616 2088 834 2155; x_wconf 84' lang='lat' dir='ltr'><strong>ecclesiasticis</strong></span> <span class='ocrx_word' id='word_1_135' title='bbox 858 2087 1026 2154; x_wconf 73' lang='lat' dir='ltr'><strong>cunalibus</strong></span> <span class='ocrx_word' id='word_1_136' title='bbox 1049 2092 1123 2153; x_wconf 88' lang='lat' dir='ltr'><strong>sunt</strong></span> <span class='ocrx_word' id='word_1_137' title='bbox 1148 2086 1268 2152; x_wconf 90' lang='lat' dir='ltr'><strong>menci-</strong></span> 
     </span>
     <span class='ocr_line' id='line_1_17' title="bbox 102 2202 1285 2292; baseline -0.005 -20"><span class='ocrx_word' id='word_1_138' title='bbox 102 2206 170 2292; x_wconf 90' lang='lat' dir='ltr'><strong>peti</strong></span> <span class='ocrx_word' id='word_1_139' title='bbox 194 2205 346 2288; x_wconf 81' lang='lat' dir='ltr'><strong>servitiis3</strong></span> <span class='ocrx_word' id='word_1_140' title='bbox 376 2206 543 2290; x_wconf 81' lang='lat' dir='ltr'><strong>obsequiis,</strong></span> <span class='ocrx_word' id='word_1_141' title='bbox 568 2205 679 2289; x_wconf 87' lang='lat' dir='ltr'><strong>quibus</strong></span> <span class='ocrx_word' id='word_1_142' title='bbox 702 2204 764 2271; x_wconf 89' lang='lat' dir='ltr'><strong>sibi</strong></span> <span class='ocrx_word' id='word_1_143' title='bbox 787 2209 878 2270; x_wconf 87' lang='lat' dir='ltr'><strong>erant</strong></span> <span class='ocrx_word' id='word_1_144' title='bbox 900 2203 1037 2286; x_wconf 86' lang='lat' dir='ltr'><strong>obnoxii,</strong></span> <span class='ocrx_word' id='word_1_145' title='bbox 1062 2202 1145 2288; x_wconf 91' lang='lat' dir='ltr'><strong>apud</strong></span> <span class='ocrx_word' id='word_1_146' title='bbox 1167 2202 1285 2288; x_wconf 80' lang='lat' dir='ltr'><strong>impe-¹</strong></span> 
     </span>
     <span class='ocr_line' id='line_1_18' title="bbox 101 2318 1268 2405; baseline -0.005 -18"><span class='ocrx_word' id='word_1_147' title='bbox 101 2327 240 2388; x_wconf 80' lang='lat' dir='ltr'><strong>retorem</strong></span> <span class='ocrx_word' id='word_1_148' title='bbox 265 2321 412 2389; x_wconf 85' lang='lat' dir='ltr'><strong>volebant</strong></span> <span class='ocrx_word' id='word_1_149' title='bbox 433 2341 501 2388; x_wconf 91' lang='lat' dir='ltr'><strong>esse</strong></span> <span class='ocrx_word' id='word_1_150' title='bbox 524 2321 662 2404; x_wconf 75' lang='lat' dir='ltr'><strong>obliged.</strong></span> <span class='ocrx_word' id='word_1_151' title='bbox 699 2319 769 2386; x_wconf 90' lang='lat' dir='ltr'><strong>Hiis</strong></span> <span class='ocrx_word' id='word_1_152' title='bbox 792 2320 918 2405; x_wconf 92' lang='lat' dir='ltr'><strong>quidem</strong></span> <span class='ocrx_word' id='word_1_153' title='bbox 941 2318 1148 2386; x_wconf 85' lang='lat' dir='ltr'><strong>familiaribus</strong></span> <span class='ocrx_word' id='word_1_154' title='bbox 1163 2318 1268 2383; x_wconf 90' lang='lat' dir='ltr'><strong>inimi-</strong></span> 
     </span>
     <span class='ocr_line' id='line_1_19' title="bbox 102 2433 1268 2524; baseline -0.003 -20"><span class='ocrx_word' id='word_1_155' title='bbox 102 2439 149 2504; x_wconf 90' lang='lat' dir='ltr'><strong>cis</strong></span> <span class='ocrx_word' id='word_1_156' title='bbox 177 2437 388 2504; x_wconf 84' lang='lat' dir='ltr'><strong>deterentibus</strong></span> <span class='ocrx_word' id='word_1_157' title='bbox 417 2457 587 2522; x_wconf 90' lang='lat' dir='ltr'><strong>eorumque</strong></span> <span class='ocrx_word' id='word_1_158' title='bbox 615 2437 738 2524; x_wconf 86' lang='lat' dir='ltr'><strong>perlida</strong></span> <span class='ocrx_word' id='word_1_159' title='bbox 763 2439 933 2520; x_wconf 80' lang='lat' dir='ltr'><strong>instigante</strong></span> <span class='ocrx_word' id='word_1_160' title='bbox 956 2435 1111 2522; x_wconf 89' lang='lat' dir='ltr'><strong>nequitia,</strong></span> <span class='ocrx_word' id='word_1_161' title='bbox 1144 2433 1268 2500; x_wconf 85' lang='lat' dir='ltr'><strong>assidue</strong></span> 
     </span>
     <span class='ocr_line' id='line_1_20' title="bbox 103 2549 1269 2638; baseline -0.005 -17"><span class='ocrx_word' id='word_1_162' title='bbox 103 2554 310 2637; x_wconf 78' lang='lat' dir='ltr'><strong>exigebantur</strong></span> <span class='ocrx_word' id='word_1_163' title='bbox 337 2553 420 2620; x_wconf 88' lang='lat' dir='ltr'><strong>dona</strong></span> <span class='ocrx_word' id='word_1_164' title='bbox 448 2554 487 2621; x_wconf 89' lang='lat' dir='ltr'><strong>ab</strong></span> <span class='ocrx_word' id='word_1_165' title='bbox 515 2573 551 2620; x_wconf 91' lang='lat' dir='ltr'><strong>eo</strong></span> <span class='ocrx_word' id='word_1_166' title='bbox 573 2553 754 2638; x_wconf 78' lang='lat' dir='ltr'><strong>magnilica,</strong></span> <span class='ocrx_word' id='word_1_167' title='bbox 785 2559 817 2620; x_wconf 92' lang='lat' dir='ltr'><strong>et</strong></span> <span class='ocrx_word' id='word_1_168' title='bbox 838 2553 985 2636; x_wconf 75' lang='lat' dir='ltr'><strong>graviora</strong></span> <span class='ocrx_word' id='word_1_169' title='bbox 1006 2571 1130 2637; x_wconf 91' lang='lat' dir='ltr'><strong>semper</strong></span> <span class='ocrx_word' id='word_1_170' title='bbox 1151 2549 1198 2616; x_wconf 92' lang='lat' dir='ltr'><strong>illi</strong></span> <span class='ocrx_word' id='word_1_171' title='bbox 1220 2551 1269 2616; x_wconf 87' lang='lat' dir='ltr'><strong>in-</strong></span> 
     </span>
     <span class='ocr_line' id='line_1_21' title="bbox 102 2661 1343 2754; baseline -0.004 -18"><span class='ocrx_word' id='word_1_172' title='bbox 102 2671 315 2754; x_wconf 77' lang='lat' dir='ltr'><strong>iungebentur</strong></span> <span class='ocrx_word' id='word_1_173' title='bbox 343 2670 480 2736; x_wconf 77' lang='lat' dir='ltr'><strong>servitia.</strong></span> <span class='ocrx_word' id='word_1_174' title='bbox 520 2668 582 2736; x_wconf 89' lang='lat' dir='ltr'><strong>Sed</strong></span> <span class='ocrx_word' id='word_1_175' title='bbox 608 2668 708 2736; x_wconf 64' lang='lat' dir='ltr'><strong>undet</strong></span> <span class='ocrx_word' id='word_1_176' title='bbox 731 2669 972 2753; x_wconf 80' lang='lat' dir='ltr'><strong>malignantium</strong></span> <span class='ocrx_word' id='word_1_177' title='bbox 996 2667 1186 2753; x_wconf 89' lang='lat' dir='ltr'><strong>perversitas</strong></span> <span class='ocrx_word' id='word_1_178' title='bbox 1209 2665 1269 2732; x_wconf 89' lang='lat' dir='ltr'><strong>Dei</strong></span> <span class='ocrx_word' id='word_1_179' title='bbox 1339 2661 1343 2664; x_wconf 76' lang='grc'><strong>’</strong></span> 
     </span>
     <span class='ocr_line' id='line_1_22' title="bbox 104 2781 1269 2874; baseline -0.005 -21"><span class='ocrx_word' id='word_1_180' title='bbox 104 2797 213 2854; x_wconf 84' lang='lat' dir='ltr'><strong>servo·</strong></span> <span class='ocrx_word' id='word_1_181' title='bbox 237 2787 420 2854; x_wconf 86' lang='lat' dir='ltr'><strong>contrahere</strong></span> <span class='ocrx_word' id='word_1_182' title='bbox 443 2787 576 2874; x_wconf 88' lang='lat' dir='ltr'><strong>putabat</strong></span> <span class='ocrx_word' id='word_1_183' title='bbox 597 2807 667 2852; x_wconf 90' lang='lat' dir='ltr'><strong>oum</strong></span> <span class='ocrx_word' id='word_1_184' title='bbox 692 2785 842 2852; x_wconf 88' lang='lat' dir='ltr'><strong>dedecore</strong></span> <span class='ocrx_word' id='word_1_185' title='bbox 858 2783 1090 2866; x_wconf 86' lang='lat' dir='ltr'><strong>contumeliam,</strong></span> <span class='ocrx_word' id='word_1_186' title='bbox 1115 2781 1269 2848; x_wconf 84' lang='lat' dir='ltr'><strong>excellen-</strong></span> 
     </span>
     <span class='ocr_line' id='line_1_23' title="bbox 102 2897 1269 2983; baseline -0.007 -13"><span class='ocrx_word' id='word_1_187' title='bbox 102 2901 184 2970; x_wconf 81' lang='lat' dir='ltr'><strong>tem‘</strong></span> <span class='ocrx_word' id='word_1_188' title='bbox 205 2902 273 2970; x_wconf 90' lang='lat' dir='ltr'><strong>Deo</strong></span> <span class='ocrx_word' id='word_1_189' title='bbox 294 2903 420 2971; x_wconf 84' lang='lat' dir='ltr'><strong>ferente</strong></span> <span class='ocrx_word' id='word_1_190' title='bbox 442 2902 652 2969; x_wconf 84' lang='lat' dir='ltr'><strong>accumulavit</strong></span> <span class='ocrx_word' id='word_1_191' title='bbox 673 2902 702 2968; x_wconf 91' lang='lat' dir='ltr'><strong>ei</strong></span> <span class='ocrx_word' id='word_1_192' title='bbox 724 2901 875 2968; x_wconf 87' lang='lat' dir='ltr'><strong>honorem</strong></span> <span class='ocrx_word' id='word_1_193' title='bbox 898 2905 930 2966; x_wconf 87' lang='lat' dir='ltr'><strong>et</strong></span> <span class='ocrx_word' id='word_1_194' title='bbox 952 2898 1096 2983; x_wconf 78' lang='lat' dir='ltr'><strong>gratiam.</strong></span> <span class='ocrx_word' id='word_1_195' title='bbox 1131 2897 1213 2964; x_wconf 88' lang='lat' dir='ltr'><strong>Nam</strong></span> <span class='ocrx_word' id='word_1_196' title='bbox 1235 2897 1269 2963; x_wconf 89' lang='lat' dir='ltr'><strong>in</strong></span> 
     </span>
     <span class='ocr_line' id='line_1_24' title="bbox 102 3011 1269 3105; baseline -0.007 -19"><span class='ocrx_word' id='word_1_197' title='bbox 102 3037 299 3105; x_wconf 89' lang='lat' dir='ltr'><strong>quocumque</strong></span> <span class='ocrx_word' id='word_1_198' title='bbox 321 3020 446 3103; x_wconf 79' lang='lat' dir='ltr'><strong>negotio</strong></span> <span class='ocrx_word' id='word_1_199' title='bbox 467 3018 552 3086; x_wconf 87' lang='lat' dir='ltr'><strong>Deus</strong></span> <span class='ocrx_word' id='word_1_200' title='bbox 576 3018 622 3084; x_wconf 92' lang='lat' dir='ltr'><strong>illi</strong></span> <span class='ocrx_word' id='word_1_201' title='bbox 645 3022 766 3085; x_wconf 88' lang='lat' dir='ltr'><strong>tantum</strong></span> <span class='ocrx_word' id='word_1_202' title='bbox 791 3017 945 3084; x_wconf 87' lang='lat' dir='ltr'><strong>concessit</strong></span> <span class='ocrx_word' id='word_1_203' title='bbox 967 3019 1164 3102; x_wconf 87' lang='lat' dir='ltr'><strong>proventum,</strong></span> <span class='ocrx_word' id='word_1_204' title='bbox 1186 3011 1269 3078; x_wconf 89' lang='lat' dir='ltr'><strong>unde</strong></span> 
     </span>
     <span class='ocr_line' id='line_1_25' title="bbox 102 3132 1266 3222; baseline -0.004 -22"><span class='ocrx_word' id='word_1_205' title='bbox 102 3135 173 3222; x_wconf 92' lang='lat' dir='ltr'><strong>ipse</strong></span> <span class='ocrx_word' id='word_1_206' title='bbox 194 3140 227 3202; x_wconf 89' lang='lat' dir='ltr'><strong>et</strong></span> <span class='ocrx_word' id='word_1_207' title='bbox 249 3135 338 3202; x_wconf 89' lang='lat' dir='ltr'><strong>sedes</strong></span> <span class='ocrx_word' id='word_1_208' title='bbox 360 3156 418 3202; x_wconf 89' lang='lat' dir='ltr'><strong>sua</strong></span> <span class='ocrx_word' id='word_1_209' title='bbox 440 3134 640 3202; x_wconf 87' lang='lat' dir='ltr'><strong>exaltationis</strong></span> <span class='ocrx_word' id='word_1_210' title='bbox 662 3154 725 3200; x_wconf 87' lang='lat' dir='ltr'><strong>nou</strong></span> <span class='ocrx_word' id='word_1_211' title='bbox 747 3153 860 3220; x_wconf 89' lang='lat' dir='ltr'><strong>perum</strong></span> <span class='ocrx_word' id='word_1_212' title='bbox 883 3132 1008 3200; x_wconf 88' lang='lat' dir='ltr'><strong>tolleret</strong></span> <span class='ocrx_word' id='word_1_213' title='bbox 1028 3132 1266 3198; x_wconf 86' lang='lat' dir='ltr'><strong>incrementum.</strong></span> 
     </span>
    </p>

    <p class='ocr_par' dir='ltr' id='par_1_4' title="bbox 102 3244 1270 3687">
     <span class='ocr_line' id='line_1_26' title="bbox 192 3244 1268 3332; baseline -0.007 -14"><span class='ocrx_word' id='word_1_214' title='bbox 192 3249 249 3318; x_wconf 86' lang='lat' dir='ltr'><strong>Vir</strong></span> <span class='ocrx_word' id='word_1_215' title='bbox 272 3257 398 3318; x_wconf 86' lang='lat' dir='ltr'><strong>sauctus</strong></span> <span class='ocrx_word' id='word_1_216' title='bbox 421 3256 454 3318; x_wconf 90' lang='lat' dir='ltr'><strong>et</strong></span> <span class='ocrx_word' id='word_1_217' title='bbox 475 3250 561 3317; x_wconf 92' lang='lat' dir='ltr'><strong>mitis</strong></span> <span class='ocrx_word' id='word_1_218' title='bbox 583 3271 647 3318; x_wconf 93' lang='lat' dir='ltr'><strong>non</strong></span> <span class='ocrx_word' id='word_1_219' title='bbox 669 3250 786 3318; x_wconf 91' lang='lat' dir='ltr'><strong>restitit</strong></span> <span class='ocrx_word' id='word_1_220' title='bbox 801 3244 912 3332; x_wconf 81' lang='lat' dir='ltr'><strong>melo⁸,</strong></span> <span class='ocrx_word' id='word_1_221' title='bbox 936 3269 1044 3316; x_wconf 84' lang='lat' dir='ltr'><strong>verum</strong></span> <span class='ocrx_word' id='word_1_222' title='bbox 1061 3248 1157 3314; x_wconf 90' lang='lat' dir='ltr'><strong>etiam</strong></span> <span class='ocrx_word' id='word_1_223' title='bbox 1172 3246 1268 3312; x_wconf 81' lang='lat' dir='ltr'><strong>ricit⁸</strong></span> 
     </span>
     <span class='ocr_line' id='line_1_27' title="bbox 102 3363 1270 3451; baseline -0.004 -17"><span class='ocrx_word' id='word_1_224' title='bbox 102 3367 222 3436; x_wconf 87' lang='lat' dir='ltr'><strong>malum</strong></span> <span class='ocrx_word' id='word_1_225' title='bbox 244 3369 278 3434; x_wconf 91' lang='lat' dir='ltr'><strong>in</strong></span> <span class='ocrx_word' id='word_1_226' title='bbox 301 3363 408 3451; x_wconf 87' lang='lat' dir='ltr'><strong>bono⁴,</strong></span> <span class='ocrx_word' id='word_1_227' title='bbox 431 3367 585 3433; x_wconf 90' lang='lat' dir='ltr'><strong>dicentem</strong></span> <span class='ocrx_word' id='word_1_228' title='bbox 608 3366 732 3434; x_wconf 67' lang='lat' dir='ltr'><strong>secuml</strong></span> <span class='ocrx_word' id='word_1_229' title='bbox 755 3365 884 3432; x_wconf 84' lang='lat' dir='ltr'><strong>volvens</strong></span> <span class='ocrx_word' id='word_1_230' title='bbox 909 3365 1150 3448; x_wconf 76' lang='lat' dir='ltr'><strong>euangelistam:</strong></span> <span class='ocrx_word' id='word_1_231' title='bbox 1173 3365 1270 3430; x_wconf 75' lang='lat' dir='ltr'><strong>Beati</strong></span> 
     </span>
     <span class='ocr_line' id='line_1_28' title="bbox 103 3477 1268 3573; baseline -0.007 -21"><span class='ocrx_word' id='word_1_232' title='bbox 103 3489 209 3566; x_wconf 73' lang='lat' dir='ltr'><strong>moso,</strong></span> <span class='ocrx_word' id='word_1_233' title='bbox 245 3489 395 3572; x_wconf 77' lang='lat' dir='ltr'><strong>quonium</strong></span> <span class='ocrx_word' id='word_1_234' title='bbox 427 3489 494 3572; x_wconf 73' lang='lat' dir='ltr'><strong>spei</strong></span> <span class='ocrx_word' id='word_1_235' title='bbox 523 3485 726 3573; x_wconf 75' lang='lat' dir='ltr'><strong>possidebunt</strong></span> <span class='ocrx_word' id='word_1_236' title='bbox 760 3477 906 3548; x_wconf 73' lang='lat' dir='ltr'><strong>terreos‘.</strong></span> <span class='ocrx_word' id='word_1_237' title='bbox 1002 3480 1136 3560; x_wconf 82' lang='lat' dir='ltr'><strong>Quidam</strong></span> <span class='ocrx_word' id='word_1_238' title='bbox 1164 3498 1268 3545; x_wconf 90' lang='lat' dir='ltr'><strong>comes</strong></span> 
     </span>
     <span class='ocr_line' id='line_1_29' title="bbox 103 3593 1269 3687; baseline -0.006 -19"><span class='ocrx_word' id='word_1_239' title='bbox 103 3621 195 3684; x_wconf 90' lang='lat' dir='ltr'><strong>suus,</strong></span> <span class='ocrx_word' id='word_1_240' title='bbox 219 3603 346 3668; x_wconf 88' lang='lat' dir='ltr'><strong>nomine</strong></span> <span class='ocrx_word' id='word_1_241' title='bbox 367 3600 505 3687; x_wconf 88' lang='lat' dir='ltr'><strong>perfidos</strong></span> <span class='ocrx_word' id='word_1_242' title='bbox 527 3599 757 3682; x_wconf 88' lang='lat' dir='ltr'><strong>Erkenbaldos,</strong></span> <span class='ocrx_word' id='word_1_243' title='bbox 782 3597 902 3664; x_wconf 89' lang='lat' dir='ltr'><strong>scilicet</strong></span> <span class='ocrx_word' id='word_1_244' title='bbox 922 3597 1069 3664; x_wconf 87' lang='lat' dir='ltr'><strong>inmerito</strong></span> <span class='ocrx_word' id='word_1_245' title='bbox 1091 3595 1179 3662; x_wconf 87' lang='lat' dir='ltr'><strong>urbis</strong></span> <span class='ocrx_word' id='word_1_246' title='bbox 1202 3593 1269 3661; x_wconf 88' lang='lat' dir='ltr'><strong>ble-</strong></span> 
     </span>
    </p>
   </div>
   <div class='ocr_carea' id='block_1_3' title="bbox 102 3739 1269 4124">
    <p class='ocr_par' dir='ltr' id='par_1_5' title="bbox 102 3739 1269 4124">
     <span class='ocr_line' id='line_1_30' title="bbox 178 3739 1269 3803; baseline -0.008 -12"><span class='ocrx_word' id='word_1_247' title='bbox 178 3759 198 3792; x_wconf 79' lang='grc' dir='ltr'><strong>ι.</strong></span> <span class='ocrx_word' id='word_1_248' title='bbox 218 3747 241 3790; x_wconf 82' lang='lat' dir='ltr'><strong>ta</strong></span> <span class='ocrx_word' id='word_1_249' title='bbox 259 3761 301 3790; x_wconf 76' lang='lat' dir='ltr'><strong>oss.</strong></span> <span class='ocrx_word' id='word_1_250' title='bbox 314 3761 332 3789; x_wconf 84' lang='lat' dir='ltr'><strong>r.</strong></span> <span class='ocrx_word' id='word_1_251' title='bbox 410 3743 433 3790; x_wconf 83' lang='lat' dir='ltr'><strong>b.</strong></span> <span class='ocrx_word' id='word_1_252' title='bbox 454 3745 477 3790; x_wconf 77' lang='lat' dir='ltr'><strong>at</strong></span> <span class='ocrx_word' id='word_1_253' title='bbox 492 3761 512 3789; x_wconf 84' lang='lat' dir='ltr'><strong>s.</strong></span> <span class='ocrx_word' id='word_1_254' title='bbox 589 3755 609 3789; x_wconf 84' lang='lat' dir='ltr'><strong>o.</strong></span> <span class='ocrx_word' id='word_1_255' title='bbox 626 3745 730 3803; x_wconf 76' lang='lat' dir='ltr'><strong>sequier</strong></span> <span class='ocrx_word' id='word_1_256' title='bbox 745 3753 798 3798; x_wconf 76' lang='lat' dir='ltr'><strong>ergo</strong></span> <span class='ocrx_word' id='word_1_257' title='bbox 819 3743 841 3786; x_wconf 82' lang='lat' dir='ltr'><strong>s&#39;o</strong></span> <span class='ocrx_word' id='word_1_258' title='bbox 856 3740 922 3794; x_wconf 64' lang='lat' dir='ltr'><strong>sod„</strong></span> <span class='ocrx_word' id='word_1_259' title='bbox 944 3739 985 3786; x_wconf 77' lang='lat' dir='ltr'><strong>sed</strong></span> <span class='ocrx_word' id='word_1_260' title='bbox 1001 3739 1087 3786; x_wconf 71' lang='lat' dir='ltr'><strong>uidetur</strong></span> <span class='ocrx_word' id='word_1_261' title='bbox 1103 3739 1198 3785; x_wconf 66' lang='lat' dir='ltr'><strong>&amp;huam</strong></span> <span class='ocrx_word' id='word_1_262' title='bbox 1214 3755 1269 3785; x_wconf 77' lang='lat' dir='ltr'><strong>esse.</strong></span> 
     </span>
     <span class='ocr_line' id='line_1_31' title="bbox 104 3815 1269 3883; baseline -0.006 -12"><span class='ocrx_word' id='word_1_263' title='bbox 104 3825 128 3871; x_wconf 89' lang='lat' dir='ltr'><strong>d.</strong></span> <span class='ocrx_word' id='word_1_264' title='bbox 147 3824 207 3872; x_wconf 83' lang='lat' dir='ltr'><strong>uude</strong></span> <span class='ocrx_word' id='word_1_265' title='bbox 223 3827 315 3883; x_wconf 77' lang='lat' dir='ltr'><strong>scripsit</strong></span> <span class='ocrx_word' id='word_1_266' title='bbox 326 3823 479 3870; x_wconf 64' lang='lat' dir='ltr'><strong>masmine</strong></span> <span class='ocrx_word' id='word_1_267' title='bbox 493 3840 536 3882; x_wconf 78' lang='lat' dir='ltr'><strong>pro</strong></span> <span class='ocrx_word' id='word_1_268' title='bbox 551 3822 605 3870; x_wconf 87' lang='lat' dir='ltr'><strong>iuda</strong></span> <span class='ocrx_word' id='word_1_269' title='bbox 622 3823 674 3870; x_wconf 82' lang='lat' dir='ltr'><strong>sod.</strong></span> <span class='ocrx_word' id='word_1_270' title='bbox 752 3836 772 3868; x_wconf 91' lang='lat' dir='ltr'><strong>e.</strong></span> <span class='ocrx_word' id='word_1_271' title='bbox 793 3820 886 3866; x_wconf 87' lang='lat' dir='ltr'><strong>servitio</strong></span> <span class='ocrx_word' id='word_1_272' title='bbox 903 3837 922 3865; x_wconf 85' lang='lat' dir='ltr'><strong>s.</strong></span> <span class='ocrx_word' id='word_1_273' title='bbox 1000 3819 1016 3866; x_wconf 80' lang='lat' dir='ltr'><strong>i.</strong></span> <span class='ocrx_word' id='word_1_274' title='bbox 1037 3819 1196 3866; x_wconf 80' lang='lat' dir='ltr'><strong>excedentes.</strong></span> <span class='ocrx_word' id='word_1_275' title='bbox 1221 3815 1269 3876; x_wconf 71' lang='lat' dir='ltr'><strong>(Cf.</strong></span> 
     </span>
     <span class='ocr_line' id='line_1_32' title="bbox 103 3899 1269 3964; baseline -0.009 -12"><span class='ocrx_word' id='word_1_276' title='bbox 103 3905 229 3952; x_wconf 65' lang='lat' dir='ltr'><strong>acarini.</strong></span> <span class='ocrx_word' id='word_1_277' title='bbox 242 3905 264 3960; x_wconf 81' lang='grc'><strong>3,</strong></span> <span class='ocrx_word' id='word_1_278' title='bbox 277 3905 317 3950; x_wconf 82' lang='lat'><strong>10:</strong></span> <span class='ocrx_word' id='word_1_279' title='bbox 341 3907 447 3964; x_wconf 87' lang='lat' dir='ltr'><strong>,propter</strong></span> <span class='ocrx_word' id='word_1_280' title='bbox 468 3902 613 3950; x_wconf 83' lang='lat' dir='ltr'><strong>excellentem</strong></span> <span class='ocrx_word' id='word_1_281' title='bbox 633 3899 760 3961; x_wconf 62' lang='lat' dir='ltr'><strong>gloriam).</strong></span> <span class='ocrx_word' id='word_1_282' title='bbox 838 3913 859 3957; x_wconf 75' lang='lat' dir='ltr'><strong>q.</strong></span> <span class='ocrx_word' id='word_1_283' title='bbox 880 3900 935 3945; x_wconf 83' lang='lat' dir='ltr'><strong>vicit</strong></span> <span class='ocrx_word' id='word_1_284' title='bbox 955 3901 1045 3958; x_wconf 76' lang='lat' dir='ltr'><strong>scripsit</strong></span> <span class='ocrx_word' id='word_1_285' title='bbox 1062 3899 1212 3944; x_wconf 79' lang='lat' dir='ltr'><strong>Wossmtacl·</strong></span> <span class='ocrx_word' id='word_1_286' title='bbox 1226 3914 1269 3956; x_wconf 81' lang='lat' dir='ltr'><strong>pro</strong></span> 
     </span>
     <span class='ocr_line' id='line_1_33' title="bbox 102 3975 1269 4043; baseline -0.008 -12"><span class='ocrx_word' id='word_1_287' title='bbox 102 3983 175 4031; x_wconf 80' lang='lat' dir='ltr'><strong>vineit</strong></span> <span class='ocrx_word' id='word_1_288' title='bbox 190 4003 209 4031; x_wconf 85' lang='lat' dir='ltr'><strong>c.</strong></span> <span class='ocrx_word' id='word_1_289' title='bbox 286 3981 310 4030; x_wconf 85' lang='lat' dir='ltr'><strong>lr.</strong></span> <span class='ocrx_word' id='word_1_290' title='bbox 330 3983 442 4030; x_wconf 67' lang='lat' dir='ltr'><strong>manen</strong></span> <span class='ocrx_word' id='word_1_291' title='bbox 463 3997 539 4030; x_wconf 87' lang='lat' dir='ltr'><strong>secum</strong></span> <span class='ocrx_word' id='word_1_292' title='bbox 559 3985 641 4043; x_wconf 77' lang='lat' dir='ltr'><strong>scripsi</strong></span> <span class='ocrx_word' id='word_1_293' title='bbox 657 3999 699 4042; x_wconf 81' lang='lat' dir='ltr'><strong>pro</strong></span> <span class='ocrx_word' id='word_1_294' title='bbox 721 3981 811 4028; x_wconf 88' lang='lat' dir='ltr'><strong>dicento</strong></span> <span class='ocrx_word' id='word_1_295' title='bbox 827 3993 852 4026; x_wconf 90' lang='lat' dir='ltr'><strong>so</strong></span> <span class='ocrx_word' id='word_1_296' title='bbox 868 3981 920 4027; x_wconf 85' lang='lat' dir='ltr'><strong>cod.</strong></span> <span class='ocrx_word' id='word_1_297' title='bbox 946 3983 982 4036; x_wconf 70' lang='lat' dir='ltr'><strong>Cf.</strong></span> <span class='ocrx_word' id='word_1_298' title='bbox 999 3979 1179 4035; x_wconf 62' lang='lat' dir='ltr'><strong>conanimi:</strong></span> <span class='ocrx_word' id='word_1_299' title='bbox 1199 3975 1269 4023; x_wconf 87' lang='lat' dir='ltr'><strong>Dum·</strong></span> 
     </span>
     <span class='ocr_line' id='line_1_34' title="bbox 103 4063 557 4124; baseline 0 -14"><span class='ocrx_word' id='word_1_300' title='bbox 103 4077 148 4124; x_wconf 87' lang='lat' dir='ltr'><strong>qua</strong></span> <span class='ocrx_word' id='word_1_301' title='bbox 163 4063 220 4110; x_wconf 86' lang='lat' dir='ltr'><strong>baec</strong></span> <span class='ocrx_word' id='word_1_302' title='bbox 235 4063 319 4110; x_wconf 74' lang='lat' dir='ltr'><strong>tacitm</strong></span> <span class='ocrx_word' id='word_1_303' title='bbox 334 4077 422 4111; x_wconf 88' lang='lat' dir='ltr'><strong>mecum</strong></span> <span class='ocrx_word' id='word_1_304' title='bbox 437 4063 557 4110; x_wconf 79' lang='lat' dir='ltr'><strong>volverem.</strong></span> 
     </span>
    </p>
   </div>
   <div class='ocr_carea' id='block_1_4' title="bbox 102 4153 1269 4496">
    <p class='ocr_par' dir='ltr' id='par_1_6' title="bbox 102 4153 1269 4496">
     <span class='ocr_line' id='line_1_35' title="bbox 177 4153 1269 4229; baseline -0.009 -14"><span class='ocrx_word' id='word_1_305' title='bbox 177 4162 201 4215; x_wconf 92' lang='lat' dir='ltr'><strong>l.</strong></span> <span class='ocrx_word' id='word_1_306' title='bbox 225 4159 309 4215; x_wconf 80' lang='lat' dir='ltr'><strong>Eccli.</strong></span> <span class='ocrx_word' id='word_1_307' title='bbox 322 4161 347 4229; x_wconf 85' lang='lat'><strong>3,</strong></span> <span class='ocrx_word' id='word_1_308' title='bbox 360 4160 403 4214; x_wconf 71' lang='lat'><strong>20.</strong></span> <span class='ocrx_word' id='word_1_309' title='bbox 488 4161 513 4213; x_wconf 81' lang='lat'><strong>2.</strong></span> <span class='ocrx_word' id='word_1_310' title='bbox 538 4157 633 4213; x_wconf 85' lang='lat' dir='ltr'><strong>llattb</strong></span> <span class='ocrx_word' id='word_1_311' title='bbox 646 4159 672 4227; x_wconf 87' lang='lat' dir='ltr'><strong>b,</strong></span> <span class='ocrx_word' id='word_1_312' title='bbox 685 4159 711 4212; x_wconf 83' lang='lat'><strong>3.</strong></span> <span class='ocrx_word' id='word_1_313' title='bbox 801 4157 827 4211; x_wconf 84' lang='lat'><strong>3.</strong></span> <span class='ocrx_word' id='word_1_314' title='bbox 849 4153 1046 4224; x_wconf 59' lang='lat' dir='ltr'><strong>Mortuum:</strong></span> <span class='ocrx_word' id='word_1_315' title='bbox 1072 4153 1153 4222; x_wconf 80' lang='lat' dir='ltr'><strong>,Ego</strong></span> <span class='ocrx_word' id='word_1_316' title='bbox 1177 4156 1269 4207; x_wconf 85' lang='lat' dir='ltr'><strong>autem</strong></span> 
     </span>
     <span class='ocr_line' id='line_1_36' title="bbox 102 4241 1268 4320; baseline -0.009 -15"><span class='ocrx_word' id='word_1_317' title='bbox 102 4249 166 4306; x_wconf 87' lang='lat' dir='ltr'><strong>dico</strong></span> <span class='ocrx_word' id='word_1_318' title='bbox 187 4249 280 4320; x_wconf 85' lang='lat' dir='ltr'><strong>vobis,</strong></span> <span class='ocrx_word' id='word_1_319' title='bbox 304 4263 357 4304; x_wconf 93' lang='lat' dir='ltr'><strong>non</strong></span> <span class='ocrx_word' id='word_1_320' title='bbox 382 4247 509 4304; x_wconf 84' lang='lat' dir='ltr'><strong>resistcre</strong></span> <span class='ocrx_word' id='word_1_321' title='bbox 532 4248 618 4318; x_wconf 82' lang='lat' dir='ltr'><strong>melo;</strong></span> <span class='ocrx_word' id='word_1_322' title='bbox 643 4245 691 4302; x_wconf 91' lang='lat' dir='ltr'><strong>sed</strong></span> <span class='ocrx_word' id='word_1_323' title='bbox 715 4246 822 4315; x_wconf 90' lang='lat' dir='ltr'><strong>siquis</strong></span> <span class='ocrx_word' id='word_1_324' title='bbox 845 4249 873 4299; x_wconf 91' lang='lat' dir='ltr'><strong>te</strong></span> <span class='ocrx_word' id='word_1_325' title='bbox 896 4242 1061 4314; x_wconf 87' lang='lat' dir='ltr'><strong>percusserit</strong></span> <span class='ocrx_word' id='word_1_326' title='bbox 1083 4243 1110 4297; x_wconf 92' lang='lat' dir='ltr'><strong>in</strong></span> <span class='ocrx_word' id='word_1_327' title='bbox 1129 4241 1268 4296; x_wconf 80' lang='lat' dir='ltr'><strong>dexteram</strong></span> 
     </span>
     <span class='ocr_line' id='line_1_37' title="bbox 103 4329 1269 4406; baseline -0.007 -12"><span class='ocrx_word' id='word_1_328' title='bbox 103 4337 262 4394; x_wconf 83' lang='lat' dir='ltr'><strong>maxillam“</strong></span> <span class='ocrx_word' id='word_1_329' title='bbox 282 4343 335 4394; x_wconf 89' lang='lat' dir='ltr'><strong>cet.</strong></span> <span class='ocrx_word' id='word_1_330' title='bbox 423 4339 449 4394; x_wconf 80' lang='lat'><strong>4.</strong></span> <span class='ocrx_word' id='word_1_331' title='bbox 473 4337 550 4392; x_wconf 85' lang='lat' dir='ltr'><strong>Rom.</strong></span> <span class='ocrx_word' id='word_1_332' title='bbox 565 4337 607 4406; x_wconf 79' lang='lat'><strong>12,</strong></span> <span class='ocrx_word' id='word_1_333' title='bbox 620 4337 669 4391; x_wconf 75' lang='lat'><strong>21:</strong></span> <span class='ocrx_word' id='word_1_334' title='bbox 690 4335 771 4406; x_wconf 80' lang='lat' dir='ltr'><strong>,Noli</strong></span> <span class='ocrx_word' id='word_1_335' title='bbox 789 4334 862 4391; x_wconf 84' lang='lat' dir='ltr'><strong>vinci</strong></span> <span class='ocrx_word' id='word_1_336' title='bbox 874 4351 891 4388; x_wconf 90' lang='lat' dir='ltr'><strong>e</strong></span> <span class='ocrx_word' id='word_1_337' title='bbox 902 4333 982 4403; x_wconf 84' lang='lat' dir='ltr'><strong>malo,</strong></span> <span class='ocrx_word' id='word_1_338' title='bbox 1001 4331 1051 4386; x_wconf 87' lang='lat' dir='ltr'><strong>sed</strong></span> <span class='ocrx_word' id='word_1_339' title='bbox 1062 4331 1141 4386; x_wconf 82' lang='lat' dir='ltr'><strong>vince</strong></span> <span class='ocrx_word' id='word_1_340' title='bbox 1156 4331 1184 4386; x_wconf 88' lang='lat' dir='ltr'><strong>iu</strong></span> <span class='ocrx_word' id='word_1_341' title='bbox 1197 4329 1269 4386; x_wconf 91' lang='lat' dir='ltr'><strong>bono</strong></span> 
     </span>
     <span class='ocr_line' id='line_1_38' title="bbox 103 4425 547 4496; baseline -0.009 -12"><span class='ocrx_word' id='word_1_342' title='bbox 103 4427 237 4484; x_wconf 80' lang='lat' dir='ltr'><strong>malum“.</strong></span> <span class='ocrx_word' id='word_1_343' title='bbox 325 4428 351 4483; x_wconf 82' lang='lat'><strong>5.</strong></span> <span class='ocrx_word' id='word_1_344' title='bbox 376 4425 547 4496; x_wconf 65' lang='lat' dir='ltr'><strong>neonus.</strong></span> 
     </span>
    </p>
   </div>
   <div class='ocr_carea' id='block_1_5' title="bbox 0 0 1588 4842">
    <p class='ocr_par' dir='ltr' id='par_1_7' title="bbox 0 0 1588 4842">
     <span class='ocr_line' id='line_1_39' title="bbox 0 0 1588 4842; baseline 0 0"><span class='ocrx_word' id='word_1_345' title='bbox 0 0 1588 4842; x_wconf 95' lang='lat' dir='ltr'><strong> </strong></span> 
     </span>
    </p>
   </div>
  </div>
 </body>
</html>
