3090 4848
298 267 341 332 74
517 284 735 332 anonumum
757 286 801 332 nu
823 285 926 334 nunni
948 285 1135 336 emenonis
1163 286 1199 334 ra.
1217 287 1246 334 re

137 431 279 486 719-722
385 425 428 492 Et
455 446 496 492 ne
525 427 614 511 quasi
645 426 684 492 de
711 426 852 510 legitimo
880 445 1006 512 semper
1029 447 1048 494 a
1069 429 1243 515 principio·
1266 449 1361 517 super
1382 431 1467 517 ipsas

295 546 406 625 gentes
421 540 551 608 deorum
565 542 717 610 iaetitent
725 543 858 629 imperio
866 540 889 627 ⁵,
907 541 1117 611 intimandum
1134 545 1195 612 eis:
1219 551 1365 612 eunetum
1379 545 1467 632 prius

296 657 449 723 mundum
478 657 652 726 idolorum⁰
674 658 816 726 deditum
840 657 1010 743 enimait
1039 659 1139 727 donee
1159 660 1278 729 Christi
1299 663 1404 746 gratia
1424 695 1466 706 —

296 772 364 839 veri
385 774 611 860 omnipotentis
634 774 805 842 conditoris
828 775 959 844 reatoris
982 776 1138 862 uniusque
1152 775 1229 844 Dei·
1251 777 1366 844 notitia
1385 775 1467 842 inlu-

295 888 435 956 minatus
462 925 504 936 -
532 887 723 956 vivifioatus‘
751 889 1031 976 reoonoiliatueque
1058 891 1127 960 Deo
1155 897 1213 959 est
1258 891 1356 975 Nam,
1384 891 1468 977 quod

296 1010 374 1092 aput
396 1005 584 1072 christianos
607 1003 746 1074 fidelium
769 1006 884 1076 ootidie
906 1007 1110 1096 baptizantur
1130 1006 1199 1093 tilii,
1223 1008 1299 1094 qnid
1320 1007 1468 1076 abodla-

296 1120 393 1205 eiunt,
416 1122 479 1188 nisi
502 1142 522 1188 a
544 1122 655 1190 eorde⁸
677 1127 710 1189 et
731 1128 822 1190 reatu
844 1124 1041 1208 gentilitatis,
1064 1144 1126 1209 quo
1148 1129 1233 1192 totus
1256 1123 1333 1192 olim
1352 1124 1468 1192 oonsfi-

296 1241 383 1304 iutns
405 1237 541 1304 mundas
565 1243 623 1322 eet,
646 1257 705 1324 por
727 1239 866 1323 singulos
889 1259 943 1308 eos
966 1239 1123 1328 purganti

385 1351 472 1420 Haeo
498 1353 638 1420 oaritatis
661 1351 789 1440 intuitu,
812 1355 910 1424 trater
933 1357 994 1440 mi,
1024 1355 1163 1423 breviter
1184 1362 1257 1422 tuae
1278 1373 1468 1422 oommemo-

295 1487 367 1535 rare
393 1467 488 1535 libuit
515 1469 690 1553 dilectioni,
720 1475 753 1537 et
780 1471 853 1558 quil
881 1471 1036 1558 eorporali
1064 1477 1289 1559 praegravatus
1316 1470 1469 1554 languore

296 1583 404 1651 laboro
427 1585 488 1668 ita,
512 1590 548 1652 ut
570 1605 706 1669 eongnue
728 1585 808 1652 illud
830 1585 1005 1672 psalmista*
1029 1587 1133 1654 dioere
1155 1588 1288 1674 possim:
1318 1586 1467 1674 Copaovi,

295 1701 450 1782 Domine,
482 1705 559 1787 quie
587 1705 705 1768 iustam
732 1705 886 1770 iudicium
913 1717 1016 1786 mam,
1047 1717 1077 1774 et
1101 1727 1172 1772 aere
1198 1702 1266 1770 mek
1294 1704 1442 1789 afflabiati
1449 1697 1466 1769 ¹.

295 1815 386 1884 Unde
409 1817 568 1885 obnixius*
591 1821 681 1884 tuam
702 1822 777 1905 peto
800 1818 1025 1904 reverentim
1048 1824 1203 1904 quatenus
1226 1839 1298 1886 eum
1320 1819 1385 1903 bis,
1413 1819 1470 1904 qui

296 1938 399 2002 teoum
423 1932 548 2000 Christo
571 1933 605 2000 in
627 1933 743 2020 spiritu
765 1935 923 2018 serviunt,
953 1954 1011 2021 pro
1034 1955 1086 2002 me
1108 1935 1373 2022 supplicationum
1394 1935 1468 2002 fuu-

295 2050 369 2117 dere
392 2069 502 2137 praees
526 2049 681 2134 digneris:
705 2055 741 2117 ut
762 2049 933 2134 Dominus,
957 2051 1012 2136 qui
1033 2071 1085 2118 me
1107 2051 1206 2118 vino¹'²
1228 2050 1469 2138 oonpunotionis

294 2162 445 2253 potavit²,
475 2166 539 2232 aito
562 2176 638 2233 sua¹²
662 2166 758 2234 etiam
781 2165 932 2253 anticipet
953 2163 1203 2250 misericordia³3
1233 2174 1284 2252 ut,
1309 2168 1363 2253 qui
1384 2168 1470 2236 iuste

294 2281 456 2368 corripuit,
481 2279 652 2350 elementer
674 2284 817 2366 ignoscat
839 2282 1088 2369 protetieumque
1111 2283 1190 2351 illud
1213 2304 1271 2350 sua
1289 2283 1386 2352 faeiat
1399 2285 1470 2371 pio·

293 2402 359 2464 tate
386 2417 438 2465 me
460 2417 585 2484 quoque
606 2396 870 2481 gratulabundum
893 2419 987 2486 posse
1010 2405 1152 2468 eantare:
1183 2401 1364 2468 Secundam
1383 2403 1469 2467 mal-

294 2516 459 2581 titacliaem
487 2513 632 2580 dolorum
659 2536 799 2580 meomaa
825 2519 860 2582 ia
892 2518 985 2582 eorde
1013 2539 1080 2582 meo
1111 2518 1354 2584 eomobationee⁰
1381 2531 1468 2600 tuae,

296 2630 449 2711 Domine,
482 2629 726 2714 &edificaverunt
752 2634 893 2698 unimam
919 2629 1047 2698 meam⁴.
1087 2630 1186 2717 Opl0,
1215 2636 1252 2698 ut
1278 2632 1313 2698 in
1340 2631 1470 2701 Christo

295 2745 374 2812 bene
397 2744 502 2812 valeas
526 2750 558 2814 et
579 2747 642 2813 mei
665 2745 857 2832 meminoris,
881 2746 1085 2814 oonsaeerdos
1108 2747 1279 2816 oarmsime.

300 2956 359 3029 16.
382 2960 501 3046 nappe
522 2960 691 3044 Bonifatio
720 2962 759 3026 de
781 2961 861 3026 bono
883 2983 989 3026 rerum
1011 2984 1154 3028 aueeeoou
1174 2963 1363 3048 proteletur.
1399 2963 1470 3028 Po·

383 3075 516 3142 etalutaa
550 3088 726 3162 martyram
754 3079 921 3161 passioneo
951 3080 1108 3164 pomerias
1136 3099 1169 3144 ee
1195 3081 1364 3144 mattarum
1392 3101 1470 3145 esee.

383 3190 463 3256 Alia
484 3213 616 3256 manera
637 3193 758 3257 mittitl.
1082 3273 1084 3278 Ι
1208 3193 1248 3274 (S
1264 3194 1318 3277 35,
1341 3190 1412 3260 WG
1428 3194 1471 3276 3)

135 3326 276 3382 tao-722
385 3321 570 3391 Venerando
592 3323 653 3390 Dei
681 3323 799 3390 famulo
826 3328 858 3392 ot
880 3323 1026 3411 plurimis
1049 3325 1239 3413 spiritalium
1261 3327 1473 3394 carismatum

295 3440 488 3506 ornamentis
522 3440 666 3527 praedito
695 3439 857 3506 Bonifatio
891 3441 958 3508 eive
984 3440 1164 3528 Wynluitho
1193 3442 1376 3526 dignissimo
1406 3442 1474 3512 Dei

293 3555 469 3643 presbitero
492 3555 602 3640 Bugga
624 3555 696 3622 vilis
720 3555 890 3622 vemaoula
911 3563 1100 3646 perpetuaeq
1123 3559 1264 3628 caritatis
1287 3558 1433 3626 salutem.

366 3721 387 3753 a.
409 3707 484 3767 prinei
497 3709 524 3762 V,
541 3707 639 3766 principi
652 3709 703 3761 Me,
720 3723 775 3752 con.
789 3709 812 3752 in
827 3707 939 3768 principio
954 3712 986 3766 c,·
1001 3709 1115 3769 prinoipio
1125 3711 1172 3757 Mt.
1233 3709 1256 3755 b.
1271 3707 1367 3769 imperio
1377 3709 1474 3768 HM,

294 3804 350 3834 corr.
367 3791 390 3834 ia
410 3787 506 3847 imperia
528 3790 554 3834 C.
647 3799 667 3832 o.
691 3785 804 3833 idolorum
827 3788 854 3834 V.
948 3788 971 3834 ri.
994 3788 1083 3836 cultura
1098 3792 1187 3837 MatV.
1279 3803 1299 3836 e.
1323 3789 1361 3836 dei
1381 3789 1420 3836 del
1441 3793 1474 3840 7.

293 3866 309 3914 i.
331 3865 457 3914 vivificatus
475 3869 502 3915 V.
580 3879 601 3925 g.
623 3870 684 3913 sorte
701 3867 750 3914 Mo.
823 3866 845 3914 h.
867 3867 921 3928 qnia
936 3867 984 3915 Mt.
1056 3869 1072 3916 i.
1093 3869 1114 3916 ei
1131 3870 1189 3916 add.
1205 3871 1256 3916 Mu.
1326 3867 1349 3916 k.
1369 3883 1407 3916 mo
1423 3887 1475 3919 on.

294 3947 383 4001 ΜΝ,
404 3949 575 4006 superscriptum
597 3956 630 3993 ert
650 3947 672 3993 ia
695 3947 721 3994 C.
798 3947 813 3993 l.
839 3947 949 3995 obnoxius
970 3949 997 3996 V.
1076 3961 1105 3995 m.
1129 3949 1181 3996 rivo
1197 3950 1246 3997 Mt.
1324 3963 1347 3995 n.
1371 3963 1415 3995 suo
1433 3953 1476 3999 Μ.

293 4040 315 4073 ο.
336 4025 499 4073 consolationis
516 4027 587 4073 ΜΨ.
680 4039 703 4085 p.
724 4043 753 4071 es
773 4028 803 4073 Μ
817 4027 862 4074 lob
872 4029 955 4083 -106,
978 4027 1042 4076 cot
1056 4029 1143 4085 -85o,
1167 4031 1192 4078 V
1204 4030 1331 4078 boe-21.
1360 4031 1477 4078 teme.-

293 4105 349 4153 ltsm
366 4106 464 4167 epistola
478 4106 569 4166 buggae
585 4105 643 4161 MV,
663 4105 719 4152 item
736 4105 834 4166 epistola
848 4107 927 4166 Bngga
943 4110 968 4157 C.
1062 4123 1084 4168 q.
1103 4111 1214 4169 perpetua
1230 4113 1269 4166 M,
1287 4111 1421 4170 perpetrare
1442 4113 1477 4160 7.

365 4211 390 4266 1.
412 4209 457 4266 Pe.
472 4211 532 4281 118,
543 4210 577 4265 75
589 4209 741 4266 seeundum
754 4211 907 4268 versionem
920 4213 1080 4284 Hieronymi
1092 4229 1126 4268 ex
1138 4212 1273 4270 Hebraeo.
1292 4213 1325 4270 V.
1339 4211 1479 4274 Sabatier

292 4297 443 4355 Bibliorum
467 4299 514 4354 lot.
533 4299 674 4356 versiones
692 4300 725 4355 Τ.
738 4301 765 4356 Π
782 4317 810 4370 p.
828 4303 889 4357 239.
980 4303 1005 4358 2.
1029 4300 1074 4358 Pe.
1091 4303 1135 4372 59,
1153 4303 1178 4360 ὅ,
1268 4305 1294 4360 3.
1318 4303 1363 4359 Ps.
1378 4305 1424 4376 78,
1444 4309 1478 4364 8.

293 4387 500 4456 tth
