3024 4864
289 315 316 363 s.
334 316 509 364 normann
530 315 575 362 nr
597 316 699 362 unnrn
721 315 909 364 emenonis
933 315 963 362 ee
1148 297 1211 366 185

131 455 234 524 Sacris
256 457 419 526 liminibus
441 457 526 524 beati
549 456 764 543 apostolorum
778 456 931 544 principis
947 455 1033 524 Petri
1048 459 1212 526 etnostris
1239 465 1292 552 748

59 573 200 640 obtutibus
217 579 448 660 praesentatus,
471 593 602 659 presens
617 572 802 657 Burghart·,
827 573 960 640 dilectus
983 572 1074 641 nobis
1091 573 1212 660 episce-
1228 539 1303 588 ω

58 709 105 775 pne
114 683 129 772 ¹,
149 689 308 756 fraternae
331 689 508 756 sanctitatis
530 694 604 756 tuae
626 688 717 756 nobis
741 688 848 756 attulit
871 687 983 755 allatos
991 688 1013 755 l.
1052 688 1112 755 Per
1135 709 1211 774 quo-

57 825 115 870 mm
134 805 286 890 seriptum
310 811 451 872 tenorem
475 807 670 889 agnovimus,
694 825 843 888 magum
866 804 982 872 habere
1005 811 1165 872 esttamen
1181 810 1213 872 et

55 920 201 988 sudoriose
231 917 393 988 elaborare
421 920 652 987 fraternitatem
680 926 768 986 tuam
798 921 831 986 in
860 920 1094 1007 praedieatione
1117 941 1213 988 euan-

54 1035 116 1119 gelii
145 1035 266 1102 Christi
298 1036 349 1102 dsi
383 1036 484 1101 nostri
518 1041 550 1103 et
581 1037 796 1102 exortatione⁰
826 1043 953 1103 sanetae
982 1035 1154 1104 catholicae
1182 1042 1214 1104 st

54 1151 233 1220 orthodoxae
265 1157 370 1218 rectae
404 1150 492 1234 fidei,
528 1171 623 1236 quam
658 1171 678 1218 a
710 1151 909 1238 redemptore
942 1156 1050 1218 nestro
1087 1152 1145 1219 deo
1182 1157 1215 1220 et

53 1267 165 1334 domino
182 1267 254 1334 lesu
269 1267 394 1334 Christo
417 1267 492 1354 perd
516 1287 536 1333 a
557 1287 591 1334 se
606 1267 786 1334 institutum
802 1267 929 1334 beatum
946 1267 1122 1353 principem
1138 1287 1214 1355 apo·

53 1383 209 1450 etolernm⁰
234 1381 363 1449 Petrum
392 1389 424 1450 et
452 1403 508 1448 vas
531 1379 711 1450 electionis¹
733 1382 867 1450 Paulum
894 1403 1065 1468 omnesque
1088 1388 1214 1470 aposto-

52 1498 91 1564 los
112 1499 263 1566 traditam
286 1500 491 1586 suscepimus.
529 1498 648 1577 Quibus
664 1499 791 1584 agnitis,
816 1499 875 1566 etsi
891 1503 1082 1585 peccatores,
1105 1506 1214 1567 exten-

52 1615 88 1682 oiu
108 1615 145 1682 ad
168 1615 282 1682 ethera
303 1615 418 1701 palmis
441 1615 650 1701 omnipotenti
665 1614 733 1681 Deo
749 1615 910 1682 inmensae
933 1615 1055 1698 egimus
1078 1616 1212 1698 gratias3

52 1736 182 1816 petentes
208 1732 277 1798 eius
298 1730 490 1798 ineffabilem
513 1731 727 1814 divinitatem,
756 1737 792 1797 ut
820 1730 918 1797 multo
943 1730 1079 1816 amplius
1102 1731 1214 1798 conlir·

51 1853 107 1912 net
130 1853 228 1932 atque
251 1846 437 1914 conroboret
460 1867 514 1914 cer
542 1847 750 1913 fraternitatis
779 1853 868 1930 tuae,
898 1851 931 1914 et
958 1846 1098 1934 sospem‘
1120 1853 1214 1932 atque

51 1962 204 2030 robustum
229 1983 362 2049 corpore
385 1968 504 2028 annuat
526 1983 730 2049 permanere,
762 1981 860 2046 nsque
889 1982 950 2048 qno
974 1963 1041 2030 eius
1065 1963 1214 2032 divinitae

50 2084 76 2144 te
96 2079 301 2166 superstitem
324 2079 357 2144 in
380 2078 439 2145 hac
460 2079 613 2144 iusserat⁸
636 2097 704 2144 esse
726 2079 802 2162 vita,
826 2079 865 2144 ad
881 2077 1107 2164 perficiendum
1122 2080 1215 2146 mini·

49 2195 170 2262 ebrium
194 2195 256 2261 tihi
279 2195 463 2281 impositum
485 2200 518 2261 et
540 2193 581 2260 ad
603 2193 811 2279 portandum¹²
834 2194 957 2261 lucrum
981 2195 1158 2262 animarum
1181 2196 1215 2262 in

51 2309 123 2376 diem
138 2311 263 2378 Christi
279 2310 359 2394 lesu,
382 2316 419 2376 ut
440 2309 526 2377 illarn
547 2311 700 2376 merearis
717 2309 826 2376 audire
841 2309 1079 2378 desiderabilem
1095 2331 1215 2397 vocem,

50 2445 132 2510 quarn
164 2428 311 2494 dicturus
341 2433 389 2492 est
416 2425 570 2493 Dominus
600 2426 802 2509 diligentibus
834 2447 882 2494 se:
915 2427 1034 2509 Venite,
1066 2430 1219 2497 benedieti

48 2548 140 2628 petris
165 2549 242 2624 mei,
264 2547 420 2631 perceptio
442 2566 573 2630 regnum
595 2544 683 2608 vodis
703 2556 855 2630 puratum
878 2545 917 2609 ab
941 2548 1063 2630 ordpine
1077 2540 1215 2612 mundi³.

125 2660 235 2726 Erant
258 2665 365 2726 autern
387 2659 507 2724 inserta
529 2659 562 2724 in
587 2656 705 2724 eisdem
728 2658 792 2724 tuis
816 2656 962 2726 affatibus
986 2661 1112 2728 diversa
1131 2661 1217 2748 eapi-

49 2773 118 2860 tuh,
154 2776 196 2843 de
235 2775 348 2860 quibus
384 2773 535 2840 iudicium
572 2779 604 2840 et
632 2774 797 2840 eonsilium
826 2780 921 2859 atque
951 2776 1102 2844 solacium
1133 2778 1216 2844 sedis

49 2892 215 2975 apostohca
239 2890 297 2956 tibi
321 2890 416 2973 dirigi
438 2888 598 2973 flagitasti.

125 3006 275 3074 Primum
298 3005 472 3092 capitulum
495 3025 553 3092 pro
577 3005 713 3092 synodo,
742 3006 775 3071 iu
804 3025 867 3091 qua
894 3012 988 3074 natus
1017 3013 1049 3074 et
1077 3008 1215 3076 nutritus

48 3120 98 3206 ω’,
126 3143 227 3210 quam
250 3127 283 3190 et
305 3123 339 3188 in
362 3127 454 3205 gente
478 3121 655 3205 Anglorum
680 3126 712 3187 et
735 3120 897 3189 Saxonum
918 3123 952 3188 in
975 3122 1143 3190 Brittaniai
1166 3125 1215 3191 in-

47 3238 108 3304 sula
138 3239 241 3327 primi
270 3237 483 3324 predicatores
514 3237 553 3303 ab
581 3236 757 3323 apostohca
784 3237 858 3305 sede
885 3239 975 3306 missi
1002 3237 1215 3322 Augustinus⁵

46 3351 232 3424 Laurentius
255 3349 377 3420 lustus⁶
402 3357 434 3419 et
456 3353 613 3420 Honorius
621 3349 642 3436 ⁷,
670 3354 841 3420 novissime
872 3358 904 3420 st
931 3355 994 3422 tuis
1022 3357 1216 3443 temporibus

47 3465 254 3553 Theodorus⁸‚
280 3468 379 3536 Greeo
402 3468 536 3536 Latinus
566 3475 639 3536 ante
667 3469 872 3556 philosophus
902 3475 934 3536 et
955 3469 1088 3538 Athenis
1113 3471 1217 3540 erudi-

46 3591 98 3670 tus,
120 3587 248 3654 Romae
271 3580 465 3669 ordinatus⁹‚
489 3585 586 3671 pallio
610 3585 814 3669 sublimatus,
838 3587 879 3651 sd
902 3587 1077 3673 praelatam
1099 3586 1217 3654 Britta-

108 3734 128 3766 a.
151 3718 270 3767 Buruhut
286 3721 312 3766 C.
380 3718 402 3764 b.
426 3737 483 3764 corr.
499 3721 521 3765 ia
538 3718 619 3765 datus
638 3721 664 3765 C.
726 3732 745 3764 e.
767 3736 825 3765 corr.
841 3721 862 3764 st·
880 3718 1036 3766 emorousae
1048 3723 1074 3768 C.
1138 3721 1161 3766 d.
1177 3733 1219 3781 por

46 3809 74 3844 at
87 3801 182 3845 Maon
202 3803 226 3844 r'n
245 3801 271 3844 C.
345 3812 365 3844 e.
386 3815 429 3843 om.
447 3801 479 3844 M.
552 3797 568 3844 l.
591 3816 647 3843 corr.
664 3801 686 3843 in
703 3799 813 3857 sospitem
831 3801 857 3844 C.
927 3811 948 3856 g.
971 3817 1027 3846 corr.
1044 3803 1066 3846 r'n
1082 3800 1175 3846 iusserit
1192 3803 1218 3850 C.

47 3875 66 3922 ll.
84 3855 270 3939 ad⁰portundun
287 3894 343 3922 corr.
361 3880 383 3923 is
399 3877 566 3937 apportandum
584 3879 609 3924 C.
688 3877 703 3922 l.
724 3895 780 3923 corr.
798 3880 819 3922 in
836 3877 963 3924 Brittannia
980 3881 1006 3927 C.

108 3977 132 4029 l.
151 3971 399 4042 wirciburgensis.
490 3974 516 4028 2.
542 3969 582 4026 Of.
602 3969 665 4026 Aet.
684 3975 772 4041 apost.
786 3973 811 4040 9,
826 3973 869 4027 15.
959 3973 984 4028 3.
1009 3972 1104 4028 Matth.
1118 3976 1161 4044 25,
1174 3975 1217 4030 34.

47 4061 69 4114 l.
88 4061 128 4116 cl.
147 4077 195 4133 ep.
208 4063 246 4116 42
264 4077 348 4130 supra
365 4076 393 4130 p.
408 4062 471 4118 114:
492 4060 579 4132 „Quia
600 4059 723 4131 synodus
747 4065 775 4114 et
798 4061 944 4131 aecclesia,
965 4063 993 4118 iu
1017 4077 1072 4131 qua
1090 4067 1171 4118 uatus
1190 4066 1218 4118 et

48 4152 155 4206 ouuihrs
173 4151 250 4206 fni“.
310 4153 337 4206 5.
362 4149 584 4220 archiepiscopus
603 4149 816 4204 Brittanniamm
835 4149 1070 4218 (Cantuariensis).
1129 4155 1154 4206 6.
1174 4167 1217 4222 ep.

48 4236 183 4294 domums
275 4241 300 4295 l.
325 4238 443 4308 archiep.
463 4238 677 4294 cantuariensis.
761 4241 787 4294 8.
812 4239 931 4309 archiep.
951 4239 1163 4309 cantuariensis,
1183 4241 1218 4296 de

48 4341 94 4394 que
111 4329 145 4384 el.
164 4328 264 4384 Bedae
282 4328 354 4384 Hiut.
374 4329 439 4382 ecel.
453 4327 492 4383 1v
511 4343 535 4381 e.
551 4329 575 4397 1,
594 4326 662 4396 Opp.
676 4327 719 4382 ed.
732 4326 809 4384 Giles
822 4328 898 4382 1116.
971 4330 996 4384 9.
1021 4328 1065 4383 die
1084 4329 1118 4383 26
1137 4328 1216 4384 llart.

49 4416 93 4470 668
108 4434 127 4473 a
141 4418 286 4474 vitaliano
303 4432 384 4488 papa
412 4417 446 4473 V.
465 4417 587 4488 Regssta
604 4421 679 4486 pont.
699 4417 777 4473 Rom.
796 4433 824 4487 p.
841 4417 899 4472 165.
