3148 4846
338 359 543 408 uncianum
564 359 645 408 urna
668 359 694 407 a
711 359 887 408 nomm
909 359 984 408 oar.
1001 359 1036 406 vr
1205 341 1269 408 451

100 499 230 587 profert,
253 499 301 567 ita
320 505 358 567 ut
379 521 504 568 omnem
524 521 605 588 pene
625 500 710 568 diem
725 503 845 588 pariter
859 499 1073 588 conloquendo
1089 501 1271 568 alternatim
1291 509 1344 566 722

101 613 259 683 ducerent
347 616 392 683 Ei
413 617 454 683 ad
476 623 663 702 extremum,
687 618 821 704 qualiter
842 617 963 704 populi,
986 637 1044 704 per
1067 615 1159 684 deuia
1181 615 1271 703 priu's

99 731 275 799 facinorum
296 733 496 817 oberrantes,
524 732 600 820 fidei
622 735 811 801 documenta
833 753 892 800 sua
913 733 1146 819 praedieatione
1169 733 1272 820 perci·

100 852 228 934 parent,
257 850 434 916 sciscitatus
463 855 520 917 est
566 849 709 916 Etcum
737 869 795 936 pro
824 855 909 916 certe
937 851 1158 936 comperisset,
1188 849 1271 934 quod

99 965 273 1031 maximam
309 966 434 1050 quidem
464 965 698 1033 multitudinem
727 965 846 1052 plebis·
877 985 897 1032 a
923 963 1076 1049 sacrilega
1103 966 1272 1032 demonum

98 1079 224 1147 cultura
246 1081 286 1146 ad
308 1081 501 1148 consortium
524 1087 650 1148 sanetae
673 1081 843 1148 aecclesiae
865 1081 1082 1166 adscisoeret',
1111 1081 1272 1148 intimarit

100 1197 217 1284 quippe
239 1197 280 1282 ei,
303 1197 378 1283 quia
400 1198 599 1284 episcopatus
621 1198 682 1264 sibi
704 1199 856 1284 inponere
877 1197 1009 1281 gradum
1028 1197 1188 1282 voluisset,
1213 1217 1271 1284 po·-

97 1312 245 1399 pulicque
267 1349 310 1360 -
332 1302 486 1401 postorali
514 1314 604 1400 prius
632 1313 841 1380 sollicitudine
869 1314 1003 1400 privatis
1031 1320 1064 1381 et
1086 1315 1179 1379 iuxta
1200 1333 1272 1379 sen·

98 1430 231 1495 tentiam
253 1429 374 1496 domini
396 1430 456 1497 Dei
478 1429 579 1496 nostri
601 1429 774 1497 iacentibus
803 1430 885 1496 sicut
912 1449 986 1496 oues
1014 1441 1096 1495 non·
1119 1429 1272 1496 habentes

97 1543 277 1633 pastorem¹
299 1583 341 1594 —
361 1547 531 1634 praeferre.
568 1545 630 1612 Sed
653 1547 728 1630 quia
750 1546 964 1612 contradicere
986 1546 1059 1613 huic
1081 1551 1170 1612 tanto
1192 1563 1272 1631 pon·

96 1661 176 1729 titini
200 1661 391 1750 apostoliced
414 1663 500 1728 sedi·
523 1661 664 1748 praelato
687 1681 750 1728 non
775 1663 919 1746 auderet,
942 1663 1099 1729 consentit
1122 1661 1218 1728 eiiam
1240 1665 1273 1726 et

97 1777 266 1845 oboedivit
314 1777 427 1862 Sicque
463 1797 604 1844 summus
634 1783 762 1844 sunctae
791 1779 988 1844 auctoritatis
1015 1777 1159 1865 pontifex
1187 1777 1272 1843 diem

96 1895 264 1961 consutuit
284 1893 507 1976 ordinationis,
530 1894 564 1959 id
586 1899 634 1960 est
655 1893 759 1980 pridie
780 1893 994 1960 Kalendarum
1016 1893 1248 1960 Decembrium.

189 2009 330 2096 Cumque
353 2016 480 2077 sanctus
496 2029 585 2076 sacre
601 2009 843 2096 sollempnitatis
859 2009 925 2076 dies
941 2016 974 2076 et
986 2008 1154 2077 natalicius
1170 2010 1272 2076 sancti
1289 2025 1345 2072 nov.
1358 2027 1388 2072 ao

97 2123 263 2194 Andreae²
286 2132 319 2194 et
340 2127 525 2215 praefinitae
547 2125 755 2192 ordinationis
776 2125 960 2210 inluxisset,
988 2127 1054 2192 iam
1077 2145 1166 2193 sacer
1188 2125 1272 2192 sedis

99 2243 292 2330 apostolieae
313 2243 456 2329 pontifex
479 2242 678 2329 episcopatus
703 2241 763 2307 sibi
787 2246 819 2308 et
841 2242 987 2326 nominis,
1011 2241 1094 2328 quod
1116 2248 1164 2310 est
1178 2241 1274 2308 Boni-

97 2355 224 2444 fatius’,
254 2361 396 2446 inposuit
423 2359 619 2443 dignitatern.
665 2357 767 2443 Eique
789 2357 947 2443 libellum,
978 2359 1012 2424 in
1041 2379 1102 2445 que
1126 2359 1273 2425 sacratis·

98 2475 182 2542 rima
203 2475 452 2542 aecclesiasticae
475 2475 707 2542 constitutionis
729 2475 801 2541 iura
816 2474 1046 2562 pontificalibus
1062 2481 1137 2542 sunt
1152 2475 1275 2558 digesta

97 2592 314 2674 consentibus,
337 2590 599 2672 accommodavit3
629 2595 669 2674 et,
693 2598 729 2658 ut
752 2611 791 2658 ex
814 2591 873 2657 hoc
895 2591 1114 2658 inconvulsus¹
1137 2591 1221 2678 apud
1240 2611 1275 2658 se

96 2707 288 2796 pontificalis
312 2709 379 2776 bic·
401 2707 599 2793 disciplinate
622 2707 828 2774 institutionis
851 2707 927 2773 ordo
950 2712 1151 2794 permaneret
1173 2727 1274 2793 popu-

96 2824 185 2910 lique
207 2825 339 2892 snbiecti
360 2824 411 2890 bis
433 2824 604 2890 inbuuntur
627 2821 790 2908 exemplis,
814 2825 992 2909 imperavit
1040 2821 1103 2889 Sed
1126 2829 1158 2889 et
1180 2819 1273 2888 farni-

96 2939 269 3008 liaritatom
292 2945 419 3006 sanctae
441 2939 525 3006 sedis
549 2938 739 3025 apostolicae
761 2945 827 3006 tam
851 2939 911 3005 sibi
934 2959 1028 3024 quum
1049 2938 1195 3004 omnibus
1211 2937 1272 3004 sibi

96 3056 247 3124 subiectis
270 3077 309 3126 ex
331 3057 390 3124 hee
410 3057 444 3122 iu
466 3055 607 3121 futurum
630 3055 827 3122 condonavit
862 3055 906 3121 lit
920 3053 1004 3121 (larii
1021 3055 1109 3121 ducis
1124 3053 1272 3138 gloriosii

97 3173 164 3240 suis
188 3173 411 3240 sacratissimis
432 3167 565 3238 litteris‘
586 3172 675 3254 regni
698 3171 872 3238 munimine
894 3191 930 3237 ac
946 3168 1111 3237 devotione
1127 3175 1271 3237 sanctum

97 3289 183 3356 hunc
206 3291 319 3374 sirum,
344 3289 544 3375 episcopatus
567 3287 667 3371 gradu
689 3285 871 3374 pollentem,
895 3283 1092 3370 subiugavit‘
1094 3333 1268 3354 .........

186 3453 328 3472 .......
353 3404 474 3490 Quique
504 3404 613 3488 enam,
644 3403 719 3469 dum
747 3403 940 3489 perlongus
963 3403 1086 3469 riarum
1109 3405 1269 3470 anfractus

94 3521 272 3607 ingentium
294 3519 484 3608 populorum
507 3519 625 3586 adisset
647 3517 790 3602 confinia,
814 3520 877 3586 iarn
894 3519 1020 3605 quidem
1036 3520 1076 3585 ad
1091 3521 1269 3606 praefatum

95 3637 323 3705 Frunchorum¹
345 3637 522 3724 principem
544 3638 639 3703 venit.
673 3633 718 3702 Et
739 3635 960 3703 uenerabiliter
980 3635 1019 3702 ab
1041 3653 1077 3702 eo
1093 3643 1267 3722 susceptus,
1288 3647 1340 3702 723

169 3795 190 3827 ι.
210 3763 263 3840 pleb
280 3781 305 3836 ii,
326 3779 400 3840 piebis
417 3784 445 3826 A.
506 3777 529 3826 b.
549 3777 683 3825 adscisoiret
698 3781 723 3826 F.
785 3789 805 3824 r„
827 3777 929 3825 Peresius
950 3779 1042 3835 maciei
1055 3793 1187 3838 perperam:
1209 3779 1270 3824 sicut

96 3875 193 3910 namon.
255 3861 278 3907 d.
295 3860 421 3921 apostolico
432 3863 458 3908 F.
521 3872 541 3905 a.
558 3875 615 3906 corr.
628 3861 650 3905 ia
667 3857 729 3906 aedis
741 3863 768 3908 A.
831 3857 848 3906 i.
863 3857 997 3906 meonruin
1008 3861 1033 3916 F,
1046 3863 1076 3920 A.
1138 3871 1160 3918 q.
1176 3857 1233 3906 haee
1243 3861 1268 3905 F.

68 4001 74 4012 ·
96 3941 120 3990 ir.
139 3941 247 4002 glorian
262 3943 288 3988 Ρ.
366 3941 382 3988 i.
400 3939 538 3987 Franaurun
553 3942 581 3986 A.

169 4029 194 4082 l.
228 4025 323 4082 biatth.
345 4028 370 4096 9,
391 4027 446 4082 36:
483 4026 625 4096 ,boantes
655 4024 727 4080 sicut
756 4039 822 4080 oves
852 4039 907 4080 non
936 4023 1070 4080 habentos
1098 4030 1236 4093 pastorem
1245 4023 1270 4078 ⁴¹.

96 4119 122 4173 2.
146 4118 183 4172 30
195 4115 265 4172 Nou.
283 4116 347 4171 anni
365 4117 431 4184 722,
456 4132 483 4170 v.
502 4129 586 4184 supra
602 4131 628 4183 p.
642 4115 685 4168 21.
775 4114 801 4168 6.
827 4113 938 4169 Comum
956 4118 1014 4182 est,
1033 4111 1189 4182 Wyniritbo
1214 4113 1269 4167 ium

96 4209 179 4262 antec
202 4205 285 4259 etiam
309 4203 476 4260 Bonifatium
500 4217 600 4258 nomen
623 4199 708 4257 inisse
733 4203 776 4266 (r.
796 4201 926 4257 Bonifatii
944 4201 1161 4272 ορ.12,14,16,
1184 4215 1268 4270 supra

96 4311 122 4366 p.
135 4296 179 4363 62,
194 4295 236 4363 66,
249 4295 307 4365 74);
332 4293 424 4364 itaque
443 4293 592 4362 Gregorius
604 4291 630 4346 II
648 4307 728 4360 papa,
749 4291 908 4361 episcopum
927 4303 1097 4358 consecrans,
1117 4289 1205 4342 eidem
1223 4303 1266 4344 so·

96 4385 152 4439 inm
170 4387 199 4438 et
215 4383 354 4453 proprium
371 4397 471 4438 nemen
488 4369 625 4438 ¹Bonifatio
642 4379 748 4435 indidit.
819 4380 844 4434 4.
865 4378 953 4436 Bonii.
967 4393 1010 4449 ep.
1021 4381 1064 4448 21,
1083 4393 1166 4447 supra
1184 4395 1211 4448 p.
1222 4379 1265 4434 81.

96 4475 121 4529 5.
145 4473 198 4529 Hic
216 4472 351 4543 quaedam
369 4471 512 4542 excidisse,
532 4475 657 4542 apertum
675 4475 726 4524 est.

993 4566 1053 4620 29*
