3148 4846
456 291 643 342 uursuonaa
665 293 893 342 nonusrrnns
916 291 946 340 ιι
1219 275 1284 346 369

122 435 152 500 iu
173 453 246 519 qno,
268 439 306 502 nt
327 440 473 502 asserunt
494 436 547 520 qui
570 433 659 502 illum
681 434 835 519 legerunt,
857 433 1073 521 probabilibus
1089 437 1284 519 argumentis

122 569 171 616 eos
193 551 352 617 convincit
372 557 483 618 ronna
503 557 630 638 patmm
652 551 799 618 instituta
813 569 917 634 agane,
940 552 995 636 qui
1009 550 1081 638 plus
1097 569 1191 637 qnam
1207 571 1284 636 qua·

121 671 189 732 tuor
211 664 384 733 dominicos
407 667 474 734 dias
498 667 650 736 adventus
673 667 801 734 Domini
824 666 983 734 nelabrare
1006 667 1208 734 onutandnut

205 781 295 860 Quod
323 802 398 852 varo
426 801 465 849 ex
495 783 627 850 ιιινιιιο
657 783 815 866 obinunt,
849 781 921 850 ideo
950 787 1085 868 quatuor
1112 783 1285 852 domininus

121 897 200 980 ιιιιι,
229 905 362 984 excepta
383 898 492 981 vigilia
513 897 658 983 Domini,
687 899 801 966 debere
823 898 992 983 celebrari,
1015 903 1052 964 nt
1073 897 1129 966 illa
1152 906 1286 985 quatuor

121 1013 314 1080 nocturnalia
336 1013 440 1081 affinia
461 1014 511 1082 vel
534 1015 636 1082 sanati
658 1013 814 1098 euangelii
838 1033 893 1081 son
915 1014 1050 1101 apostoli
1072 1014 1166 1082 lentio
1181 1015 1215 1081 iu
1230 1015 1288 1082 illa

120 1129 275 1196 dominioa
297 1149 377 1215 quae
399 1135 491 1200 sanat
518 1131 641 1217 possint
670 1130 812 1218 impleri,
840 1131 927 1196 ianili
954 1131 1159 1217 responsione
1182 1135 1288 1217 potest

121 1247 271 1313 arremari.
306 1245 382 1325 Quis
406 1247 490 1313 enim
513 1267 576 1314 uon
598 1245 714 1330 videat,
738 1247 944 1330 iunongmum
967 1245 1059 1313 ualde
1082 1266 1167 1314 esse:
1189 1265 1285 1333 prop-

120 1367 167 1428 ter
193 1363 257 1428 tria
284 1361 333 1429 vel
357 1367 490 1447 quatuor
512 1363 714 1450 responsoria
736 1399 777 1409 —
803 1382 883 1447 qnos
905 1363 1070 1430 retroaotis
1094 1361 1286 1430 ebdomadas

120 1477 238 1564 diebus,
261 1479 290 1544 si
311 1482 419 1545 tamen
441 1479 487 1546 ita
509 1479 612 1545 vnum
633 1479 731 1546 fuerit
753 1478 925 1563 deoantari,
947 1479 998 1546 vel
1014 1480 1114 1546 sauoti
1130 1478 1287 1562 euangelii

120 1614 174 1662 san
196 1593 332 1680 apostoli
353 1594 457 1680 lentio,
482 1615 561 1680 qnae
583 1595 664 1662 faria
677 1593 720 1660 lll
741 1600 815 1662 aute
837 1595 999 1679 ieiunium,
1023 1595 1106 1662 sicut
1124 1596 1157 1661 in
1178 1594 1287 1662 ltaliae

18 1717 30 1750 ⁸
120 1710 299 1794 regionibns
325 1729 383 1776 uos
411 1712 475 1797 ipsi
498 1730 590 1795 agere
613 1711 790 1777 audivimm
813 1727 850 1777 ao
873 1711 1023 1794 vidimus,
1052 1710 1104 1778 vel
1125 1711 1231 1797 potius
1253 1711 1287 1777 in

119 1827 188 1912 ipsa
210 1826 369 1892 dominica
391 1826 516 1912 qnando
539 1825 648 1910 vigilia
670 1825 855 1910 eelebratur‚
879 1845 949 1892 enm
973 1828 1077 1913 ymnis
1092 1827 1288 1893 matutinali-

119 1942 176 2009 bus
206 1942 309 2028 primo
340 1961 433 2008 mane
464 1943 589 2029 possint
616 1941 783 2028 adimpleri
812 1977 853 1988 -
883 1946 949 2008 tam
979 1942 1120 2010 miotinae
1149 1943 1287 2009 rationes

119 2063 253 2144 quatuor
275 2057 521 2124 ebdomadarum
545 2058 690 2125 evannari
713 2057 835 2124 debere.
872 2057 942 2124 Non
965 2059 1073 2143 utique
1097 2064 1209 2143 quarta
1232 2059 1288 2125 do·

119 2173 236 2241 minino
258 2173 409 2240 adventus
432 2172 562 2240 Domini
584 2180 725 2258 sanaret,
750 2175 777 2240 si
800 2174 964 2260 proprium
988 2171 1125 2240 oldoinm
1147 2173 1286 2241 haberat

118 2289 269 2358 lutroitus
284 2292 439 2358 Marenen
463 2290 496 2356 in
518 2288 605 2356 nullo
629 2291 786 2358 autentico
802 2290 963 2356 iuvenitur
977 2291 1208 2377 antiphonario,
1232 2289 1288 2358 sed

118 2407 224 2494 ipsum
247 2404 383 2473 officinm
407 2405 585 2490 aquodam
608 2425 666 2492 pro
688 2406 780 2474 libitu
804 2411 852 2472 est
875 2405 1131 2492 superadditum
1155 2407 1288 2491 ideoque

118 2541 176 2590 nen
204 2541 404 2609 summopore
432 2527 481 2588 est
507 2522 697 2606 nouandum,
727 2524 835 2609 sipro
858 2521 1089 2590 rationabiliori
1112 2542 1208 2589 nausa
1230 2521 1288 2589 ali·

117 2639 243 2725 quaudo
265 2638 362 2704 fuerit
382 2638 608 2704 intermissum.
655 2637 755 2704 Vanat
777 2637 861 2704 euim
885 2639 948 2705 ista
970 2637 1233 2724 quemadmodum
1257 2644 1289 2706 et

116 2755 214 2822 aeteri
237 2760 302 2821 tres
330 2753 480 2821 dominini
508 2754 592 2838 dies,
622 2753 675 2840 qui
699 2753 795 2820 simili
818 2753 911 2820 modo
934 2759 1094 2842 ponuntur
1116 2759 1190 2840 post
1211 2754 1288 2820 duo-

116 2871 220 2938 daoim
247 2869 412 2952 lectiones3
443 2869 556 2955 quibns
578 2875 685 2936 tauma
707 2871 838 2936 minime
861 2869 975 2937 desnut
996 2870 1146 2938 lectiones
1169 2869 1287 2955 episto-

115 2987 220 3054 larum
249 2993 281 3053 et
308 2986 542 3070 euangeliorum
573 2985 613 3052 ad
640 2985 836 3072 implendum
865 3005 1030 3052 nnmerum
1060 2985 1289 3071 quinquaginta

1302 457 1341 502 ant
1356 447 1425 505 1021

1301 528 1341 573 ιιι
1357 519 1426 576 1027

115 3103 252 3171 duarum
281 3103 355 3169 anui
378 3102 616 3169 dominicarum.
690 3101 853 3169 Habentur
876 3102 961 3168 anim
983 3102 1065 3168 iuter
1088 3101 1287 3168 nativitatem
1409 3195 1412 3202 Ι

114 3219 247 3288 Domini
275 3223 307 3286 et
337 3218 601 3304 septuagesimam
629 3217 733 3284 oflioia
761 3223 896 3302 quatuor
924 3237 982 3304 per
1005 3217 1072 3283 dies
1096 3216 1286 3300 domiuioos3

115 3357 136 3403 a
160 3335 393 3422 septuagesima
415 3353 514 3419 nsque
536 3335 570 3400 iu
592 3332 710 3420 pannha
731 3338 818 3418 outo,
847 3353 921 3400 uam
944 3351 1027 3399 uana
1048 3333 1083 3400 iu
1105 3333 1210 3400 madio
1231 3353 1287 3400 ua-

113 3457 184 3534 oat3
208 3471 228 3518 a
249 3451 368 3537 paseha
390 3469 464 3518 vero
486 3469 585 3534 usqne
607 3449 641 3515 in
665 3455 791 3516 oetavas
815 3455 1011 3536 pentenostes
1035 3451 1071 3530 83
1102 3449 1215 3517 deiude
1238 3469 1287 3517 se-

113 3573 257 3654 qmmtur
280 3569 322 3633 23
345 3585 445 3651 usqne
467 3567 499 3632 in
524 3565 691 3632 adventum
708 3564 851 3647 Domini;
875 3566 908 3631 iu
929 3565 1065 3632 aduentu
1080 3564 1209 3633 Domini
1224 3566 1289 3632 tria

111 3690 242 3750 tautum
270 3687 445 3770 ponuntur,
475 3687 587 3766 quarta
602 3687 651 3748 nt
679 3681 935 3767 supradiximus
959 3687 1100 3749 venante.
1147 3681 1287 3760 Qnatnor

112 3799 201 3867 anim
226 3804 259 3866 et
281 3803 301 3865 8
323 3799 463 3882 itemque
486 3803 505 3864 8
530 3803 624 3882 atque
647 3801 690 3864 23
714 3804 746 3865 et
769 3801 789 3864 3
811 3797 893 3863 finnt
914 3796 1009 3863 simul
1031 3799 1084 3863 46.
1124 3795 1182 3862 His
1206 3797 1286 3864 adde

112 3921 252 4000 quatuor
274 3915 448 3981 dominicas
471 3918 634 3997 venantes,
659 3918 691 3979 et
714 3933 810 3979 uuam
833 3933 911 3998 qnae
935 3918 983 3979 est
1006 3913 1206 4000 praeparatio
1229 3913 1286 3978 do·

111 4031 225 4098 minioi
249 4031 416 4114 adventus,
439 4049 497 4097 neo
519 4049 583 4094 non
605 4028 644 4095 de
667 4034 776 4096 saneta
799 4029 957 4111 trinitate;
982 4048 1138 4096 summam
1161 4031 1205 4095 52
1229 4029 1285 4095 do—

110 4215 285 4285 Fabrinium,
304 4215 473 4271 Bibliothena
490 4213 691 4280 ecclesiastiea)
710 4229 770 4282 oap.
786 4215 849 4268 137:
870 4214 1040 4284 „florigeras
1058 4243 1089 4252 -
1109 4212 1217 4281 soripslt
1234 4211 1286 4266 sub

111 4321 168 4362 sna
190 4311 220 4361 at
238 4304 383 4360 Adelboldi
406 4303 526 4373 apisoopi
548 4317 666 4371 persona
689 4302 828 4372 dialogum
851 4301 886 4357 de
909 4301 1078 4358 (ιιιιοιιιιιιιιι
1100 4301 1232 4356 ecelesiae
1251 4299 1285 4355 de

111 4393 239 4451 adventu
255 4392 396 4450 Domiui'‘.

160 4491 240 4544 dauri.
256 4494 400 4540 Bibliothena
416 4493 454 4537 lll.
1037 4487 1073 4543 24
