3090 4848
308 249 371 315 128
556 265 582 314 s.
600 265 776 314 munerun
796 267 841 313 nn
863 265 966 313 uuum
986 263 1175 314 amsuchan
1197 265 1229 312 ιι

217 417 270 473 ‘142
306 428 367 494 que
389 408 584 494 praelectus·
601 427 697 474 unum
720 407 947 494 presbiterum
971 407 1026 491 qui
1045 405 1235 490 hominibus,
1257 408 1389 492 peccata
1402 422 1467 470 con·

194 492 286 552 *⁹¹³¹
305 521 482 606 litantibus,
510 523 651 590 iudicare
680 527 713 589 et
739 522 879 588 indicare
907 521 1135 609 poenitentiam
1157 521 1289 608 possint
1324 519 1390 586 Nec
1412 539 1468 585 non

306 645 338 706 et
367 639 438 706 illas
466 639 649 706 venationes
677 644 709 706 et
740 638 899 706 silvaticas
923 639 1106 723 vagationes
1128 657 1200 704 cum
1223 637 1353 705 canibus
1376 635 1469 702 omni-

305 754 363 822 bus
387 755 487 822 servis
507 753 567 820 Dei
589 754 826 835 interdiximus;
849 753 1007 837 similiter,
1028 759 1066 820 ut
1088 752 1285 840 acceptoresb
1309 757 1342 818 et
1363 749 1470 819 waleo-

305 881 379 937 uss⁰
401 890 467 936 nou
488 868 634 936 habeant

395 985 599 1052 Decrevimus
635 1005 759 1072 quoque
792 984 983 1052 secunduml
1018 990 1198 1052 sanctorum
1233 991 1402 1052 canones·:
1442 987 1474 1046 nt

306 1121 388 1167 unus
404 1101 536 1186 quisque
552 1101 717 1187 presbiter,
741 1101 776 1166 in
790 1099 959 1188 parrochia
975 1099 1133 1184 habitans,
1156 1100 1303 1188 episcopo
1319 1097 1474 1166 subiectus

307 1215 351 1282 sit
372 1215 428 1300 illi,
451 1217 484 1282 in
507 1217 595 1282 cuius
618 1215 786 1304 parrochia
808 1216 937 1284 habitet
973 1217 1018 1284 Et
1035 1235 1160 1302 semper
1173 1215 1207 1282 in
1223 1211 1474 1300 quadragesima'

306 1331 462 1400 rationem
491 1337 523 1398 et
549 1331 693 1398 ordinem
714 1333 883 1400 ministerii
906 1335 971 1418 sui,
1000 1333 1068 1400 sive
1090 1332 1129 1400 de
1152 1331 1328 1418 baptismo·
1349 1331 1420 1397 sive
1441 1329 1476 1396 dc

306 1445 369 1515 lide
395 1445 547 1514 catholica
574 1447 641 1514 sire
669 1448 708 1516 de
736 1447 882 1534 precibus
910 1455 942 1516 et
971 1448 1080 1516 orrline
1103 1447 1300 1530 missamm⁵‚
1329 1445 1476 1533 episcopo

307 1563 419 1630 reddat
446 1569 478 1630 et
500 1562 654 1630 ostendat.
688 1563 732 1630 Et
753 1563 1013 1650 quandocumque
1035 1563 1116 1630 iure*
1138 1563 1288 1630 canonico
1312 1563 1476 1649 episeopus

308 1679 478 1746 circumeat
499 1678 700 1765 parrochiam
713 1679 847 1768 populos
863 1679 905 1747 ad
918 1677 1161 1763 confirmandos,
1183 1678 1339 1766 presbiter
1354 1697 1479 1765 semper

307 1801 438 1881 paratus
466 1795 509 1861 sit
537 1795 578 1861 ad
606 1795 841 1881 suscipiendum
864 1795 1047 1882 episcopum
1070 1815 1142 1862 cum
1164 1793 1347 1862 collectione
1369 1799 1404 1860 et
1427 1793 1478 1860 ad·

308 1911 423 1978 iutorio
451 1910 577 1998 populi,
609 1910 664 1995 qui
692 1910 737 1978 ibi
763 1909 945 1978 confirmari
973 1911 1074 1979 debet.
1114 1909 1158 1978 Et
1184 1909 1218 1975 in
1245 1928 1324 1976 cena
1351 1907 1479 1976 Domini

308 2045 433 2112 semper
455 2046 571 2093 norum
589 2026 724 2093 crisma¹
739 2025 779 2092 ab
801 2027 949 2114 episcopo
965 2032 1106 2113 quaerat,
1130 2029 1165 2092 ut
1180 2024 1375 2112 episcopum¹
1389 2025 1481 2092 testis

309 2142 442 2208 adsistat
464 2141 618 2208 castitatis
642 2147 674 2208 et
696 2141 780 2208 vitae
803 2147 836 2209 et
855 2141 931 2210 fidei
954 2147 986 2210 et
1007 2142 1168 2210 doetrinae
1190 2141 1285 2208 illins.

399 2254 590 2324 Statnimns:
614 2261 650 2324 ut
673 2256 844 2324 secundum
865 2257 1048 2326 canonicam
1064 2257 1244 2326 cantelamm
1259 2275 1368 2324 omnes
1382 2257 1484 2324 unde·

309 2393 442 2458 cumque
474 2373 731 2458 supervenientes
760 2374 885 2458 ignotos
914 2374 1078 2460 episcopos
1106 2373 1158 2440 vel
1187 2372 1379 2460 presbiteros
1410 2377 1484 2440 ante

308 2489 527 2576 probationem
553 2488 737 2575 synodalem
760 2488 794 2556 in
817 2489 1063 2558 ecclesiasticum
1085 2487 1316 2556 ministerium²
1338 2509 1405 2556 uon
1430 2487 1486 2556 ad·

310 2605 517 2671 mitteremus.

398 2719 618 2788 Deererimus:
644 2725 681 2786 ut
703 2719 875 2788 secundum
897 2739 1032 2788 omenes
1054 2739 1136 2786 unus
1160 2720 1292 2805 quisque
1315 2721 1487 2808 episcopus

310 2835 344 2902 iu
367 2855 424 2903 sua
446 2835 612 2922 parrochia
634 2835 879 2904 sollicitudinem
900 2835 1056 2922 adhibeat,
1080 2837 1248 2906 adiuvante
1263 2838 1417 2922 gravione
1433 2840 1490 2924 qui

311 2953 456 3021 defensor
479 2951 629 3020 ecclesiae
652 2957 710 3037 est,
737 2955 774 3018 ut
795 2951 931 3038 populus
954 2951 1015 3020 Dei
1037 2954 1190 3040 paganias
1211 2973 1277 3020 non
1298 2953 1407 3038 faeiat,
1433 2952 1491 3021 sed

311 3074 349 3135 ut
376 3088 484 3135 omnes
514 3068 681 3156 spurcitias
710 3066 897 3151 gentilitatis
924 3067 1040 3135 abiciat
1062 3073 1094 3136 et
1116 3074 1253 3157 respuat
1290 3067 1363 3136 Sive
1385 3071 1491 3138 saeri-

310 3183 383 3251 licia
413 3189 609 3250 mortuorum
643 3183 709 3251 sire
744 3183 910 3268 sortilegos
944 3184 997 3252 vel
1024 3183 1148 3252 divinos
1177 3185 1243 3252 sive
1271 3183 1430 3253 filacteria
1460 3192 1494 3254 et

312 3301 445 3384 auguria
478 3299 545 3367 sive
577 3300 806 3368 incantationes
840 3300 908 3368 sive
941 3300 1060 3368 hostias
1095 3301 1316 3368 immolaticias
1338 3323 1493 3389 —quas

313 3416 402 3486 stulti
428 3415 572 3483 homines
598 3416 689 3482 iuxta
716 3415 864 3482 ecclesias
891 3415 957 3482 ritu
984 3435 1108 3502 pagano
1133 3417 1254 3484 faciunt
1276 3417 1334 3484 sub
1355 3419 1496 3486 nomine

313 3539 493 3602 sanctorum
521 3537 695 3617 martyrum
723 3531 774 3597 vel
802 3531 1033 3615 confessorum,
1062 3531 1166 3599 Deum
1195 3537 1227 3600 et
1255 3553 1327 3599 suos
1357 3539 1497 3602 sanctos

313 3648 355 3716 ad
380 3647 576 3716 iracundiam
598 3651 805 3733 provocantes
828 3683 870 3692 —
895 3647 962 3714 sive
984 3647 1056 3714 illos
1080 3647 1247 3732 sacrilegos
1270 3649 1375 3732 ignes,
1408 3669 1497 3735 quos

312 3759 488 3832 niedlsor⁰¹
506 3768 630 3846 vocant,
652 3763 718 3830 siva
734 3783 853 3847 omnes,
877 3781 1091 3849 quaecumque
1109 3769 1193 3849 sunt,
1216 3783 1417 3850 pagauomm
1436 3767 1498 3834 ob-

313 3880 506 3946 servationes
529 3879 713 3961 diligenter·
735 3878 932 3965 prohibeant

386 4015 407 4049 a.
429 4001 543 4063 perlectus
565 4005 599 4049 Μ.
680 4001 703 4048 b.
725 4019 781 4048 corr.
799 4005 821 4048 br
842 4003 962 4062 acclpitres
985 4007 1011 4051 ι’.
1093 4017 1112 4050 e.
1133 4002 1234 4050 falcones
1256 4005 1282 4051 C.
1361 4003 1382 4051 d.
1405 4019 1499 4055 secuu-

314 4081 367 4129 dum
384 4083 475 4129 addidi.
500 4085 536 4138 Cf.
553 4085 623 4138 iufra.
693 4095 713 4127 a.
733 4083 854 4140 sequentes
871 4083 921 4128 ulia
937 4099 1005 4128 manu
1020 4086 1192 4142 superscriptum
1208 4092 1242 4131 cel
1257 4084 1279 4130 in
1296 4086 1323 4131 C.
1392 4085 1412 4130 f.
1437 4099 1500 4148 qun·

313 4161 449 4219 dragissim
467 4161 495 4208 V.
556 4173 578 4217 g.
599 4159 732 4219 bsptissimo
752 4162 779 4206 V.
841 4159 864 4206 b.
883 4161 991 4207 misarum
1009 4161 1037 4208 V.
1099 4163 1114 4208 l.
1133 4163 1195 4210 lurae
1213 4167 1247 4210 Μ.
1308 4163 1332 4209 h.
1347 4163 1443 4212 krisma
1463 4171 1502 4214 31.

313 4240 329 4286 1.
350 4257 406 4286 corr.
422 4242 445 4286 in
461 4239 582 4298 episcopus
599 4241 654 4286 MC.
716 4253 747 4285 m.
767 4237 886 4286 cautellam
905 4241 933 4287 V.
994 4255 1017 4287 n.
1039 4242 1195 4300 minpsterium
1213 4245 1246 4289 dl.
1310 4255 1331 4289 o.
1352 4237 1450 4292 nicdfr's
1472 4249 1502 4302 C,

313 4317 368 4365 nied
384 4317 417 4365 lr's
436 4319 463 4364 V.
540 4330 563 4378 p.
585 4317 707 4376 diligentes
724 4319 781 4364 MV.

387 4397 411 4450 1.
435 4393 477 4452 cl.
496 4393 601 4452 Grimm
618 4393 758 4452 Deutsche
776 4395 944 4467 ilytbologr'e
962 4395 1016 4465 (ed.
1034 4397 1128 4467 tertia)
1145 4397 1231 4454 15⁷0.
