3176 4846
299 293 367 360 582
713 313 793 359 4444
817 313 1011 360 4444444444
1032 313 1059 360 11

411 457 461 520 sot
482 457 589 520 menet
610 454 750 521 insontes
772 474 902 538 meroes,
925 473 1056 541 penetro
1077 453 1241 538 timeutss3

410 569 445 635 in
469 589 601 654 quorum
624 589 755 636 numero
778 575 867 637 tenet
887 569 1102 653 Aideibertus)
1125 571 1286 656 honorem,

341 703 388 751 444
410 691 554 770 tempore
577 686 631 770 qui
653 691 761 752 tenero
784 687 898 752 metuit
919 687 1038 754 violore
1060 688 1221 774 pudorem.

412 800 609 887 Materiaque
630 801 705 866 lieet
727 801 879 887 poooendi
900 822 963 868 non
985 803 1150 887 seruisset

411 916 486 983 dum
510 937 599 983 meus
623 922 711 983 ueste
732 917 807 983 licet
828 917 918 983 vieiis
940 917 1005 984 lobi
1028 920 1192 1004 potuisset,

408 1031 464 1100 ille
485 1037 594 1099 tomen
616 1033 735 1115 stabnt,
759 1031 878 1098 frustra
897 1039 1059 1119 pugnante
1082 1033 1230 1121 proooiln,

410 1148 652 1234 exemplumque
674 1148 772 1214 debet
792 1153 902 1214 eontra
923 1150 1065 1215 44444114
1086 1149 1178 1218 bellu

674 1351 827 1422 TERGIA
850 1353 1093 1422 DISTINGTIO.

342 1513 388 1559 444
413 1493 480 1562 Iam
503 1493 594 1561 iebor
615 1501 647 1560 et
669 1494 775 1561 studio
796 1500 942 1600 creseunt
962 1495 1094 1563 florento
1117 1497 1237 1584 sophie,

413 1609 535 1677 ortibus
558 1610 722 1676 immensis
746 1610 831 1676 soolo
852 1612 916 1678 iem
939 1611 1025 1695 riget
1045 1619 1140 1679 sueto
1161 1611 1334 1697 Remensis‚

411 1746 483 1792 eum
506 1723 639 1792 florente
660 1731 747 1792 stetu
770 1727 866 1792 studii
888 1747 939 1793 res
961 1727 1060 1810 digno
1080 1728 1183 1795 relstu

409 1841 541 1925 eontigit
564 1861 584 1907 4
605 1841 698 1908 eluro.
734 1840 802 1908 Nee
822 1841 936 1908 fulsum
961 1844 1078 1910 misnen
1101 1865 1186 1911 roro.

454 1955 572 2023 Christi
594 1957 715 2041 nutele,
738 1958 828 2044 lopso
851 1959 968 2044 populo
990 1959 1124 2043 veniale,

342 2073 474 2139 4441444
498 2091 597 2159 propo
620 2073 791 2157 transibat,
815 2074 891 2140 oleri
913 2093 983 2140 oum
1008 2075 1101 2142 turbe
1123 2075 1237 2160 ooibeo,

409 2194 446 2255 ut
468 2189 661 2256 consuetudo
683 2190 802 2256 fuerat:
827 2191 1014 2257 contendere
1035 2191 1120 2257 ludo.

410 2303 558 2370 Nondum
580 2305 725 2392 preteriti
746 2325 819 2372 oum
842 2325 917 2392 pers
939 2306 1021 2373 foret
1042 2307 1155 2372 ultime
1175 2307 1260 2392 festi,

410 2418 510 2502 frigus
533 2421 731 2506 inhorrebat,
754 2422 807 2487 rie
829 2421 887 2488 sub
909 2423 982 2487 nive
1004 2427 1087 2489 teoto
1109 2422 1236 2506 latebat,

408 2532 504 2602 lenus
527 2542 558 2602 et
580 2537 736 2622 iustsbet‚
760 2536 834 2602 ludo
856 2538 946 2624 plebs
969 2543 1036 2604 totu
1058 2537 1199 2622 recubet,

341 2669 387 2717 seo
410 2657 522 2718 mutue
543 2651 626 2718 belle
648 2653 715 2736 geri
738 2654 850 2720 statuit
871 2673 943 2720 eom
966 2655 1074 2721 conoio
1097 2654 1181 2720 olori.

408 2765 579 2835 Frontibus
602 2769 766 2856 oppositis,
789 2767 924 2834 Romani
945 2789 1033 2836 more
1056 2771 1181 2855 quiritis

410 2903 559 2968 morsque
582 2891 757 2952 nestrorum
779 2882 914 2951 luterum
939 2885 1027 2952 stetit
1049 2886 1126 2953 ordo
1149 2885 1296 2968 duorum3

412 3005 545 3084 utreque
567 3001 732 3068 ductorum
755 3006 861 3068 serrat
883 3019 958 3086 pers
981 3002 1072 3085 signo
1095 3021 1233 3084 enorum,

413 3114 453 3180 ud
476 3135 608 3201 qnorum
632 3121 744 3183 nutum
766 3121 845 3200 stet,
868 3122 905 3182 ut
926 3124 975 3183 est
995 3117 1029 3183 in
1051 3117 1153 3184 Morte
1175 3121 1338 3203 statutum,

344 3249 391 3296 ero
413 3237 538 3318 tempus
561 3237 597 3298 ut
617 3233 690 3320 ipse
711 3232 806 3316 seiet,
831 3251 893 3316 quo
915 3232 1103 3300 conflictatio
1126 3231 1191 3299 fiat.

412 3345 552 3432 Utroque
575 3367 650 3434 pers
673 3355 811 3435 spectet,
835 3347 972 3414 iaculum
996 3369 1056 3433 quo
1078 3349 1199 3418 missile
1220 3348 1336 3435 flectet,
1449 3375 1452 3378 ·
1581 3425 1582 3432 χ

414 3467 517 3528 estoit
540 3469 572 3530 et
594 3465 690 3548 seire,
714 3483 807 3550 quem
830 3465 933 3550 possit
955 3465 1087 3550 quisque
1108 3465 1212 3532 144144.

459 3577 514 3645 Set
534 3579 641 3646 144441
660 3579 759 3647 ierms
781 3585 882 3647 totum
907 3581 1000 3647 simul
1024 3599 1136 3664 agonen
1159 3582 1295 3664 inerme;

412 3714 488 3760 num
510 3714 569 3762 neo
591 3696 636 3761 eis
659 3702 749 3763 soute
771 3697 897 3764 fuerent
919 3717 977 3764 noe
999 3698 1105 3784 cuspis
1127 3703 1231 3782 enutu

346 3827 391 3877 444
414 3831 473 3878 noe
494 3812 577 3894 riget
599 3832 673 3879 ense
695 3812 794 3896 lotus,
817 3834 875 3880 neo
896 3819 1006 3880 vortex
1030 3817 1078 3878 est
1099 3813 1252 3898 galeatus,

414 3946 472 3994 noo
493 3926 591 3994 lorice
613 3929 735 4012 4444414,
759 3933 903 3994 eonsorto
924 3927 1080 3995 trilioibus
1102 3929 1215 4014 hemis,

415 4042 557 4109 membro
579 4044 639 4108 viri
662 4044 795 4128 pressit,
819 4045 873 4128 qui
896 4045 996 4111 cirion
1017 4045 1118 4132 prelio
1140 4045 1247 4128 gessit

415 4157 515 4224 Arme
536 4159 736 4225 ministrabat
756 4160 828 4243 nix,
851 4160 981 4226 dextere
1003 4180 1098 4244 quem
1119 4160 1323 4245 glomerabat

415 4275 518 4360 thue
541 4274 635 4342 dueos
658 4275 732 4341 belli
754 4275 870 4362 populo
894 4277 972 4344 dant
992 4277 1084 4360 signe
1105 4277 1226 4362 robelli,

347 4407 393 4454 444
415 4391 553 4456 uultibus
576 4391 739 4475 horrendi,
762 4391 878 4458 bellum
901 4390 992 4458 eiviio
1015 4393 1170 4476 movendi,
