3024 4864
297 215 360 284 162
542 233 569 282 s.
585 233 762 282 normann
783 234 827 282 nu
849 234 952 282 nunnr
973 233 1160 282 nemronsn
1187 233 1217 280 sc

125 395 150 438 c.
163 381 423 462 raa-cmoperum
451 373 526 442 dare
553 375 702 461 primitus
732 379 878 462 oportet:
907 379 943 440 ut
971 374 1129 461 incoeptio
1158 373 1295 458 gloriosa
1317 391 1444 457 —quac

294 495 357 575 est,
387 495 423 556 ut
450 489 601 574 arbitror,
631 491 812 577 apostolicis
841 490 1024 576 coequanda
1045 488 1269 558 certaminibus
1294 525 1335 536 —
1358 487 1445 554 nulla·

292 613 384 674 tenus
406 611 538 693 propter
558 605 686 672 illorum
706 607 869 674 deseratur
884 607 1026 691 insidior,
1050 607 1115 691 qui,
1138 606 1218 672 dolis
1233 605 1385 686 instructi,
1404 624 1446 670 sa·

291 723 437 790 letiferae
465 722 569 789 solent
590 722 737 790 resistere
760 722 930 789 doctrinae.
978 721 1041 790 Sed
1063 727 1151 789 tanto
1174 721 1323 789 libentius
1345 719 1447 786 inlatm

293 838 493 906 difficultates
515 839 662 904 ferendae
686 843 774 923 sunt,
805 844 922 924 quanto
952 839 1068 905 certius
1097 838 1310 926 conperimus:
1340 841 1448 922 sancto

292 976 364 1022 rum
392 973 460 1022 esse
489 973 526 1021 ao
554 959 731 1041 martyrum
758 956 792 1022 in
820 955 937 1022 mundo
965 975 1146 1041 pressuras,
1180 954 1214 1020 in
1242 952 1329 1020 caelo
1357 955 1449 1018 autem

293 1069 561 1157 copiosissimam,
591 1069 729 1137 Domino
756 1070 972 1158 promittente,
1001 1071 1211 1152 mercedem·;
1242 1089 1335 1155 quem
1357 1074 1387 1136 et
1405 1068 1450 1134 hic

293 1185 525 1270 auxiliatorem,
549 1185 577 1252 si
600 1190 724 1253 tautum
746 1187 781 1253 in
802 1186 1058 1254 tribulationibus
1076 1186 1273 1254 tollerantiae
1288 1205 1352 1251 non
1365 1183 1449 1266 tedet,

293 1307 325 1370 et
346 1301 426 1386 illic,
450 1321 522 1369 eum
543 1301 636 1369 iustis
659 1303 814 1387 gavisuri,
844 1307 1113 1372 remuneratorem
1136 1321 1314 1369 mereamur
1336 1301 1449 1366 habere.

293 1417 508 1504 Quapropter,
536 1437 608 1485 cum
629 1419 745 1486 caritas
769 1418 973 1488 excellentiae
995 1424 1069 1486 tune
1092 1418 1259 1485 consilium
1281 1416 1343 1483 sibi
1366 1435 1452 1481 ano

292 1539 360 1601 stra
380 1534 537 1620 parvitate
557 1539 666 1620 petere
689 1535 819 1620 dignata
841 1536 897 1619 sit,
926 1535 985 1602 hoc
1008 1535 1225 1602 existimamus
1247 1533 1450 1619 profuturum:

293 1655 446 1736 quatenus
475 1651 594 1718 invicta
620 1651 776 1737 patientia
800 1651 941 1738 persone
963 1652 1104 1735 studeat,
1135 1650 1219 1736 quod
1240 1649 1323 1716 nonl
1348 1648 1453 1732 absque

292 1766 370 1833 Dei⁸
392 1765 593 1853 providentia
613 1767 799 1853 provenired
823 1788 887 1834 non
908 1768 1038 1834 nesciat

382 1881 530 1961 Quamvis
554 1903 628 1966 ergo
652 1879 836 1949 forasticae¹
852 1903 976 1970 pugnae
993 1883 1149 1970 pernicies
1167 1901 1242 1950 sere
1256 1882 1308 1966 sit,
1332 1882 1453 1968 ipsaque

293 1999 430 2066 atrocius
465 1998 616 2066 intestina
642 1997 843 2065 formidanda
868 1999 1016 2066 ferocitas
1044 2003 1156 2066 noceat
1181 1997 1330 2083 -quod
1357 1998 1455 2081 utique

294 2134 358 2181 non
386 2115 501 2181 miror:
531 2135 604 2180 cum
627 2113 771 2180 Christus
794 2113 880 2181 lesus
904 2114 980 2182 olim
1003 2115 1133 2180 fratrem
1163 2115 1302 2180 efraim
1325 2113 1360 2180 in
1380 2131 1455 2178 mor·

293 2235 358 2298 tem
382 2251 450 2297 esse
472 2229 661 2296 uadendum
685 2233 819 2296 testatus
842 2235 906 2315 est,
930 2229 1084 2298 etlilium
1107 2251 1127 2296 a
1148 2233 1239 2317 patre
1262 2235 1303 2296 et·
1316 2233 1455 2316 parentes

294 2367 314 2412 a
336 2345 502 2433 nepotibus
525 2351 655 2433 propter
676 2367 791 2414 nomen
815 2366 907 2413 suum
928 2342 1173 2429 necandos'—3
1197 2345 1272 2412 licet
1287 2345 1456 2432 inpugnan-

294 2466 343 2529 tes
371 2481 429 2548 per
463 2481 606 2528 escarum
640 2462 983 2549 superstitiosissimam
1013 2462 1264 2530 observationem
1293 2461 1357 2528 Dei
1386 2478 1456 2546 opus

294 2577 415 2646 doum
438 2583 608 2662 quaerunt,
633 2574 730 2664 quae¹
753 2578 982 2665 propemodum
1004 2579 1130 2664 inipso
1153 2598 1213 2644 usu
1234 2577 1373 2644 hominis
1394 2573 1457 2663 pari

294 2693 484 2762 detrimento
506 2694 655 2780 peribunt
677 2731 719 2740 —
744 2699 799 2761 aut
821 2695 864 2780 si,
893 2700 986 2781 turpe
1008 2695 1130 2762 lucrum
1154 2699 1329 2779 sectantes,
1360 2691 1458 2760 adola-

294 2810 406 2878 tionis·
434 2810 539 2894 gratia
561 2810 610 2877 vel
633 2811 729 2878 etiam
751 2812 893 2898 ipsorum
915 2809 1033 2894 laudis,
1062 2815 1185 2878 restrae
1207 2831 1282 2876 vero
1304 2811 1458 2895 vitupera·

294 2928 400 3012 tionis,
422 2925 503 2994 falso
526 2927 727 2994 securitatem
749 2926 875 3013 populis
896 2926 1116 3012 pronuntient¹
1139 2945 1185 3008 ac,
1209 2925 1284 2993 licta
1300 2925 1458 3007 blanditie,

294 3043 383 3130 pacis
407 3042 651 3130 appellationem
674 3042 871 3126 ingeminent
892 3047 925 3110 et
946 3042 1118 3110 secumdum
1140 3041 1235 3110 Esaie
1262 3040 1459 3109 vaticinantis

293 3159 495 3246 praesagium
518 3161 653 3226 dicentes
676 3161 948 3241 melamborium,
980 3173 1009 3227 et
1035 3161 1150 3226 bonam
1178 3155 1314 3226 malam*
1338 3163 1372 3226 et
1393 3155 1460 3224 reli·

296 3295 373 3360 qua3
403 3275 453 3342 vel
476 3275 503 3341 si
526 3280 681 3360 segetem,
710 3281 834 3343 vestrae
856 3274 1091 3344 venerabilitati
1111 3274 1327 3358 commissam,
1360 3269 1460 3340 sterile

293 3389 405 3456 lolium
427 3391 644 3459 interserendo
667 3390 819 3460 suffocare
842 3396 1009 3472 conentur;
1033 3391 1126 3477 quia⁸
1141 3391 1250 3476 utique
1265 3394 1339 3456 ante
1354 3387 1461 3456 messis

296 3506 512 3573 maturitatem
542 3507 577 3572 in
607 3507 743 3592 quodam
767 3512 922 3575 commate
953 3507 1152 3593 conpescitur
1182 3503 1301 3590 evelli‘,
1337 3505 1378 3573 de
1406 3521 1461 3590 qno

296 3621 423 3690 uberius
444 3623 530 3689 inira
551 3622 690 3690 dicemus
703 3647 762 3706 -3
786 3624 876 3708 licet,
904 3625 1052 3709 inquam,
1077 3627 1204 3690 actenus
1226 3621 1373 3688 inaudita
1394 3639 1462 3706 pro-

295 3737 400 3806 ferant
421 3739 571 3823 dogmata
593 3738 634 3806 ad
655 3739 842 3826 decipienda
863 3741 968 3807 minus
991 3737 1240 3823 intellegentium
1256 3737 1362 3822 corda,
1387 3754 1462 3822 quae

296 3875 370 3939 vos,
399 3855 433 3922 iu
456 3855 571 3921 divinis
594 3854 804 3922 voluminibus
828 3856 947 3943 optime
969 3856 1125 3940 eruditos,
1154 3874 1255 3940 neque
1285 3853 1326 3920 ad
1354 3853 1462 3921 horam

369 4001 389 4035 ι.
405 3991 504 4051 sequitur
519 3987 603 4036 habere
618 3991 790 4050 summam
806 3992 829 4036 ia
840 3993 875 4036 M.
937 3989 960 4037 b.
975 4003 1023 4038 non
1035 3989 1126 4037 addidi.
1189 4001 1208 4034 t.
1225 4004 1267 4034 on.
1277 3991 1313 4034 M,
1377 3987 1400 4032 d.
1415 3997 1463 4044 pot-

296 4069 373 4118 ranirc
389 4073 424 4125 Μ,
441 4087 498 4116 corr.
514 4073 537 4116 r's
551 4069 672 4130 provenire
689 4073 715 4118 C.
778 4083 798 4116 e.
820 4087 877 4116 corr.
893 4072 916 4116 in
931 4069 1069 4116 adulationis
1082 4072 1108 4118 c.
1169 4067 1186 4114 f.
1206 4067 1356 4127 pronuntiant
1372 4065 1463 4112 cerain

295 4150 444 4209 pronuntient
453 4153 489 4206 M,
503 4150 653 4209 pronuntiant
668 4153 694 4198 C.
772 4162 794 4208 g.
814 4166 871 4196 corr.
887 4151 909 4195 io
925 4148 987 4209 quod
1005 4152 1031 4198 c.

368 4245 392 4300 1.
416 4247 555 4301 enemo.
653 4246 679 4300 a.
702 4241 798 4300 men.
816 4245 916 4315 10,21.
1014 4243 1041 4299 e.
1065 4257 1155 4299 eras.
1252 4242 1279 4298 c
1302 4241 1367 4297 nst
1383 4239 1463 4310 sao.

297 4333 323 4388 e.
341 4333 376 4390 ν.
393 4332 490 4390 naun.
503 4334 546 4405 13,
559 4334 603 4390 so.
