<?xml version="1.0" encoding="UTF-8"?>
<!DOCTYPE html PUBLIC "-//W3C//DTD XHTML 1.0 Transitional//EN"
    "http://www.w3.org/TR/xhtml1/DTD/xhtml1-transitional.dtd">
<html xmlns="http://www.w3.org/1999/xhtml" xml:lang="en" lang="en">
 <head>
  <title>
</title>
<meta http-equiv="Content-Type" content="text/html;charset=utf-8" />
  <meta name='ocr-system' content='tesseract 3.04.00' />
  <meta name='ocr-capabilities' content='ocr_page ocr_carea ocr_par ocr_line ocrx_word'/>
</head>
<body>
  <div class='ocr_page' id='page_1' title='image "./bibliothecareru03jaffgoog_0690.png"; bbox 0 0 3144 4852; ppageno 0'>
   <div class='ocr_carea' id='block_1_1' title="bbox 322 250 1284 318">
    <p class='ocr_par' dir='ltr' id='par_1_1' title="bbox 322 250 1284 318">
     <span class='ocr_line' id='line_1_1' title="bbox 322 250 1284 318; baseline 0 -2"><span class='ocrx_word' id='word_1_1' title='bbox 322 250 388 316; x_wconf 78' lang='lat'><strong>674</strong></span> <span class='ocrx_word' id='word_1_2' title='bbox 526 269 605 314; x_wconf 77' lang='lat' dir='ltr'><strong>mnu</strong></span> <span class='ocrx_word' id='word_1_3' title='bbox 627 267 782 316; x_wconf 76' lang='lat' dir='ltr'><strong>saroam</strong></span> <span class='ocrx_word' id='word_1_4' title='bbox 806 267 1065 318; x_wconf 77' lang='lat' dir='ltr'><strong>sncmserscom</strong></span> <span class='ocrx_word' id='word_1_5' title='bbox 1087 267 1284 316; x_wconf 74' lang='lat' dir='ltr'><strong>noeumane</strong></span> 
     </span>
    </p>
   </div>
   <div class='ocr_carea' id='block_1_2' title="bbox 153 406 1491 3978">
    <p class='ocr_par' dir='ltr' id='par_1_2' title="bbox 153 406 1489 1308">
     <span class='ocr_line' id='line_1_2' title="bbox 199 406 1485 496; baseline 0.005 -27"><span class='ocrx_word' id='word_1_6' title='bbox 199 416 269 470; x_wconf 81' lang='lat'>116⁰</span> <span class='ocrx_word' id='word_1_7' title='bbox 322 429 430 476; x_wconf 88' lang='lat' dir='ltr'><strong>omnes</strong></span> <span class='ocrx_word' id='word_1_8' title='bbox 459 415 685 496; x_wconf 75' lang='lat' dir='ltr'><strong>concrepantes</strong></span> <span class='ocrx_word' id='word_1_9' title='bbox 712 411 746 476; x_wconf 95' lang='lat' dir='ltr'><strong>in</strong></span> <span class='ocrx_word' id='word_1_10' title='bbox 774 429 889 493; x_wconf 90' lang='lat' dir='ltr'><strong>unum,</strong></span> <span class='ocrx_word' id='word_1_11' title='bbox 926 408 1052 493; x_wconf 68' lang='lat' dir='ltr'><strong>doubs,</strong></span> <span class='ocrx_word' id='word_1_12' title='bbox 1084 408 1240 494; x_wconf 89' lang='lat' dir='ltr'><strong>simulque</strong></span> <span class='ocrx_word' id='word_1_13' title='bbox 1268 409 1395 476; x_wconf 93' lang='lat' dir='ltr'><strong>domino</strong></span> <span class='ocrx_word' id='word_1_14' title='bbox 1422 406 1485 476; x_wconf 88' lang='lat' dir='ltr'><strong>Deo</strong></span> 
     </span>
     <span class='ocr_line' id='line_1_3' title="bbox 153 487 1486 610; baseline -0.001 -19"><span class='ocrx_word' id='word_1_15' title='bbox 153 487 201 534; x_wconf 51' lang='grc' dir='ltr'><strong>Μ</strong></span> <span class='ocrx_word' id='word_1_16' title='bbox 213 490 304 538; x_wconf 52' lang='grc' dir='ltr'><strong>Ήὸ</strong></span> <span class='ocrx_word' id='word_1_17' title='bbox 322 525 522 593; x_wconf 67' lang='lat' dir='ltr'><strong>ostendentes</strong></span> <span class='ocrx_word' id='word_1_18' title='bbox 546 525 668 592; x_wconf 90' lang='lat' dir='ltr'><strong>tunicas</strong></span> <span class='ocrx_word' id='word_1_19' title='bbox 691 531 723 592; x_wconf 91' lang='lat' dir='ltr'><strong>et</strong></span> <span class='ocrx_word' id='word_1_20' title='bbox 746 532 848 592; x_wconf 86' lang='lat' dir='ltr'><strong>vestes</strong></span> <span class='ocrx_word' id='word_1_21' title='bbox 872 531 904 592; x_wconf 89' lang='lat' dir='ltr'><strong>et</strong></span> <span class='ocrx_word' id='word_1_22' title='bbox 926 525 1056 592; x_wconf 88' lang='lat' dir='ltr'><strong>diutinis</strong></span> <span class='ocrx_word' id='word_1_23' title='bbox 1080 525 1256 608; x_wconf 88' lang='lat' dir='ltr'><strong>alimoniis,</strong></span> <span class='ocrx_word' id='word_1_24' title='bbox 1284 525 1397 610; x_wconf 89' lang='lat' dir='ltr'><strong>quibus</strong></span> <span class='ocrx_word' id='word_1_25' title='bbox 1420 533 1486 590; x_wconf 83' lang='lat' dir='ltr'><strong>eoa·</strong></span> 
     </span>
     <span class='ocr_line' id='line_1_4' title="bbox 321 639 1487 729; baseline -0.002 -21"><span class='ocrx_word' id='word_1_26' title='bbox 321 641 487 728; x_wconf 88' lang='lat' dir='ltr'><strong>episcopos</strong></span> <span class='ocrx_word' id='word_1_27' title='bbox 510 647 637 708; x_wconf 87' lang='lat' dir='ltr'><strong>sanctas</strong></span> <span class='ocrx_word' id='word_1_28' title='bbox 654 641 805 729; x_wconf 83' lang='lat' dir='ltr'><strong>expleret,</strong></span> <span class='ocrx_word' id='word_1_29' title='bbox 828 642 945 708; x_wconf 87' lang='lat' dir='ltr'><strong>referta</strong></span> <span class='ocrx_word' id='word_1_30' title='bbox 960 641 1134 728; x_wconf 87' lang='lat' dir='ltr'><strong>precordia</strong></span> <span class='ocrx_word' id='word_1_31' title='bbox 1169 641 1213 708; x_wconf 90' lang='lat' dir='ltr'><strong>Et</strong></span> <span class='ocrx_word' id='word_1_32' title='bbox 1227 639 1404 708; x_wconf 85' lang='lat' dir='ltr'><strong>baiulantes</strong></span> <span class='ocrx_word' id='word_1_33' title='bbox 1418 660 1487 726; x_wconf 90' lang='lat' dir='ltr'><strong>pre-</strong></span> 
     </span>
     <span class='ocr_line' id='line_1_5' title="bbox 321 755 1486 841; baseline -0.003 -17"><span class='ocrx_word' id='word_1_34' title='bbox 321 756 531 826; x_wconf 90' lang='lat' dir='ltr'><strong>ciosissimum</strong></span> <span class='ocrx_word' id='word_1_35' title='bbox 566 758 660 824; x_wconf 88' lang='lat' dir='ltr'><strong>funus</strong></span> <span class='ocrx_word' id='word_1_36' title='bbox 693 756 731 823; x_wconf 91' lang='lat' dir='ltr'><strong>de</strong></span> <span class='ocrx_word' id='word_1_37' title='bbox 766 757 936 824; x_wconf 83' lang='lat' dir='ltr'><strong>solitudine</strong></span> <span class='ocrx_word' id='word_1_38' title='bbox 969 777 1136 824; x_wconf 87' lang='lat' dir='ltr'><strong>cavearum</strong></span> <span class='ocrx_word' id='word_1_39' title='bbox 1165 758 1349 841; x_wconf 79' lang='lat' dir='ltr'><strong>viarumque</strong></span> <span class='ocrx_word' id='word_1_40' title='bbox 1376 755 1486 838; x_wconf 74' lang='lat' dir='ltr'><strong>bivio&#39;‚</strong></span> 
     </span>
     <span class='ocr_line' id='line_1_6' title="bbox 321 871 1488 960; baseline -0.003 -20"><span class='ocrx_word' id='word_1_41' title='bbox 321 893 427 940; x_wconf 91' lang='lat' dir='ltr'><strong>coram</strong></span> <span class='ocrx_word' id='word_1_42' title='bbox 442 873 510 942; x_wconf 91' lang='lat' dir='ltr'><strong>Deo</strong></span> <span class='ocrx_word' id='word_1_43' title='bbox 533 875 567 938; x_wconf 91' lang='lat' dir='ltr'><strong>in</strong></span> <span class='ocrx_word' id='word_1_44' title='bbox 589 879 699 940; x_wconf 86' lang='lat' dir='ltr'><strong>sancta</strong></span> <span class='ocrx_word' id='word_1_45' title='bbox 721 879 900 940; x_wconf 87' lang='lat' dir='ltr'><strong>sanctorum</strong></span> <span class='ocrx_word' id='word_1_46' title='bbox 924 873 1114 955; x_wconf 80' lang='lat' dir='ltr'><strong>intulerunt3</strong></span> <span class='ocrx_word' id='word_1_47' title='bbox 1137 893 1196 960; x_wconf 89' lang='lat' dir='ltr'><strong>per</strong></span> <span class='ocrx_word' id='word_1_48' title='bbox 1218 877 1320 938; x_wconf 89' lang='lat' dir='ltr'><strong>totum</strong></span> <span class='ocrx_word' id='word_1_49' title='bbox 1339 871 1419 938; x_wconf 95' lang='lat' dir='ltr'><strong>illud</strong></span> <span class='ocrx_word' id='word_1_50' title='bbox 1433 871 1488 936; x_wconf 89' lang='lat' dir='ltr'><strong>tri·</strong></span> 
     </span>
     <span class='ocr_line' id='line_1_7' title="bbox 321 986 1488 1076; baseline -0.003 -20"><span class='ocrx_word' id='word_1_51' title='bbox 321 989 417 1056; x_wconf 89' lang='lat' dir='ltr'><strong>duum</strong></span> <span class='ocrx_word' id='word_1_52' title='bbox 447 995 480 1058; x_wconf 89' lang='lat' dir='ltr'><strong>et</strong></span> <span class='ocrx_word' id='word_1_53' title='bbox 506 989 654 1075; x_wconf 77' lang='lat' dir='ltr'><strong>deinceps</strong></span> <span class='ocrx_word' id='word_1_54' title='bbox 682 990 716 1056; x_wconf 95' lang='lat' dir='ltr'><strong>in</strong></span> <span class='ocrx_word' id='word_1_55' title='bbox 744 989 889 1057; x_wconf 86' lang='lat' dir='ltr'><strong>laudibus</strong></span> <span class='ocrx_word' id='word_1_56' title='bbox 917 989 1049 1076; x_wconf 90' lang='lat' dir='ltr'><strong>psalmis</strong></span> <span class='ocrx_word' id='word_1_57' title='bbox 1072 995 1104 1056; x_wconf 93' lang='lat' dir='ltr'><strong>et</strong></span> <span class='ocrx_word' id='word_1_58' title='bbox 1126 987 1408 1076; x_wconf 72' lang='lat' dir='ltr'><strong>supplicationibus</strong></span> <span class='ocrx_word' id='word_1_59' title='bbox 1430 986 1488 1054; x_wconf 90' lang='lat' dir='ltr'><strong>sibi</strong></span> 
     </span>
     <span class='ocr_line' id='line_1_8' title="bbox 321 1103 1488 1191; baseline -0.002 -19"><span class='ocrx_word' id='word_1_60' title='bbox 321 1105 528 1188; x_wconf 77' lang='lat' dir='ltr'><strong>excubantes,</strong></span> <span class='ocrx_word' id='word_1_61' title='bbox 552 1111 584 1171; x_wconf 92' lang='lat' dir='ltr'><strong>et</strong></span> <span class='ocrx_word' id='word_1_62' title='bbox 606 1104 848 1172; x_wconf 89' lang='lat' dir='ltr'><strong>elemosinarum</strong></span> <span class='ocrx_word' id='word_1_63' title='bbox 871 1107 1221 1191; x_wconf 87' lang='lat' dir='ltr'><strong>misericordiarumqne</strong></span> <span class='ocrx_word' id='word_1_64' title='bbox 1243 1125 1371 1170; x_wconf 88' lang='lat' dir='ltr'><strong>suarum</strong></span> <span class='ocrx_word' id='word_1_65' title='bbox 1395 1103 1488 1190; x_wconf 81' lang='lat' dir='ltr'><strong>depo</strong></span> 
     </span>
     <span class='ocr_line' id='line_1_9' title="bbox 322 1219 1489 1308; baseline -0.001 -20"><span class='ocrx_word' id='word_1_66' title='bbox 322 1222 427 1306; x_wconf 89' lang='lat' dir='ltr'><strong>sitnm,</strong></span> <span class='ocrx_word' id='word_1_67' title='bbox 452 1221 535 1305; x_wconf 92' lang='lat' dir='ltr'><strong>qnod</strong></span> <span class='ocrx_word' id='word_1_68' title='bbox 559 1241 578 1286; x_wconf 89' lang='lat' dir='ltr'><strong>a</strong></span> <span class='ocrx_word' id='word_1_69' title='bbox 599 1222 668 1288; x_wconf 88' lang='lat' dir='ltr'><strong>viro</strong></span> <span class='ocrx_word' id='word_1_70' title='bbox 692 1229 801 1288; x_wconf 86' lang='lat' dir='ltr'><strong>sancto</strong></span> <span class='ocrx_word' id='word_1_71' title='bbox 824 1223 1006 1290; x_wconf 90' lang='lat' dir='ltr'><strong>continuum</strong></span> <span class='ocrx_word' id='word_1_72' title='bbox 1030 1225 1249 1308; x_wconf 87' lang='lat' dir='ltr'><strong>susceperant,</strong></span> <span class='ocrx_word' id='word_1_73' title='bbox 1273 1219 1400 1286; x_wconf 89' lang='lat' dir='ltr'><strong>domino</strong></span> <span class='ocrx_word' id='word_1_74' title='bbox 1423 1219 1489 1288; x_wconf 88' lang='lat' dir='ltr'><strong>Deo</strong></span> 
     </span>
    </p>

    <p class='ocr_par' dir='ltr' id='par_1_3' title="bbox 321 1336 1294 1424">
     <span class='ocr_line' id='line_1_10' title="bbox 321 1336 1294 1424; baseline -0.001 -20"><span class='ocrx_word' id='word_1_75' title='bbox 321 1357 392 1404; x_wconf 90' lang='lat' dir='ltr'><strong>cum</strong></span> <span class='ocrx_word' id='word_1_76' title='bbox 414 1336 553 1402; x_wconf 91' lang='lat' dir='ltr'><strong>lacrimis</strong></span> <span class='ocrx_word' id='word_1_77' title='bbox 577 1343 608 1404; x_wconf 88' lang='lat' dir='ltr'><strong>et</strong></span> <span class='ocrx_word' id='word_1_78' title='bbox 631 1339 754 1422; x_wconf 81' lang='lat' dir='ltr'><strong>magnis</strong></span> <span class='ocrx_word' id='word_1_79' title='bbox 777 1337 966 1422; x_wconf 73' lang='lat' dir='ltr'><strong>singultibus</strong></span> <span class='ocrx_word' id='word_1_80' title='bbox 990 1339 1220 1422; x_wconf 85' lang='lat' dir='ltr'><strong>consignantes.</strong></span> <span class='ocrx_word' id='word_1_81' title='bbox 1288 1410 1294 1424; x_wconf 36' lang='grc' dir='ltr'><em>Ι</em></span> 
     </span>
    </p>

    <p class='ocr_par' dir='ltr' id='par_1_4' title="bbox 317 1450 1491 2812">
     <span class='ocr_line' id='line_1_11' title="bbox 409 1450 1489 1540; baseline 0 -22"><span class='ocrx_word' id='word_1_82' title='bbox 409 1451 526 1520; x_wconf 85' lang='lat' dir='ltr'><strong>Verum</strong></span> <span class='ocrx_word' id='word_1_83' title='bbox 562 1471 620 1520; x_wconf 91' lang='lat' dir='ltr'><strong>nec</strong></span> <span class='ocrx_word' id='word_1_84' title='bbox 648 1453 731 1520; x_wconf 83' lang='lat' dir='ltr'><strong>infra</strong></span> <span class='ocrx_word' id='word_1_85' title='bbox 759 1455 838 1521; x_wconf 90' lang='lat' dir='ltr'><strong>illud</strong></span> <span class='ocrx_word' id='word_1_86' title='bbox 867 1455 1005 1540; x_wconf 88' lang='lat' dir='ltr'><strong>spatium</strong></span> <span class='ocrx_word' id='word_1_87' title='bbox 1034 1451 1276 1521; x_wconf 78' lang='lat' dir='ltr'><strong>abhominabilis</strong></span> <span class='ocrx_word' id='word_1_88' title='bbox 1304 1450 1489 1536; x_wconf 77' lang='lat' dir='ltr'><strong>lliaguntina</strong></span> 
     </span>
     <span class='ocr_line' id='line_1_12' title="bbox 318 1567 1488 1654; baseline 0 -20"><span class='ocrx_word' id='word_1_89' title='bbox 318 1569 402 1635; x_wconf 83' lang='lat' dir='ltr'><strong>furia</strong></span> <span class='ocrx_word' id='word_1_90' title='bbox 431 1569 610 1654; x_wconf 88' lang='lat' dir='ltr'><strong>requiescit.</strong></span> <span class='ocrx_word' id='word_1_91' title='bbox 646 1569 710 1636; x_wconf 85' lang='lat' dir='ltr'><strong>Sed</strong></span> <span class='ocrx_word' id='word_1_92' title='bbox 738 1571 967 1654; x_wconf 80' lang='lat' dir='ltr'><strong>ingredientes,</strong></span> <span class='ocrx_word' id='word_1_93' title='bbox 996 1569 1048 1636; x_wconf 92' lang='lat' dir='ltr'><strong>ubi</strong></span> <span class='ocrx_word' id='word_1_94' title='bbox 1072 1574 1232 1636; x_wconf 74' lang='lat' dir='ltr'><strong>sauctum‘</strong></span> <span class='ocrx_word' id='word_1_95' title='bbox 1256 1573 1306 1634; x_wconf 91' lang='lat' dir='ltr'><strong>est</strong></span> <span class='ocrx_word' id='word_1_96' title='bbox 1326 1567 1488 1651; x_wconf 79' lang='lat' dir='ltr'><strong>feretrum,</strong></span> 
     </span>
     <span class='ocr_line' id='line_1_13' title="bbox 317 1683 1488 1773; baseline -0.002 -21"><span class='ocrx_word' id='word_1_97' title='bbox 317 1685 607 1752; x_wconf 86' lang='lat' dir='ltr'><strong>reverentissimum</strong></span> <span class='ocrx_word' id='word_1_98' title='bbox 635 1706 747 1773; x_wconf 90' lang='lat' dir='ltr'><strong>corpus</strong></span> <span class='ocrx_word' id='word_1_99' title='bbox 777 1687 952 1770; x_wconf 86' lang='lat' dir='ltr'><strong>denudent,</strong></span> <span class='ocrx_word' id='word_1_100' title='bbox 982 1685 1175 1772; x_wconf 83' lang='lat' dir='ltr'><strong>exspoliant,</strong></span> <span class='ocrx_word' id='word_1_101' title='bbox 1203 1684 1336 1772; x_wconf 84' lang='lat' dir='ltr'><strong>pedibus</strong></span> <span class='ocrx_word' id='word_1_102' title='bbox 1364 1683 1488 1750; x_wconf 87' lang='lat' dir='ltr'><strong>concul-</strong></span> 
     </span>
     <span class='ocr_line' id='line_1_14' title="bbox 318 1800 1488 1890; baseline -0.002 -22"><span class='ocrx_word' id='word_1_103' title='bbox 318 1807 408 1885; x_wconf 89' lang='lat' dir='ltr'><strong>cant,</strong></span> <span class='ocrx_word' id='word_1_104' title='bbox 444 1823 501 1868; x_wconf 89' lang='lat' dir='ltr'><strong>ora</strong></span> <span class='ocrx_word' id='word_1_105' title='bbox 529 1802 630 1888; x_wconf 91' lang='lat' dir='ltr'><strong>ipsius</strong></span> <span class='ocrx_word' id='word_1_106' title='bbox 660 1803 853 1888; x_wconf 73' lang='lat' dir='ltr'><strong>premortui⁰</strong></span> <span class='ocrx_word' id='word_1_107' title='bbox 881 1802 1039 1890; x_wconf 83' lang='lat' dir='ltr'><strong>lapidibus</strong></span> <span class='ocrx_word' id='word_1_108' title='bbox 1068 1800 1291 1883; x_wconf 67' lang='lat' dir='ltr'><strong>contundere,</strong></span> <span class='ocrx_word' id='word_1_109' title='bbox 1319 1805 1353 1866; x_wconf 90' lang='lat' dir='ltr'><strong>et</strong></span> <span class='ocrx_word' id='word_1_110' title='bbox 1380 1800 1488 1868; x_wconf 84' lang='lat' dir='ltr'><strong>dentes</strong></span> 
     </span>
     <span class='ocr_line' id='line_1_15' title="bbox 319 1917 1488 2005; baseline -0.001 -21"><span class='ocrx_word' id='word_1_111' title='bbox 319 1917 502 2002; x_wconf 75' lang='lat' dir='ltr'><strong>exangues‘,</strong></span> <span class='ocrx_word' id='word_1_112' title='bbox 533 1919 646 2002; x_wconf 85' lang='lat' dir='ltr'><strong>quibus</strong></span> <span class='ocrx_word' id='word_1_113' title='bbox 670 1919 878 1985; x_wconf 78' lang='lat' dir='ltr'><strong>reverentiam</strong></span> <span class='ocrx_word' id='word_1_114' title='bbox 902 1918 1038 1985; x_wconf 87' lang='lat' dir='ltr'><strong>addebat</strong></span> <span class='ocrx_word' id='word_1_115' title='bbox 1059 1919 1130 2005; x_wconf 88' lang='lat' dir='ltr'><strong>ipsa</strong></span> <span class='ocrx_word' id='word_1_116' title='bbox 1152 1917 1334 2000; x_wconf 89' lang='lat' dir='ltr'><strong>maturitas,</strong></span> <span class='ocrx_word' id='word_1_117' title='bbox 1358 1935 1399 1982; x_wconf 85' lang='lat' dir='ltr'><strong>ex</strong></span> <span class='ocrx_word' id='word_1_118' title='bbox 1420 1917 1488 2002; x_wconf 86' lang='lat' dir='ltr'><strong>ipso</strong></span> 
     </span>
     <span class='ocr_line' id='line_1_16' title="bbox 318 2032 1489 2122; baseline -0.002 -22"><span class='ocrx_word' id='word_1_119' title='bbox 318 2034 402 2120; x_wconf 91' lang='lat' dir='ltr'><strong>quod</strong></span> <span class='ocrx_word' id='word_1_120' title='bbox 424 2034 583 2118; x_wconf 79' lang='lat' dir='ltr'><strong>fregerant</strong></span> <span class='ocrx_word' id='word_1_121' title='bbox 607 2053 660 2100; x_wconf 91' lang='lat' dir='ltr'><strong>ore</strong></span> <span class='ocrx_word' id='word_1_122' title='bbox 684 2034 861 2116; x_wconf 83' lang='lat' dir='ltr'><strong>decutiunt3</strong></span> <span class='ocrx_word' id='word_1_123' title='bbox 889 2033 1115 2122; x_wconf 82' lang='lat' dir='ltr'><strong>exprobrantes</strong></span> <span class='ocrx_word' id='word_1_124' title='bbox 1138 2035 1168 2101; x_wconf 89' lang='lat' dir='ltr'><strong>ei</strong></span> <span class='ocrx_word' id='word_1_125' title='bbox 1191 2032 1406 2100; x_wconf 83' lang='lat' dir='ltr'><strong>aedicantes:</strong></span> <span class='ocrx_word' id='word_1_126' title='bbox 1438 2034 1489 2100; x_wconf 80' lang='lat' dir='ltr'><strong>Vis</strong></span> 
     </span>
     <span class='ocr_line' id='line_1_17' title="bbox 318 2147 1489 2237; baseline -0.003 -19"><span class='ocrx_word' id='word_1_127' title='bbox 318 2165 352 2218; x_wconf 80' lang='lat' dir='ltr'><strong>oo</strong></span> <span class='ocrx_word' id='word_1_128' title='bbox 366 2152 474 2235; x_wconf 81' lang='lat' dir='ltr'><strong>filium</strong></span> <span class='ocrx_word' id='word_1_129' title='bbox 494 2173 597 2216; x_wconf 83' lang='lat' dir='ltr'><strong>mcum</strong></span> <span class='ocrx_word' id='word_1_130' title='bbox 619 2151 779 2217; x_wconf 73' lang='lat' dir='ltr'><strong>obsidere?</strong></span> <span class='ocrx_word' id='word_1_131' title='bbox 808 2151 861 2217; x_wconf 83' lang='lat' dir='ltr'><strong>Vo&#39;a</strong></span> <span class='ocrx_word' id='word_1_132' title='bbox 884 2166 919 2218; x_wconf 79' lang='lat' dir='ltr'><strong>tc</strong></span> <span class='ocrx_word' id='word_1_133' title='bbox 941 2152 1023 2218; x_wconf 82' lang='lat' dir='ltr'><strong>bona</strong></span> <span class='ocrx_word' id='word_1_134' title='bbox 1045 2173 1114 2216; x_wconf 83' lang='lat' dir='ltr'><strong>meo</strong></span> <span class='ocrx_word' id='word_1_135' title='bbox 1136 2150 1293 2237; x_wconf 69' lang='lat' dir='ltr'><strong>sempera?</strong></span> <span class='ocrx_word' id='word_1_136' title='bbox 1365 2147 1411 2214; x_wconf 91' lang='lat' dir='ltr'><strong>Et</strong></span> <span class='ocrx_word' id='word_1_137' title='bbox 1432 2149 1489 2214; x_wconf 91' lang='lat' dir='ltr'><strong>mi-</strong></span> 
     </span>
     <span class='ocr_line' id='line_1_18' title="bbox 318 2263 1491 2353; baseline -0.002 -21"><span class='ocrx_word' id='word_1_138' title='bbox 318 2266 475 2333; x_wconf 86' lang='lat' dir='ltr'><strong>nabantur</strong></span> <span class='ocrx_word' id='word_1_139' title='bbox 498 2265 561 2350; x_wconf 86' lang='lat' dir='ltr'><strong>eis,</strong></span> <span class='ocrx_word' id='word_1_140' title='bbox 585 2266 639 2350; x_wconf 89' lang='lat' dir='ltr'><strong>qui</strong></span> <span class='ocrx_word' id='word_1_141' title='bbox 662 2266 922 2350; x_wconf 76' lang='lat' dir='ltr'><strong>circumstabant,</strong></span> <span class='ocrx_word' id='word_1_142' title='bbox 946 2266 1137 2353; x_wconf 89' lang='lat' dir='ltr'><strong>pauperibus</strong></span> <span class='ocrx_word' id='word_1_143' title='bbox 1159 2266 1263 2332; x_wconf 66' lang='lat' dir='ltr'><strong>udaia</strong></span> <span class='ocrx_word' id='word_1_144' title='bbox 1286 2263 1439 2350; x_wconf 91' lang='lat' dir='ltr'><strong>orphanis</strong></span> <span class='ocrx_word' id='word_1_145' title='bbox 1461 2269 1491 2330; x_wconf 89' lang='lat' dir='ltr'><strong>et</strong></span> 
     </span>
     <span class='ocr_line' id='line_1_19' title="bbox 318 2380 1490 2468; baseline -0.002 -20"><span class='ocrx_word' id='word_1_146' title='bbox 318 2380 444 2448; x_wconf 88' lang='lat' dir='ltr'><strong>Scottis.</strong></span> <span class='ocrx_word' id='word_1_147' title='bbox 478 2381 523 2446; x_wconf 88' lang='lat' dir='ltr'><strong>At</strong></span> <span class='ocrx_word' id='word_1_148' title='bbox 545 2382 608 2468; x_wconf 91' lang='lat' dir='ltr'><strong>ipsi</strong></span> <span class='ocrx_word' id='word_1_149' title='bbox 632 2402 649 2448; x_wconf 91' lang='lat' dir='ltr'><strong>e</strong></span> <span class='ocrx_word' id='word_1_150' title='bbox 673 2389 791 2464; x_wconf 88' lang='lat' dir='ltr'><strong>contra,</strong></span> <span class='ocrx_word' id='word_1_151' title='bbox 815 2382 897 2448; x_wconf 89' lang='lat' dir='ltr'><strong>tanti</strong></span> <span class='ocrx_word' id='word_1_152' title='bbox 920 2382 981 2448; x_wconf 89' lang='lat' dir='ltr'><strong>viri</strong></span> <span class='ocrx_word' id='word_1_153' title='bbox 1003 2402 1111 2449; x_wconf 87' lang='lat' dir='ltr'><strong>nocem</strong></span> <span class='ocrx_word' id='word_1_154' title='bbox 1135 2381 1410 2450; x_wconf 81' lang='lat' dir='ltr'><strong>vehementissime</strong></span> <span class='ocrx_word' id='word_1_155' title='bbox 1432 2381 1490 2446; x_wconf 92' lang='lat' dir='ltr'><strong>im·</strong></span> 
     </span>
     <span class='ocr_line' id='line_1_20' title="bbox 317 2496 1489 2585; baseline 0 -21"><span class='ocrx_word' id='word_1_156' title='bbox 317 2503 539 2585; x_wconf 86' lang='lat' dir='ltr'><strong>properantes,</strong></span> <span class='ocrx_word' id='word_1_157' title='bbox 570 2496 762 2564; x_wconf 87' lang='lat' dir='ltr'><strong>adiciebant:</strong></span> <span class='ocrx_word' id='word_1_158' title='bbox 792 2499 867 2583; x_wconf 90' lang='lat' dir='ltr'><strong>quia</strong></span> <span class='ocrx_word' id='word_1_159' title='bbox 895 2518 952 2585; x_wconf 91' lang='lat' dir='ltr'><strong>pro</strong></span> <span class='ocrx_word' id='word_1_160' title='bbox 981 2499 1050 2585; x_wconf 94' lang='lat' dir='ltr'><strong>ipso</strong></span> <span class='ocrx_word' id='word_1_161' title='bbox 1081 2497 1121 2564; x_wconf 89' lang='lat' dir='ltr'><strong>ad</strong></span> <span class='ocrx_word' id='word_1_162' title='bbox 1142 2503 1278 2564; x_wconf 86' lang='lat' dir='ltr'><strong>mortem</strong></span> <span class='ocrx_word' id='word_1_163' title='bbox 1299 2516 1401 2581; x_wconf 90' lang='lat' dir='ltr'><strong>usque</strong></span> <span class='ocrx_word' id='word_1_164' title='bbox 1424 2497 1489 2583; x_wconf 81' lang='lat' dir='ltr'><strong>pati</strong></span> 
     </span>
     <span class='ocr_line' id='line_1_21' title="bbox 318 2612 1490 2706; baseline -0.002 -26"><span class='ocrx_word' id='word_1_165' title='bbox 318 2612 475 2700; x_wconf 87' lang='lat' dir='ltr'><strong>supplicia</strong></span> <span class='ocrx_word' id='word_1_166' title='bbox 497 2633 560 2680; x_wconf 93' lang='lat' dir='ltr'><strong>non</strong></span> <span class='ocrx_word' id='word_1_167' title='bbox 583 2620 789 2706; x_wconf 58' lang='lat' dir='ltr'><strong>vererenturp</strong></span> <span class='ocrx_word' id='word_1_168' title='bbox 807 2615 953 2698; x_wconf 88' lang='lat' dir='ltr'><strong>quoniam</strong></span> <span class='ocrx_word' id='word_1_169' title='bbox 976 2635 1085 2680; x_wconf 88' lang='lat' dir='ltr'><strong>eorum</strong></span> <span class='ocrx_word' id='word_1_170' title='bbox 1100 2619 1191 2701; x_wconf 88' lang='lat' dir='ltr'><strong>pater</strong></span> <span class='ocrx_word' id='word_1_171' title='bbox 1207 2621 1239 2681; x_wconf 92' lang='lat' dir='ltr'><strong>et</strong></span> <span class='ocrx_word' id='word_1_172' title='bbox 1253 2619 1354 2680; x_wconf 86' lang='lat' dir='ltr'><strong>mater</strong></span> <span class='ocrx_word' id='word_1_173' title='bbox 1370 2618 1490 2700; x_wconf 84' lang='lat' dir='ltr'><strong>etpost</strong></span> 
     </span>
     <span class='ocr_line' id='line_1_22' title="bbox 317 2728 895 2812; baseline -0.002 -17"><span class='ocrx_word' id='word_1_174' title='bbox 317 2728 419 2798; x_wconf 89' lang='lat' dir='ltr'><strong>Deum</strong></span> <span class='ocrx_word' id='word_1_175' title='bbox 444 2730 571 2796; x_wconf 90' lang='lat' dir='ltr'><strong>unicum</strong></span> <span class='ocrx_word' id='word_1_176' title='bbox 594 2729 707 2796; x_wconf 82' lang='lat' dir='ltr'><strong>luisset</strong></span> <span class='ocrx_word' id='word_1_177' title='bbox 728 2731 895 2812; x_wconf 79' lang='lat' dir='ltr'><strong>refugium.</strong></span> 
     </span>
    </p>

    <p class='ocr_par' dir='ltr' id='par_1_5' title="bbox 317 2844 1490 3628">
     <span class='ocr_line' id='line_1_23' title="bbox 407 2844 1490 2932; baseline 0 -20"><span class='ocrx_word' id='word_1_178' title='bbox 407 2845 584 2930; x_wconf 77' lang='lat' dir='ltr'><strong>Magantiui</strong></span> <span class='ocrx_word' id='word_1_179' title='bbox 612 2846 748 2928; x_wconf 87' lang='lat' dir='ltr'><strong>interea,</strong></span> <span class='ocrx_word' id='word_1_180' title='bbox 777 2854 970 2932; x_wconf 72' lang='lat' dir='ltr'><strong>pauperum⁸</strong></span> <span class='ocrx_word' id='word_1_181' title='bbox 991 2844 1186 2932; x_wconf 86' lang='lat' dir='ltr'><strong>improperia</strong></span> <span class='ocrx_word' id='word_1_182' title='bbox 1207 2850 1239 2911; x_wconf 91' lang='lat' dir='ltr'><strong>et</strong></span> <span class='ocrx_word' id='word_1_183' title='bbox 1260 2844 1357 2912; x_wconf 83' lang='lat' dir='ltr'><strong>totim</strong></span> <span class='ocrx_word' id='word_1_184' title='bbox 1380 2845 1490 2912; x_wconf 90' lang='lat' dir='ltr'><strong>mundi</strong></span> 
     </span>
     <span class='ocr_line' id='line_1_24' title="bbox 318 2961 1490 3046; baseline 0.001 -18"><span class='ocrx_word' id='word_1_185' title='bbox 318 2961 520 3028; x_wconf 91' lang='lat' dir='ltr'><strong>maledictum</strong></span> <span class='ocrx_word' id='word_1_186' title='bbox 543 2979 606 3028; x_wconf 88' lang='lat' dir='ltr'><strong>non</strong></span> <span class='ocrx_word' id='word_1_187' title='bbox 629 2961 770 3028; x_wconf 81' lang='lat' dir='ltr'><strong>valentes</strong></span> <span class='ocrx_word' id='word_1_188' title='bbox 794 2961 892 3046; x_wconf 80' lang='lat' dir='ltr'><strong>ferre,</strong></span> <span class='ocrx_word' id='word_1_189' title='bbox 923 2961 1088 3028; x_wconf 89' lang='lat' dir='ltr'><strong>consilium</strong></span> <span class='ocrx_word' id='word_1_190' title='bbox 1110 2961 1268 3046; x_wconf 87' lang='lat' dir='ltr'><strong>fecerunt,</strong></span> <span class='ocrx_word' id='word_1_191' title='bbox 1297 2966 1334 3027; x_wconf 92' lang='lat' dir='ltr'><strong>ut</strong></span> <span class='ocrx_word' id='word_1_192' title='bbox 1356 2961 1490 3029; x_wconf 80' lang='lat' dir='ltr'><strong>cadasm</strong></span> 
     </span>
     <span class='ocr_line' id='line_1_25' title="bbox 317 3077 1487 3159; baseline 0 -15"><span class='ocrx_word' id='word_1_193' title='bbox 317 3077 509 3144; x_wconf 86' lang='lat' dir='ltr'><strong>sanctissimi</strong></span> <span class='ocrx_word' id='word_1_194' title='bbox 533 3077 592 3142; x_wconf 84' lang='lat' dir='ltr'><strong>viri</strong></span> <span class='ocrx_word' id='word_1_195' title='bbox 616 3077 896 3159; x_wconf 68' lang='lat' dir='ltr'><strong>(immittereturll</strong></span> <span class='ocrx_word' id='word_1_196' title='bbox 914 3077 1100 3144; x_wconf 76' lang='lat' dir='ltr'><strong>insomnem*</strong></span> <span class='ocrx_word' id='word_1_197' title='bbox 1124 3083 1156 3144; x_wconf 90' lang='lat' dir='ltr'><strong>et</strong></span> <span class='ocrx_word' id='word_1_198' title='bbox 1178 3081 1338 3144; x_wconf 88' lang='lat' dir='ltr'><strong>caractere</strong></span> <span class='ocrx_word' id='word_1_199' title='bbox 1359 3097 1487 3146; x_wconf 85' lang='lat' dir='ltr'><strong>excom·</strong></span> 
     </span>
     <span class='ocr_line' id='line_1_26' title="bbox 318 3193 1489 3280; baseline 0.002 -20"><span class='ocrx_word' id='word_1_200' title='bbox 318 3194 538 3260; x_wconf 86' lang='lat' dir='ltr'><strong>manicationie</strong></span> <span class='ocrx_word' id='word_1_201' title='bbox 560 3193 759 3277; x_wconf 81' lang='lat' dir='ltr'><strong>infamatum,</strong></span> <span class='ocrx_word' id='word_1_202' title='bbox 782 3193 967 3280; x_wconf 91' lang='lat' dir='ltr'><strong>impositum</strong></span> <span class='ocrx_word' id='word_1_203' title='bbox 989 3193 1144 3277; x_wconf 61' lang='lat' dir='ltr'><strong>abulae,</strong></span> <span class='ocrx_word' id='word_1_204' title='bbox 1169 3193 1259 3278; x_wconf 86' lang='lat' dir='ltr'><strong>aquis</strong></span> <span class='ocrx_word' id='word_1_205' title='bbox 1282 3195 1489 3280; x_wconf 83' lang='lat' dir='ltr'><strong>suspendere-</strong></span> 
     </span>
     <span class='ocr_line' id='line_1_27' title="bbox 318 3309 1488 3396; baseline 0.002 -20"><span class='ocrx_word' id='word_1_206' title='bbox 318 3309 398 3392; x_wconf 82' lang='lat' dir='ltr'><strong>tur¹3</strong></span> <span class='ocrx_word' id='word_1_207' title='bbox 422 3315 459 3376; x_wconf 90' lang='lat' dir='ltr'><strong>ut</strong></span> <span class='ocrx_word' id='word_1_208' title='bbox 480 3309 535 3393; x_wconf 90' lang='lat' dir='ltr'><strong>sic,</strong></span> <span class='ocrx_word' id='word_1_209' title='bbox 559 3309 612 3376; x_wconf 88' lang='lat' dir='ltr'><strong>ubi</strong></span> <span class='ocrx_word' id='word_1_210' title='bbox 636 3310 804 3396; x_wconf 82' lang='lat' dir='ltr'><strong>appulerit,</strong></span> <span class='ocrx_word' id='word_1_211' title='bbox 827 3309 967 3392; x_wconf 83' lang='lat' dir='ltr'><strong>legentes</strong></span> <span class='ocrx_word' id='word_1_212' title='bbox 989 3311 1321 3378; x_wconf 85' lang='lat' dir='ltr'><strong>excommunicationis</strong></span> <span class='ocrx_word' id='word_1_213' title='bbox 1336 3310 1488 3393; x_wconf 88' lang='lat' dir='ltr'><strong>libellum,</strong></span> 
     </span>
     <span class='ocr_line' id='line_1_28' title="bbox 320 3424 1489 3512; baseline 0.002 -20"><span class='ocrx_word' id='word_1_214' title='bbox 320 3425 347 3492; x_wconf 91' lang='lat' dir='ltr'><strong>ei</strong></span> <span class='ocrx_word' id='word_1_215' title='bbox 376 3425 572 3512; x_wconf 91' lang='lat' dir='ltr'><strong>sepulturam</strong></span> <span class='ocrx_word' id='word_1_216' title='bbox 607 3431 639 3492; x_wconf 92' lang='lat' dir='ltr'><strong>et</strong></span> <span class='ocrx_word' id='word_1_217' title='bbox 673 3425 735 3492; x_wconf 88' lang='lat' dir='ltr'><strong>alia</strong></span> <span class='ocrx_word' id='word_1_218' title='bbox 771 3425 975 3492; x_wconf 87' lang='lat' dir='ltr'><strong>humanitatis</strong></span> <span class='ocrx_word' id='word_1_219' title='bbox 1003 3424 1106 3494; x_wconf 87' lang='lat' dir='ltr'><strong>officia</strong></span> <span class='ocrx_word' id='word_1_220' title='bbox 1135 3425 1335 3510; x_wconf 79' lang='lat' dir='ltr'><strong>denegarent.</strong></span> <span class='ocrx_word' id='word_1_221' title='bbox 1428 3425 1489 3494; x_wconf 88' lang='lat' dir='ltr'><strong>Sed</strong></span> 
     </span>
     <span class='ocr_line' id='line_1_29' title="bbox 318 3541 1489 3628; baseline 0.002 -20"><span class='ocrx_word' id='word_1_222' title='bbox 318 3541 518 3628; x_wconf 87' lang='lat' dir='ltr'><strong>prophanum</strong></span> <span class='ocrx_word' id='word_1_223' title='bbox 540 3541 705 3608; x_wconf 90' lang='lat' dir='ltr'><strong>consilium</strong></span> <span class='ocrx_word' id='word_1_224' title='bbox 723 3541 790 3608; x_wconf 89' lang='lat' dir='ltr'><strong>Deo</strong></span> <span class='ocrx_word' id='word_1_225' title='bbox 813 3541 998 3626; x_wconf 90' lang='lat' dir='ltr'><strong>disponente</strong></span> <span class='ocrx_word' id='word_1_226' title='bbox 1021 3541 1141 3609; x_wconf 88' lang='lat' dir='ltr'><strong>viribus</strong></span> <span class='ocrx_word' id='word_1_227' title='bbox 1157 3543 1267 3610; x_wconf 84' lang='lat' dir='ltr'><strong>caruit</strong></span> <span class='ocrx_word' id='word_1_228' title='bbox 1301 3541 1382 3622; x_wconf 82' lang='lat' dir='ltr'><strong>Quia</strong></span> <span class='ocrx_word' id='word_1_229' title='bbox 1396 3543 1489 3610; x_wconf 85' lang='lat' dir='ltr'><strong>tertia</strong></span> 
     </span>
    </p>

    <p class='ocr_par' dir='ltr' id='par_1_6' title="bbox 213 3657 1489 3978">
     <span class='ocr_line' id='line_1_30' title="bbox 213 3657 1488 3744; baseline 0.003 -24"><span class='ocrx_word' id='word_1_230' title='bbox 213 3673 299 3720; x_wconf 72' lang='lat' dir='ltr'><strong>rensc</strong></span> <span class='ocrx_word' id='word_1_231' title='bbox 319 3657 369 3724; x_wconf 90' lang='lat' dir='ltr'><strong>sui</strong></span> <span class='ocrx_word' id='word_1_232' title='bbox 398 3657 502 3725; x_wconf 86' lang='lat' dir='ltr'><strong>obitus</strong></span> <span class='ocrx_word' id='word_1_233' title='bbox 530 3657 581 3724; x_wconf 90' lang='lat' dir='ltr'><strong>die</strong></span> <span class='ocrx_word' id='word_1_234' title='bbox 609 3659 643 3724; x_wconf 93' lang='lat' dir='ltr'><strong>in</strong></span> <span class='ocrx_word' id='word_1_235' title='bbox 679 3658 809 3726; x_wconf 87' lang='lat' dir='ltr'><strong>basilica</strong></span> <span class='ocrx_word' id='word_1_236' title='bbox 842 3658 1023 3725; x_wconf 90' lang='lat' dir='ltr'><strong>beatissime</strong></span> <span class='ocrx_word' id='word_1_237' title='bbox 1050 3657 1150 3726; x_wconf 87' lang='lat' dir='ltr'><strong>ldarie</strong></span> <span class='ocrx_word' id='word_1_238' title='bbox 1177 3659 1324 3744; x_wconf 78' lang='lat' dir='ltr'><strong>virginis,</strong></span> <span class='ocrx_word' id='word_1_239' title='bbox 1359 3679 1420 3744; x_wconf 90' lang='lat' dir='ltr'><strong>que</strong></span> <span class='ocrx_word' id='word_1_240' title='bbox 1449 3658 1488 3724; x_wconf 88' lang='lat' dir='ltr'><strong>ad</strong></span> 
     </span>
     <span class='ocr_line' id='line_1_31' title="bbox 319 3773 1489 3859; baseline 0 -17"><span class='ocrx_word' id='word_1_241' title='bbox 319 3773 443 3842; x_wconf 89' lang='lat' dir='ltr'><strong>Gradus</strong></span> <span class='ocrx_word' id='word_1_242' title='bbox 473 3774 605 3858; x_wconf 91' lang='lat' dir='ltr'><strong>dicitur,</strong></span> <span class='ocrx_word' id='word_1_243' title='bbox 637 3793 742 3842; x_wconf 89' lang='lat' dir='ltr'><strong>coram</strong></span> <span class='ocrx_word' id='word_1_244' title='bbox 772 3773 912 3841; x_wconf 89' lang='lat' dir='ltr'><strong>eiusdem</strong></span> <span class='ocrx_word' id='word_1_245' title='bbox 935 3775 1148 3842; x_wconf 87' lang='lat' dir='ltr'><strong>sacratissime</strong></span> <span class='ocrx_word' id='word_1_246' title='bbox 1171 3775 1301 3859; x_wconf 81' lang='lat' dir='ltr'><strong>virginis</strong></span> <span class='ocrx_word' id='word_1_247' title='bbox 1325 3773 1419 3842; x_wconf 91' lang='lat' dir='ltr'><strong>altari</strong></span> <span class='ocrx_word' id='word_1_248' title='bbox 1442 3781 1489 3842; x_wconf 85' lang='lat' dir='ltr'><strong>est</strong></span> 
     </span>
     <span class='ocr_line' id='line_1_32' title="bbox 318 3890 1488 3978; baseline 0.001 -22"><span class='ocrx_word' id='word_1_249' title='bbox 318 3891 421 3957; x_wconf 92' lang='lat' dir='ltr'><strong>locum</strong></span> <span class='ocrx_word' id='word_1_250' title='bbox 445 3891 615 3978; x_wconf 58' lang='lat' dir='ltr'><strong>sepulcrifl,</strong></span> <span class='ocrx_word' id='word_1_251' title='bbox 640 3910 732 3976; x_wconf 90' lang='lat' dir='ltr'><strong>quem</strong></span> <span class='ocrx_word' id='word_1_252' title='bbox 756 3891 864 3956; x_wconf 88' lang='lat' dir='ltr'><strong>vivens</strong></span> <span class='ocrx_word' id='word_1_253' title='bbox 888 3890 1074 3975; x_wconf 88' lang='lat' dir='ltr'><strong>quandoque</strong></span> <span class='ocrx_word' id='word_1_254' title='bbox 1096 3891 1129 3958; x_wconf 92' lang='lat' dir='ltr'><strong>in</strong></span> <span class='ocrx_word' id='word_1_255' title='bbox 1145 3892 1226 3958; x_wconf 84' lang='lat' dir='ltr'><strong>votis</strong></span> <span class='ocrx_word' id='word_1_256' title='bbox 1248 3891 1412 3976; x_wconf 81' lang='lat' dir='ltr'><strong>babuerat,</strong></span> <span class='ocrx_word' id='word_1_257' title='bbox 1435 3891 1488 3957; x_wconf 90' lang='lat' dir='ltr'><strong>de-</strong></span> 
     </span>
    </p>
   </div>
   <div class='ocr_carea' id='block_1_3' title="bbox 320 4138 1487 4282">
    <p class='ocr_par' dir='ltr' id='par_1_7' title="bbox 320 4138 1487 4282">
     <span class='ocr_line' id='line_1_33' title="bbox 382 4138 1486 4198; baseline 0 -13"><span class='ocrx_word' id='word_1_258' title='bbox 382 4153 403 4185; x_wconf 82' lang='lat' dir='ltr'><strong>a.</strong></span> <span class='ocrx_word' id='word_1_259' title='bbox 424 4153 462 4185; x_wconf 83' lang='lat' dir='ltr'><strong>eae</strong></span> <span class='ocrx_word' id='word_1_260' title='bbox 480 4141 502 4186; x_wconf 92' lang='lat'><strong>1.</strong></span> <span class='ocrx_word' id='word_1_261' title='bbox 571 4138 593 4184; x_wconf 92' lang='lat' dir='ltr'><strong>b.</strong></span> <span class='ocrx_word' id='word_1_262' title='bbox 613 4138 667 4185; x_wconf 93' lang='lat' dir='ltr'><strong>bino</strong></span> <span class='ocrx_word' id='word_1_263' title='bbox 684 4139 705 4185; x_wconf 92' lang='lat'><strong>1.</strong></span> <span class='ocrx_word' id='word_1_264' title='bbox 776 4152 795 4185; x_wconf 81' lang='lat' dir='ltr'><strong>c</strong></span> <span class='ocrx_word' id='word_1_265' title='bbox 817 4157 847 4184; x_wconf 81' lang='lat' dir='ltr'><strong>en</strong></span> <span class='ocrx_word' id='word_1_266' title='bbox 864 4139 988 4186; x_wconf 75' lang='lat' dir='ltr'><strong>statutum?</strong></span> <span class='ocrx_word' id='word_1_267' title='bbox 1058 4139 1081 4185; x_wconf 91' lang='lat' dir='ltr'><strong>d.</strong></span> <span class='ocrx_word' id='word_1_268' title='bbox 1103 4140 1247 4198; x_wconf 80' lang='lat' dir='ltr'><strong>praemortua</strong></span> <span class='ocrx_word' id='word_1_269' title='bbox 1264 4141 1285 4194; x_wconf 88' lang='lat'><strong>1,</strong></span> <span class='ocrx_word' id='word_1_270' title='bbox 1301 4141 1324 4186; x_wconf 72' lang='lat' dir='ltr'><strong>l.</strong></span> <span class='ocrx_word' id='word_1_271' title='bbox 1393 4153 1414 4186; x_wconf 74' lang='lat' dir='ltr'><strong>e,</strong></span> <span class='ocrx_word' id='word_1_272' title='bbox 1435 4153 1486 4186; x_wconf 81' lang='lat' dir='ltr'><strong>eca-</strong></span> 
     </span>
     <span class='ocr_line' id='line_1_34' title="bbox 320 4217 1487 4282; baseline -0.001 -18"><span class='ocrx_word' id='word_1_273' title='bbox 320 4219 416 4265; x_wconf 67' lang='lat' dir='ltr'><strong>madunt</strong></span> <span class='ocrx_word' id='word_1_274' title='bbox 431 4221 453 4266; x_wconf 71' lang='lat'><strong>2.</strong></span> <span class='ocrx_word' id='word_1_275' title='bbox 530 4217 546 4264; x_wconf 85' lang='lat' dir='ltr'><strong>i.</strong></span> <span class='ocrx_word' id='word_1_276' title='bbox 568 4231 676 4276; x_wconf 74' lang='lat' dir='ltr'><strong>orarguee</strong></span> <span class='ocrx_word' id='word_1_277' title='bbox 692 4221 714 4264; x_wconf 88' lang='lat'><strong>1.</strong></span> <span class='ocrx_word' id='word_1_278' title='bbox 791 4231 812 4274; x_wconf 75' lang='lat' dir='ltr'><strong>g.</strong></span> <span class='ocrx_word' id='word_1_279' title='bbox 833 4231 957 4277; x_wconf 86' lang='lat' dir='ltr'><strong>pauperum</strong></span> <span class='ocrx_word' id='word_1_280' title='bbox 972 4241 996 4250; x_wconf 92' lang='lat'><em>-</em></span> <span class='ocrx_word' id='word_1_281' title='bbox 1010 4218 1110 4265; x_wconf 80' lang='lat' dir='ltr'><strong>valentes</strong></span> <span class='ocrx_word' id='word_1_282' title='bbox 1126 4217 1185 4265; x_wconf 85' lang='lat' dir='ltr'><strong>lsrre</strong></span> <span class='ocrx_word' id='word_1_283' title='bbox 1200 4237 1245 4264; x_wconf 77' lang='lat' dir='ltr'><strong>sos</strong></span> <span class='ocrx_word' id='word_1_284' title='bbox 1261 4235 1301 4264; x_wconf 79' lang='lat' dir='ltr'><strong>sse</strong></span> <span class='ocrx_word' id='word_1_285' title='bbox 1317 4221 1369 4264; x_wconf 82' lang='lat' dir='ltr'><strong>lece</strong></span> <span class='ocrx_word' id='word_1_286' title='bbox 1385 4221 1487 4282; x_wconf 67' lang='lat' dir='ltr'><strong>lagene-</strong></span> 
     </span>
    </p>
   </div>
   <div class='ocr_carea' id='block_1_4' title="bbox 321 4297 1485 4436">
    <p class='ocr_par' dir='ltr' id='par_1_8' title="bbox 321 4297 1485 4436">
     <span class='ocr_line' id='line_1_35' title="bbox 321 4297 1485 4357; baseline 0 -13"><span class='ocrx_word' id='word_1_287' title='bbox 321 4301 344 4344; x_wconf 78' lang='lat' dir='ltr'><strong>ie</strong></span> <span class='ocrx_word' id='word_1_288' title='bbox 359 4300 428 4344; x_wconf 81' lang='lat' dir='ltr'><strong>codd.</strong></span> <span class='ocrx_word' id='word_1_289' title='bbox 441 4306 495 4357; x_wconf 79' lang='lat' dir='ltr'><strong>poet</strong></span> <span class='ocrx_word' id='word_1_290' title='bbox 510 4297 606 4343; x_wconf 83' lang='lat' dir='ltr'><strong>cadaver</strong></span> <span class='ocrx_word' id='word_1_291' title='bbox 621 4297 758 4344; x_wconf 76' lang='lat' dir='ltr'><strong>malissimi</strong></span> <span class='ocrx_word' id='word_1_292' title='bbox 775 4297 823 4343; x_wconf 85' lang='lat' dir='ltr'><strong>riri.</strong></span> <span class='ocrx_word' id='word_1_293' title='bbox 915 4297 938 4343; x_wconf 87' lang='lat' dir='ltr'><strong>b.</strong></span> <span class='ocrx_word' id='word_1_294' title='bbox 959 4299 1118 4344; x_wconf 82' lang='lat' dir='ltr'><strong>immitteretur</strong></span> <span class='ocrx_word' id='word_1_295' title='bbox 1134 4299 1226 4345; x_wconf 78' lang='lat' dir='ltr'><strong>eddtdt</strong></span> <span class='ocrx_word' id='word_1_296' title='bbox 1313 4298 1328 4344; x_wconf 90' lang='lat' dir='ltr'><strong>i.</strong></span> <span class='ocrx_word' id='word_1_297' title='bbox 1349 4297 1447 4344; x_wconf 81' lang='lat' dir='ltr'><strong>lnauine</strong></span> <span class='ocrx_word' id='word_1_298' title='bbox 1463 4299 1485 4344; x_wconf 71' lang='lat'><strong>2.</strong></span> 
     </span>
     <span class='ocr_line' id='line_1_36' title="bbox 321 4375 1110 4436; baseline 0.001 -14"><span class='ocrx_word' id='word_1_299' title='bbox 321 4375 344 4422; x_wconf 83' lang='lat' dir='ltr'><strong>k.</strong></span> <span class='ocrx_word' id='word_1_300' title='bbox 363 4377 441 4423; x_wconf 79' lang='lat' dir='ltr'><strong>tabula</strong></span> <span class='ocrx_word' id='word_1_301' title='bbox 456 4380 478 4422; x_wconf 95' lang='lat'><strong>1.</strong></span> <span class='ocrx_word' id='word_1_302' title='bbox 555 4376 570 4422; x_wconf 91' lang='lat' dir='ltr'><strong>l.</strong></span> <span class='ocrx_word' id='word_1_303' title='bbox 593 4377 703 4436; x_wconf 79' lang='lat' dir='ltr'><strong>suspendi</strong></span> <span class='ocrx_word' id='word_1_304' title='bbox 719 4379 739 4422; x_wconf 94' lang='lat'><strong>1.</strong></span> <span class='ocrx_word' id='word_1_305' title='bbox 818 4389 847 4422; x_wconf 91' lang='lat' dir='ltr'><strong>nr.</strong></span> <span class='ocrx_word' id='word_1_306' title='bbox 868 4377 982 4436; x_wconf 74' lang='lat' dir='ltr'><strong>sepultum</strong></span> <span class='ocrx_word' id='word_1_307' title='bbox 997 4377 1072 4426; x_wconf 81' lang='lat' dir='ltr'><strong>locam</strong></span> <span class='ocrx_word' id='word_1_308' title='bbox 1088 4381 1110 4424; x_wconf 72' lang='lat'><strong>2.</strong></span> 
     </span>
    </p>
   </div>
   <div class='ocr_carea' id='block_1_5' title="bbox 0 0 1577 4852">
    <p class='ocr_par' dir='ltr' id='par_1_9' title="bbox 0 0 1577 4852">
     <span class='ocr_line' id='line_1_37' title="bbox 0 0 1577 4852; baseline 0 0"><span class='ocrx_word' id='word_1_309' title='bbox 0 0 1577 4852; x_wconf 95' lang='lat' dir='ltr'><strong> </strong></span> 
     </span>
    </p>
   </div>
  </div>
 </body>
</html>
