3110 4844
309 275 336 322 s.
353 275 529 324 nonmsrn
550 276 594 324 nr
615 276 717 326 nuum
739 276 927 326 nsmrousn
950 277 1001 324 res.
1018 277 1063 323 rae
1201 261 1267 328 808

99 413 204 482 dicare
226 434 285 501 per
299 415 422 484 litteras
437 437 501 486 non
515 416 702 502 gravemini,
724 423 832 488 utrem
846 418 935 488 vobis
950 419 1105 504 videatur,
1128 424 1165 488 ut
1178 439 1266 490 com·
1285 427 1426 486 too-786

98 532 188 598 muni
223 553 368 602 sermono
401 535 494 602 unius
528 533 683 620 epistulae
711 535 866 603 exortatio
895 536 1039 604 mittatur
1067 555 1108 602 an
1135 541 1267 620 uterque

97 653 243 716 nostrum
265 669 285 714 a
306 669 340 716 se
363 649 530 736 epistolam
551 651 666 718 mittat
701 649 818 730 Quodsi
837 651 1037 738 profecturum
1051 651 1207 734 iudicetis,
1232 655 1268 718 ut

98 781 265 834 commane
287 771 321 832 et
342 786 440 832 unum
463 785 483 832 a
504 766 594 834 nobis
617 766 790 834 indiculum
813 767 985 851 dirigetur,
1018 771 1165 834 auestm
1187 767 1268 834 cari·

98 880 173 946 tatis
195 881 355 948 industria
375 902 451 966 rogo
475 887 511 948 ut
532 880 724 966 conficiatur,
748 885 776 950 si
798 903 862 950 non
877 882 946 950 lieri
960 902 1053 970 posse
1069 883 1267 968 putaveritis,

98 1001 134 1062 ut
155 997 225 1062 sine
248 997 353 1083 aliqua
374 998 514 1086 presenti
538 997 605 1065 sive
626 1004 737 1068 nostra
755 1001 822 1068 sive
837 1004 1012 1068 ceterorum
1029 1018 1192 1066 servorum
1206 997 1268 1066 Dei

97 1101 276 1182 conlatione
303 1113 445 1182 consulto
474 1113 598 1182 decenti
626 1120 658 1182 et
686 1115 810 1199 integra
836 1115 1006 1184 soliditatis
1029 1113 1134 1182 valeat
1156 1134 1269 1200 perpe·

97 1229 188 1296 trari.
234 1227 316 1308 Quid
344 1230 452 1316 itaque
479 1229 567 1298 vobis
596 1231 795 1317 profuturum
824 1231 969 1300 videatur
997 1235 1034 1298 ut
1055 1251 1075 1298 a
1097 1230 1188 1298 nobis
1210 1230 1270 1300 hac

97 1344 137 1411 de
159 1365 194 1412 re
218 1351 340 1428 agatur,
361 1365 420 1431 par
441 1345 574 1432 litteras,
597 1347 691 1414 huius
712 1347 940 1434 epistiunculae
960 1347 1108 1434 portitori
1123 1345 1267 1429 traditas,

97 1459 189 1528 nobis
215 1461 362 1530 indicare.
386 1462 569 1546 dignemini.
659 1462 772 1530 Valere
800 1462 974 1532 bonitatem
1002 1467 1158 1531 vestrm·
1181 1467 1214 1531 et
1234 1463 1268 1528 in

97 1575 224 1644 Christo
247 1576 415 1664 prolicere,
443 1599 502 1666 pro
524 1578 615 1648 nobis
638 1579 901 1664 intercedentem,
929 1579 1060 1664 integris
1084 1577 1268 1646 desideriisb

97 1699 255 1780 optamus.

378 1809 616 1878 Offerenda⁸
639 1809 754 1879 Lullo
785 1811 983 1898 episcopo.

101 2021 188 2092 136.
212 2023 359 2111 Vipbertr
378 2025 540 2112 presbyter
562 2025 657 2092 Lello
681 2027 826 2112 episcopo
849 2025 960 2110 refert,
990 2046 1023 2090 se
1045 2026 1172 2090 domam
1185 2025 1266 2110 seli·

210 2143 285 2206 citer
299 2142 461 2206 sevenisse.
491 2139 632 2208 Consilia
647 2145 712 2208 eires
722 2139 855 2228 possiet
877 2139 912 2220 (S
929 2139 1000 2224 102,
1013 2137 1052 2206 W
1063 2140 1134 2223 129,
1148 2137 1175 2206 G
1192 2140 1266 2222 119)

187 2271 323 2341 Domino
352 2294 426 2342 vere
455 2273 546 2343 besto
575 2280 669 2359 atque
692 2274 777 2342 omni
800 2271 902 2340 officio
925 2273 1066 2342 oammtis
1090 2273 1267 2342 uenerando
1287 2285 1427 2340 too-786

96 2387 209 2459 Lullac
230 2390 335 2474 gratia
348 2389 410 2458 Dei
431 2390 578 2478 episcopo
595 2389 747 2476 Vigberlrt
766 2388 948 2476 presbiter,
964 2393 1068 2456 vester
1083 2387 1186 2458 fidelis
1201 2409 1267 2458 ser·

97 2525 166 2592 vus,
191 2505 364 2592 optabilem
385 2505 419 2573 in
442 2506 568 2574 Christo
591 2507 735 2574 salutem.

186 2620 309 2690 Vestris
331 2622 525 2690 orationibus
548 2623 732 2708 meritisque
756 2620 1018 2706 suffragantibus,
1048 2625 1083 2688 ut
1111 2623 1269 2693 credimus

1 2789 2 2792 ,
98 2743 131 2806 et
157 2758 217 2826 pro
246 2743 332 2806 certo
360 2738 493 2822 scimus,
522 2758 676 2826 prospera
704 2739 794 2806 nobis
822 2743 926 2806 terrae
954 2737 1114 2823 marisque
1136 2739 1268 2823 itenere,

1 2915 2 2950 ,
96 2859 266 2942 postquam
289 2875 310 2922 a
332 2853 590 2939 resisteremus,
614 2852 675 2920 Dei
697 2853 865 2922 clementia
879 2852 1042 2920 concessit.
1077 2852 1268 2939 Amicosque

97 2976 130 3038 et
151 2971 347 3058 propinquos
377 2990 470 3038 sanos
498 2975 531 3037 et
559 2969 729 3037 incolomes
751 2970 928 3038 invenimus
952 2968 1147 3054 benigneque
1169 2971 1267 3041 suad·

96 3087 231 3175 pientes,
256 3087 362 3154 omnia
382 3087 562 3154 necessaria
583 3090 649 3152 tam
672 3086 705 3152 in
729 3086 980 3172 possessionibus
1003 3105 1155 3170 agnorum
1174 3107 1268 3171 quam

96 3203 131 3270 in
152 3203 303 3270 iumentis
325 3208 359 3270 et
380 3204 563 3290 peccoribus
586 3201 733 3288 allisque¹
755 3200 1024 3289 suppellectilibus
1043 3207 1154 3288 sponte
1177 3202 1267 3270 nobie

96 3319 292 3408 mibuentes3
317 3318 401 3406 quod
415 3339 521 3405 usque
544 3318 637 3386 hodie
660 3319 778 3404 absque
800 3317 867 3384 ulla
888 3317 1136 3384 contradictione
1149 3317 1267 3384 haben·
1439 3399 1444 3410 .

97 3441 161 3518 tes3
185 3441 273 3504 tuam
296 3440 438 3504 sanctam
460 3435 708 3519 fraternitatem,
732 3455 813 3520 quas
835 3454 893 3500 nos
916 3454 1040 3522 semper
1063 3439 1096 3500 et
1117 3433 1267 3502 adiuvare
1392 3415 1394 3420 ’

98 3558 130 3618 et
151 3551 317 3620 consulare
339 3556 561 3635 consueverat,
584 3556 732 3636 rogantes
755 3555 788 3618 et
809 3549 1025 3633 obsecrantes,
1047 3553 1084 3616 ut
1105 3550 1213 3618 videas
1237 3555 1269 3617 et

98 3668 297 3754 consideras,
326 3666 522 3754 quidnobis
550 3665 659 3734 utilius
689 3666 845 3752 agendum
868 3667 918 3734 sit.
966 3664 1081 3734 Omnia
1103 3667 1187 3734 enim
1210 3666 1269 3734 tibi

98 3791 176 3852 nota
202 3785 281 3866 sint3
311 3789 343 3850 et
370 3783 430 3851 hoo
451 3789 484 3851 et
505 3783 592 3850 illud
640 3783 796 3868 Quicquid
817 3783 876 3850 tibi
898 3784 1015 3851 bonum
1038 3781 1179 3866 videtur,
1209 3783 1269 3853 hoc

98 3921 149 3968 me
177 3901 278 3968 fateor
307 3899 390 3968 laeto
424 3900 529 3966 animo
563 3899 675 3968 fecisse
705 3903 737 3967 et
770 3905 861 3968 tuum
888 3897 1014 3966 salubre
1042 3899 1208 3966 consilium
1234 3899 1269 3969 in

98 4017 185 4086 nullo
213 4016 381 4106 sprevisse.
429 4015 464 4084 Si
492 4015 552 4084 tibi
579 4016 703 4084 videtur
731 4019 768 4080 ut
794 4015 834 4082 ad
861 4035 917 4082 vos
944 4033 1129 4102 pergamus,
1165 4013 1268 4096 utiles,

99 4139 135 4200 ut
156 4133 326 4217 oredimus,
348 4132 432 4199 viros
456 4137 497 4216 et,
521 4136 557 4199 ut
579 4131 678 4215 munt,
700 4130 798 4198 bonos
820 4131 854 4196 in
877 4137 985 4198 nostro
1003 4131 1184 4200 desiderant
1199 4150 1268 4196 esse

171 4325 193 4358 e.
214 4314 389 4368 ,scemam
410 4319 443 4356 se
458 4311 559 4358 nese-m
575 4311 597 4356 c
615 4310 643 4356 r.
721 4309 742 4355 e.
764 4308 876 4356 correers
894 4310 922 4357 ν.
1000 4321 1021 4357 e
1041 4293 1075 4356 ei
1090 4311 1118 4356 ν.
1195 4307 1218 4354 e.
1239 4325 1269 4354 ι,

101 4391 125 4439 7
138 4391 266 4440 oo-eoe.
289 4393 343 4441 Sine
358 4393 467 4438 meu.
545 4405 566 4438 e.
585 4386 614 4450 pi
632 4390 660 4438 V.
737 4388 864 4450 taliaque
882 4391 910 4438 V.
