3164 4842
366 331 526 381 mousom
547 333 734 382 monuere
756 332 837 382 vrrs
859 333 1030 383 rannerus
1213 319 1279 384 549

113 473 210 540 irater
232 473 411 540 vohrntaria
433 475 626 559 conditione,
654 477 745 562 parvi
768 475 925 562 pendebat
945 477 1068 562 timeri,
1096 497 1191 560 agens
1213 497 1280 544 ma·

113 609 249 675 gnopere
276 590 374 675 diligi.
466 590 594 658 Talibus
624 592 690 658 eius
719 592 831 658 studiis
858 592 1020 677 invidens,
1051 591 1194 660 diabolus
1221 593 1281 661 etsi

113 706 237 772 vincere
258 706 347 773 illum
371 727 435 773 non
456 707 590 790 valebat,
614 707 668 774 sed
691 709 876 796 temptabat.
912 707 1059 776 incitavit
1079 709 1201 775 insum
1217 707 1280 776 dis-

113 821 251 888 cordiam
273 823 409 909 pretoria
424 823 511 891 urbis
526 822 736 910 Mogontinae,
760 825 814 909 qui
828 845 979 910 magnum
995 824 1131 910 aliquem
1147 823 1281 893 arbitra-

113 937 205 1005 batur
226 958 261 1006 se
281 939 433 1024 totamm,
457 941 484 1006 si
506 959 563 1027 pre
581 941 692 1006 ceteris
708 940 881 1024 negligeret
897 941 1088 1028 episcopum.
1122 939 1282 1008 Patientia

113 1055 197 1120 enirn
218 1055 357 1141 episcopi
372 1055 431 1122 hoc
445 1055 506 1122 sibi
515 1035 623 1122 'visum
640 1059 689 1122 est
701 1075 795 1142 posse
809 1055 893 1139 lieri3
917 1062 948 1123 et
963 1055 1046 1123 unde
1060 1057 1157 1124 miser
1172 1057 1281 1124 debuit

111 1169 233 1255 melior,
256 1170 453 1238 indefectus
477 1176 526 1238 est
548 1172 694 1239 deterior.
730 1171 907 1239 Observans
930 1173 1030 1257 igitur
1052 1171 1102 1240 die
1124 1179 1280 1259 noctuque

112 1287 303 1373 episcopum,
328 1287 354 1352 si
377 1287 458 1354 lorte
482 1287 606 1376 aliquid¹
623 1286 767 1354 illicitum
785 1287 975 1372 admitteret,
1000 1307 1071 1355 cum
1086 1289 1120 1356 in
1136 1290 1280 1357 omnibus

111 1422 182 1468 enm
207 1403 362 1470 inveniret
383 1402 700 1490 irreprehensibilem,
724 1405 763 1471 ad
787 1409 964 1472 commenta
986 1403 1130 1472 fallaciae
1151 1425 1280 1473 conver-

110 1537 175 1601 sus,
203 1538 266 1603 qua
288 1539 327 1586 er
349 1540 384 1586 re
406 1519 522 1604 nescio,
549 1520 708 1586 maiestati
731 1541 819 1587 reum
842 1519 936 1586 finxit
959 1519 1042 1606 apud
1065 1542 1181 1606 regern.
1218 1519 1281 1589 Sed

110 1653 180 1701 corn
204 1633 277 1700 telis
300 1635 455 1730 mendacii
478 1635 596 1722 stipula
618 1637 761 1702 ventatis
779 1636 851 1720 igne
867 1635 1018 1702 citissime
1033 1641 1279 1722 consumeretur,

109 1769 182 1816 oum
206 1751 301 1817 etiam
324 1752 507 1838 episcopum
526 1751 626 1818 adhuc
641 1753 818 1839 pacientem
835 1751 924 1835 vidit,
947 1771 1040 1836 quem
1057 1750 1191 1818 credidit
1204 1745 1279 1819 totis

109 1885 144 1933 se
172 1866 292 1933 viribus
315 1866 395 1934 velle
417 1865 540 1951 ulcisci,
572 1867 717 1966 desperit
740 1889 827 1950 eum;
856 1887 914 1934 sua
936 1889 971 1934 se
993 1871 1149 1954 potestate
1172 1867 1279 1934 delen·

108 2001 179 2050 som
209 1983 356 2068 credidit,
385 1985 511 2069 iamque
538 2005 595 2070 per
625 2005 657 2051 se
686 1986 791 2071 ipsum
819 1985 852 2050 in
880 1985 1062 2071 episcopum
1085 1983 1192 2050 conari
1215 2003 1278 2051 non

108 2098 241 2166 distulit
316 2099 415 2183 Igitur
437 2119 652 2186 quemcunque
676 2100 811 2187 amplius
833 2099 1021 2166 familiarem
1039 2099 1173 2166 mosaici
1189 2100 1277 2184 vidit,

107 2215 237 2282 sibimet
261 2211 356 2282 inxit
382 2217 585 2300 contrarium,
615 2223 659 2300 nt,
687 2236 758 2282 oum
781 2215 814 2282 in
836 2213 983 2303 pontifice
1006 2215 1126 2283 nullum
1148 2215 1279 2283 haberet

107 2331 299 2416 subsidium,
330 2333 361 2397 vi
390 2339 422 2399 et
450 2335 517 2398 arte
546 2329 717 2404 offenderet
738 2334 771 2398 in
795 2331 988 2419 episcopum.
1023 2329 1108 2416 Ergo
1131 2351 1182 2398 res
1205 2351 1278 2418 pro·

107 2447 205 2514 cessit
231 2447 371 2531 longius,
400 2446 578 2515 ulciscenda
606 2449 754 2515 severius.
797 2447 1043 2534 Comprehendit
1072 2454 1178 2515 autem
1205 2442 1303 2515 ficto‘

106 2563 268 2630 mendatio
291 2563 447 2649 quendam
470 2563 719 2651 dispensatorem
744 2564 898 2651 episcopi3
923 2583 1056 2649 eumque
1078 2563 1165 2631 nullo
1184 2563 1278 2631 modo

105 2677 265 2746 dimittere
287 2678 444 2766 disposuit
464 2680 527 2746 nisi
548 2681 582 2746 in
602 2685 810 2767 purgamento
831 2679 950 2746 iudicii.
984 2678 1046 2747 Sed
1067 2685 1195 2746 sanctus
1212 2679 1278 2766 epi·

105 2813 230 2881 scopus,
256 2795 366 2864 videns
390 2815 462 2862 eum
485 2795 602 2882 absque
624 2797 746 2863 ratione
770 2795 857 2862 abuti
880 2815 938 2862 sua
959 2795 1117 2883 pacientia
1138 2796 1277 2879 itemque

105 2916 225 2996 quauta
252 2911 320 2978 sine
348 2930 443 2979 causa
471 2917 654 2998 paterentur
683 2913 718 2978 in
747 2932 804 2978 sua
833 2910 966 2978 studiosi
995 2911 1143 2994 servicia,
1177 2909 1275 2977 semel

104 3028 273 3113 sepiusque
295 3028 419 3113 rogavit
440 3033 530 3094 tanta
552 3035 709 3115 pretorem
725 3047 848 3094 cessare
864 3026 1022 3108 molestia;
1047 3030 1082 3092 ut
1102 3027 1195 3093 etiam
1212 3026 1274 3111 hic,

103 3144 160 3229 qui
187 3143 267 3210 falso
295 3144 536 3227 criminabatur,
566 3143 713 3211 evaderet
736 3142 853 3229 absque
876 3142 999 3208 iniuria.
1033 3139 1145 3209 Pretor
1168 3148 1273 3209 autem

102 3259 186 3326 letus
210 3257 338 3326 effectus
362 3265 419 3345 est,
444 3260 527 3345 quod
552 3259 669 3346 aliquid
692 3259 858 3341 invenerit,
883 3276 943 3342 quo
967 3277 1020 3324 cor
1042 3257 1199 3345 pontilicis
1218 3259 1273 3325 do·

102 3376 181 3442 loris
209 3365 338 3442 vulnere
366 3377 519 3461 tetigerit,
549 3376 631 3462 quod
661 3375 786 3463 penitus
814 3371 1042 3441 invulnerabile
1064 3374 1212 3457 credidit;
1243 3379 1274 3442 et

103 3492 168 3559 iam
198 3493 283 3559 omni
313 3499 417 3558 amoto
445 3492 539 3560 dubio
563 3492 713 3559 iudicium
737 3490 915 3575 exquisivit.
950 3487 1035 3574 Ergo
1059 3489 1100 3557 ad
1121 3490 1272 3557 iudicium

102 3612 232 3675 ventum
255 3613 311 3674 est
346 3607 434 3675 Tunc
449 3610 498 3674 vir
512 3607 582 3693 Dei,
606 3607 743 3696 pacienti
759 3625 951 3692 compassus,
974 3605 1092 3673 iustum
1107 3605 1177 3673 fieri
1190 3606 1273 3674 iudi·

102 3725 187 3792 cium
202 3723 263 3790 Dei
285 3725 387 3811 petiit,
410 3729 446 3790 ut
469 3729 599 3791 eventus
622 3723 745 3810 probat,
768 3742 832 3788 non
854 3727 977 3789 tantum
1001 3722 1040 3789 de
1064 3741 1100 3788 eo
1124 3721 1177 3807 qui
1199 3741 1273 3809 pas-

102 3861 158 3906 sus
181 3845 239 3924 est,
263 3839 315 3907 sed
342 3845 374 3906 et
395 3840 434 3906 de
455 3841 494 3906 'eo
518 3840 571 3924 qui
594 3839 669 3906 lecit
691 3839 849 3905 iniuriam.
884 3837 966 3905 Nam
990 3845 1021 3905 et
1043 3837 1107 3923 ille,
1131 3837 1185 3923 qui
1205 3858 1272 3904 mo·

100 3956 292 4042 lestabatur,
321 3955 389 4023 Deo
413 3955 596 4040 adiuvante,
625 3955 726 4022 sancti
750 3955 809 4021 viri
832 3953 977 4042 precibus
1000 3951 1215 4041 inculpabilis,
1240 3957 1272 4020 st

100 4071 172 4156 ille,
200 4071 316 4139 indicio
345 4071 450 4138 divino
475 4076 659 4159 preventus,
690 4070 842 4138 abscessit
862 4071 1056 4138 insanabilis.
1091 4069 1162 4137 Etsi
1186 4069 1270 4136 enim

101 4209 166 4255 non
189 4189 297 4256 statim
320 4189 435 4275 sensit,
463 4189 518 4256 sed
541 4189 649 4256 statim
672 4192 779 4254 tamur
800 4192 970 4274 preventus
991 4187 1061 4254 luit
1096 4184 1191 4270 Quia,
1215 4185 1269 4272 qui

100 4310 213 4372 contra
235 4305 338 4372 virum
353 4304 414 4372 Dei
435 4304 585 4371 iudicium
607 4308 785 4391 paraverat,
809 4307 953 4390 paratum
975 4301 1125 4368 iudicium
1139 4302 1269 4370 minima

100 4426 261 4505 evaserat3
290 4426 322 4488 et
350 4421 403 4507 qui
430 4419 524 4506 longo
552 4421 616 4488 iam
644 4426 788 4510 temporo
817 4421 920 4487 virum
948 4418 1009 4486 Dei
1036 4418 1267 4507 molestaverat,
