3148 4846
358 339 1061 393 wmnmsrn1vrrss.normsrncsr.v1
1223 325 1290 396 453

210 479 316 566 Atqm
337 481 493 550 universis
516 501 597 568 quae
618 481 834 571 praediximus
856 484 1009 572 conpletis
1027 491 1059 554 et
1075 505 1211 574 superno
1226 489 1291 556 sui·

120 596 265 680 fragante
292 603 372 664 nutu
399 599 550 685 peractis,
580 599 620 666 ad
642 597 854 686 Thyringcam
883 601 1023 688 proiecto
1050 604 1209 690 protectus
1232 611 1289 672 est

119 711 163 778 Et
191 714 330 782 seniores
357 713 459 802 plebis
486 713 658 802 populique
684 717 844 803 principes
872 715 984 786 aliatus
1012 723 1061 785 est
1082 737 1212 806 cosque,
1240 739 1290 788 re-

119 828 198 896 licta
217 831 415 915 ignorantias
437 831 602 916 caadtate,
632 831 674 898 ad
702 838 881 921 acceptam·
903 832 1020 902 dudum
1050 835 1291 904 christianitatis

118 945 309 1030 relegionem
332 945 476 1015 iterando
497 947 690 1034 provocavit

208 1061 303 1148 Quia,
331 1061 675 1132 immaturarum
704 1083 813 1148 regum
842 1065 998 1151 dominio,
1025 1085 1142 1151 magna
1163 1065 1290 1154 quidem

118 1193 227 1246 comm
255 1179 404 1246 comitum
432 1179 600 1248 multitudo
628 1179 687 1247 sub
714 1179 919 1250 Theotbaldi·
941 1187 974 1248 at
995 1181 1139 1252 Hedones
1166 1185 1290 1270 pericu-

117 1295 186 1362 loso
214 1295 370 1383 primatu,
400 1297 454 1382 qui
475 1294 608 1380 lugubre
630 1316 725 1384 super
747 1317 800 1364 eos
823 1297 980 1384 tyrannici
1002 1298 1135 1366 ducatus
1157 1305 1190 1366 st
1210 1301 1290 1368 infa-

117 1417 203 1478 stum
230 1413 417 1480 vastationis
444 1412 550 1499 potius
579 1431 674 1498 quam
702 1412 876 1480 devotionis
904 1411 1088 1482 obtinebant
1109 1415 1289 1502 imperium,

117 1525 169 1594 val
190 1528 347 1615 corporali
369 1549 427 1616 per
449 1547 502 1596 eos
524 1533 698 1615 praevenis
719 1535 820 1596 morte
836 1528 886 1596 uel
901 1528 1009 1596 hostili
1024 1529 1181 1616 siquidem
1197 1533 1290 1600 educ·

117 1643 204 1712 done
226 1645 386 1732 captivata
408 1650 456 1712 est
477 1644 512 1711 in
539 1649 724 1730 tantumque
753 1643 886 1712 diversis
916 1646 1087 1713 constricte
1114 1646 1225 1732 malis,
1253 1653 1291 1715 ut

117 1766 223 1830 cetera
244 1781 324 1847 quae
346 1761 494 1830 manabat
516 1761 642 1827 residua
663 1759 773 1848 populi
795 1761 890 1828 turha
907 1759 1068 1828 Saxonum
1091 1781 1125 1829 se
1143 1763 1287 1832 sublace-

115 1876 185 1944 rat*
208 1877 415 1965 principatu·.
450 1875 615 1960 Quoniam,
638 1881 781 1944 cessante
801 1875 1026 1961 rolegioscrum
1049 1878 1165 1946 ducum
1187 1879 1290 1947 domi·

116 1997 210 2078 natu,
233 1994 369 2061 cessavit
390 1993 485 2061 atium
508 1993 542 2060 in
565 1993 609 2060 eis
633 1993 872 2060 christianitatis
895 1997 927 2059 et
947 1991 1116 2078 relegionis
1137 1996 1288 2079 intantio;

116 2113 150 2176 et
170 2108 259 2194 lalsi,
289 2109 473 2176 seducentes
496 2109 664 2198 populum,
692 2109 864 2178 introducti
895 2113 970 2176 eunt
991 2109 1121 2194 iratres,
1152 2112 1206 2197 qui
1228 2111 1288 2179 sub

115 2225 243 2292 nomine
270 2225 439 2310 relcglonis
467 2228 641 2294 maximam
669 2226 825 2294 hereticae
855 2225 1022 2312 pravitatis
1044 2225 1290 2295 introduxerunt

115 2347 244 2410 sectam.
290 2341 341 2410 Ex
367 2341 480 2427 quibus
503 2345 551 2408 est
572 2339 787 2430 Torchtwine'
808 2345 840 2408 et
861 2339 1079 2428 Berehthare¹,
1107 2342 1290 2412 Eauhcrcht

116 2463 149 2526 et
161 2457 322 2544 Huni-aed,
344 2459 549 2525 fornicatores
572 2463 604 2527 st
625 2458 771 2542 adulteri,
796 2475 873 2542 quos
895 2457 986 2524 iuxta
1008 2459 1185 2545 apostolum
1205 2461 1288 2528 iudi·

115 2575 200 2642 cavit
221 2570 334 2642 Daus¹.
380 2573 441 2654 Qut
469 2573 698 2642 validissimum
729 2573 878 2641 adversus
901 2573 1060 2642 hominem
1084 2575 1146 2644 Dei
1169 2577 1287 2645 excita-

114 2690 245 2758 uerunt¹¹
267 2689 460 2774 conflictum3
483 2691 549 2775 sod,
573 2691 656 2758 veris
676 2690 842 2758 vorborum
858 2691 1107 2776 oppositionibus
1123 2693 1286 2779 contutati,

113 2805 243 2892 dignam
265 2793 554 2894 reconpensationis
578 2807 682 2874 sortiti
704 2809 778 2874 sunt
800 2805 999 2874 sententiam.

203 2923 345 3009 Cumque
366 2929 534 2992 renovatus
556 2943 614 3010 per
636 2922 787 3010 populum
810 2919 885 3009 fidei
907 2921 1074 2990 inluxisset
1097 2923 1230 3008 candor,
1254 2929 1288 2992 st

112 3039 204 3128 plebs
227 3039 267 3107 ab
289 3040 410 3125 ingenti
433 3039 548 3108 erroris
571 3039 692 3126 erepta¹
715 3038 782 3106 est*
803 3038 932 3124 laqueo,
959 3039 1024 3106 ianr
1048 3039 1188 3126 expulsis
1211 3059 1285 3126 prc-

112 3155 179 3224 tani
211 3156 312 3224 hostis
346 3157 455 3224 amicis
490 3160 523 3222 et
549 3155 671 3222 infestis
699 3154 810 3242 populi
838 3153 1028 3241 supradictis
1056 3155 1283 3242 seductoribus,

112 3291 249 3340 messem
279 3269 406 3358 quidem
428 3269 560 3339 multam
583 3291 655 3339 cum
678 3271 787 3358 paucis
811 3271 980 3339 admodum
1004 3267 1213 3339 messoribus'
1234 3273 1284 3338 in-

111 3385 219 3458 coluit
260 3387 308 3483 'Et
333 3407 482 3473 magnam
510 3389 657 3476 primitus
683 3387 793 3454 muudi
815 3388 908 3455 huius
931 3389 1096 3474 penuriam
1120 3407 1156 3454 ac
1177 3389 1284 3474 truga-

111 3504 236 3572 litatem
259 3504 439 3590 suateuuit¹,
467 3503 651 3588 magnisque
673 3503 912 3570 tribulationum
936 3505 1089 3588 angustiis
1113 3509 1282 3590 coartatus,

111 3621 202 3690 uerbi
225 3619 286 3688 Dei
314 3621 436 3688 semina
463 3620 660 3708 propagavit
699 3619 762 3686 Sed
789 3639 861 3686 cum
888 3620 1081 3688 credentium
1104 3619 1284 3707 paulatim·
1423 3700 1425 3718 Ι

110 3737 299 3826 pollesceret
320 3735 503 3820 multitudo,
531 3737 783 3824 praedicatorum
806 3755 929 3820 quoquo
950 3735 1178 3824 multiplicatus
1201 3743 1285 3804 essct

110 3853 303 3939 catalogus',
331 3857 408 3920 tunc
436 3853 532 3920 etiam
555 3852 724 3920 aecclesiae
747 3858 876 3939 repente
898 3852 1115 3920 instaurantur
1139 3859 1171 3920 et
1192 3873 1283 3941 prae·

111 3969 228 4038 dicato
250 3969 317 4037 eius
341 3969 501 4038 doctrinae
523 3968 758 4036 multiformiter
780 3968 949 4036 emanavit
985 3967 1281 4055 Monasterinmqua,

184 4125 206 4159 a
227 4113 352 4172 captamA
430 4112 452 4159 h.
473 4129 504 4159 aa
519 4109 624 4170 ia(moso)
642 4111 761 4158 cassautat
783 4112 821 4166 cs.
837 4113 912 4168 infra.-
931 4114 1047 4167 ,maante
1063 4111 1225 4170 rologloacrum
1240 4110 1282 4160 du·

110 4207 162 4242 aum
183 4191 323 4240 doruluatu‘.
420 4205 440 4239 c.
464 4191 605 4239 theodbaldi
621 4195 650 4239 A.
749 4189 773 4236 d.
802 4189 915 4237 subiceret
930 4192 960 4237 A.
1056 4205 1077 4238 a.
1098 4192 1237 4251 principatui
1252 4193 1282 4242 A.

109 4274 126 4321 t.
147 4271 278 4321 Trahtulus
288 4276 318 4330 A,
335 4271 468 4320 'lcrchrrlnc
476 4273 505 4320 B.
567 4284 589 4330 g.
609 4269 734 4318 barhthera
745 4273 774 4327 A,
790 4268 942 4316 Benahthsra
952 4271 980 4316 B.
1043 4269 1067 4318 h.
1087 4271 1241 4318 exaltaverant
1251 4274 1281 4324 A.

110 4353 126 4402 i.
147 4356 241 4414 ereptus
257 4353 283 4400 F.
345 4351 368 4399 h.
389 4354 452 4400 assat
466 4355 494 4398 A.
572 4351 588 4398 l.
610 4351 719 4398 rusttuuit
733 4354 763 4398 A.
825 4363 855 4396 uu.
876 4367 917 4398 aas
935 4353 963 4398 A·
1026 4364 1048 4398 u.
1069 4350 1173 4408 catalogi
1189 4353 1214 4398 F.

184 4451 209 4508 1.
234 4445 318 4504 Hebr.
333 4447 375 4518 1³,
387 4447 418 4502 4:
439 4451 489 4518 ,et
506 4445 645 4504 adulteros
661 4443 795 4504 iudicabit
811 4443 918 4502 Deus“.
991 4445 1016 4500 2.
1035 4442 1077 4502 Gt
1091 4443 1187 4502 naun
1200 4445 1279 4516 9,37.
