3110 4844
413 296 848 348 mmanueumrrnrm
871 299 902 346 au
1091 273 1103 308 ⁸
1174 281 1240 350 829

80 438 1347 528 plurimisnerumlnetadeenrarantlingmnatiua—quurnmiueaau

80 554 271 622 relumin-
306 555 400 623 His
426 555 578 624 flnetnare
611 557 827 640 nognnsuimns
861 556 1014 624 mnndum
1041 591 1083 606 ·-
1113 561 1241 625 noemae

79 671 173 738 etiam
196 675 300 738 saeue
321 671 612 758 preban'ssimerum
634 673 772 740 virerum
795 673 880 740 taeta
900 673 1088 758 laudabant,
1114 672 1240 742 Iuranei

79 787 224 854 straturis
252 785 416 856 Prudsmii
448 793 703 874 maternamque
735 787 922 874 multemm,
957 791 1011 876 qni
1042 809 1100 856 ma
1131 789 1241 875 lingua

78 902 163 970 dieta
185 907 219 970 et
239 903 393 972 miranda
410 903 527 972 Christi
549 903 695 972 decenter
717 904 886 986 ornabant3
908 923 967 972 nus
988 925 1074 990 rere,
1096 907 1240 992 quamvis

78 1019 188 1086 eadem
209 1017 272 1086 tide
292 1019 462 1106 eademne
481 1021 584 1104 gratia
598 1020 745 1088 instruuti
761 1019 938 1088 divinornm
953 1021 1121 1090 verberum
1135 1022 1240 1109 splen·

77 1135 187 1204 (iurem
209 1134 419 1204 omnemne
442 1136 582 1222 prolerre
604 1136 734 1223 propria
751 1134 870 1220 lingua,
893 1135 1239 1224 dieabnntpigreseere.
1314 1153 1319 1164 ¹

76 1251 146 1319 Hae
168 1251 241 1318 dum
265 1271 374 1318 eurum
396 1252 521 1320 eamuti
539 1252 719 1340 importune
734 1252 813 1320 mihi
827 1252 958 1320 instanti
972 1271 1088 1338 negare
1102 1253 1240 1340 nequivi,

77 1367 155 1452 feei,
178 1385 243 1434 nun
265 1369 355 1452 quasi
379 1369 499 1455 peritus
522 1368 579 1435 sed
599 1368 739 1435 lratarna
760 1367 911 1455 petitione
933 1373 1069 1436 euentus

168 1481 290 1570 Scripsi
311 1503 456 1570 namque,
480 1503 588 1552 aerum
610 1503 740 1571 preeum
755 1481 900 1552 suffultus
914 1485 1084 1569 iuvamina,
1107 1505 1242 1571 euange-

76 1599 191 1666 liorum
213 1606 337 1686 partem
352 1599 519 1668 rmzuee
540 1601 756 1688 eempusitam,
779 1599 938 1668 interdum
960 1600 1117 1688 spiritalia
1138 1621 1241 1670 mora-

75 1714 183 1801 lisque
203 1716 301 1784 rerba
321 1717 529 1804 permiscens3
551 1722 597 1801 ut,
620 1716 674 1802 qni
696 1717 730 1784 in
751 1715 815 1784 illis
832 1715 953 1784 alienae
967 1716 1093 1802 linguae
1108 1717 1242 1786 diffluul·

75 1837 176 1899 tatem
198 1833 362 1918 horrescit,
385 1833 436 1900 hie
457 1834 587 1921 propria
606 1831 715 1916 lingna
735 1839 903 1917 eognoscat
916 1833 1117 1902 amatissima
1129 1835 1241 1917 rerba3

76 1947 201 2036 Deiqne
222 1950 325 2034 legem
347 1969 405 2016 sus
430 1947 540 2034 lingna
565 1947 766 2032 intellegens,
795 1948 869 2016 inde
897 1969 931 2015 se
959 1947 1010 2018 vel
1030 1965 1144 2036 parum
1167 1950 1242 2036 quid

74 2066 220 2151 semme,
250 2071 356 2134 ments
382 2066 512 2152 propris
539 2065 748 2152 pertimescat
840 2063 960 2151 Scripsi
986 2066 1093 2150 itaque
1119 2067 1154 2132 in
1175 2067 1241 2154 pri·

74 2183 138 2250 mis
168 2187 202 2248 et
228 2183 261 2248 in
283 2180 403 2248 ultimis
425 2180 517 2248 huius
539 2179 612 2248 libri
634 2179 794 2266 partibus,
821 2179 904 2247 inter
927 2185 1061 2266 quatuor
1083 2181 1241 2267 euangeli-

74 2305 144 2366 stas
166 2298 316 2365 mesdeus
339 2295 471 2380 medius,
493 2301 529 2362 nt
550 2296 643 2362 medo
667 2295 743 2381 quid
764 2297 824 2364 iste
840 2295 954 2381 quidve
969 2295 1049 2364 alins
1064 2298 1243 2384 metarique

74 2413 262 2498 seriberem,
285 2415 369 2480 inter
388 2411 461 2480 illes
483 2411 663 2496 ordinatim,
686 2417 782 2500 prout
803 2413 901 2499 potui,
924 2413 1051 2500 penitus
1073 2432 1154 2500 pena
1176 2415 1241 2484 die·

74 2531 154 2598 tari
197 2530 234 2597 In
254 2529 359 2597 medie
382 2548 467 2610 raro,
489 2547 530 2596 ne
551 2529 690 2613 graviter
711 2529 793 2596 forte
814 2549 873 2616 pru
896 2527 1111 2616 superfluitate
1131 2531 1242 2600 verbe·

75 2667 152 2714 ram
173 2646 294 2714 tenent
314 2645 468 2731 legantes,
491 2643 592 2712 mults
613 2649 646 2712 at
666 2643 891 2732 parabulsrum
911 2643 1030 2712 Christi
1053 2651 1086 2714 at
1105 2647 1242 2715 miraeu-

73 2761 182 2830 lerum
205 2763 334 2848 simque
357 2762 535 2845 decuisse,
563 2760 707 2846 quamvis
729 2760 794 2826 iem
815 2760 935 2844 lassus,
962 2761 1002 2828 ub
1024 2761 1241 2830 nenessitatem

74 2885 188 2946 nmen
211 2877 405 2965 praedietsm
427 2876 608 2965 pretermisi
629 2876 762 2958 inritum
792 2881 824 2942 et
845 2895 909 2944 non
930 2876 995 2943 iam
1015 2876 1185 2946 ordinatim
1205 2883 1243 2946 ut

72 3015 245 3083 superam
267 2993 433 3082 praemari
454 2991 591 3077 metare,
614 2991 669 3059 sed
692 2989 826 3076 qualiter
848 3011 937 3060 meae
959 3011 1076 3078 parrae
1098 3013 1242 3062 annume-

73 3115 153 3178 rnnt
175 3109 355 3178 memoriae.

166 3226 323 3294 Velamen
343 3243 479 3312 namque
500 3223 585 3292 istud
608 3223 642 3290 in
664 3223 802 3309 quinque
815 3223 912 3292 libros
926 3221 1068 3292 distinxi.
1102 3223 1240 3304 Quorum

70 3344 201 3432 primns
223 3342 420 3410 nativitatem
443 3339 561 3408 Christi
582 3336 750 3421 memo'rat3
773 3337 868 3406 linem
890 3339 967 3406 lauit
987 3339 1144 3426 baptismo
1167 3342 1241 3410 dne-

70 3461 225 3545 tsinaqne
247 3458 403 3526 iohannis
444 3454 614 3540 Senundus,
637 3455 702 3522 iam
724 3456 884 3524 aenarsitis
906 3455 972 3522 eius
995 3455 1168 3544 dumnulis,
1188 3477 1240 3526 re-

70 3577 148 3660 iert,
172 3573 329 3660 quemodo
351 3594 387 3640 se
410 3579 442 3640 et
464 3572 650 3659 quibusdam
673 3571 772 3656 signis
796 3575 828 3638 et
849 3569 992 3638 doeens
1007 3591 1064 3638 sua
1078 3573 1241 3661 praeuius

69 3691 195 3758 mumde
222 3689 369 3756 innotuit
414 3690 540 3757 Tertius
567 3689 728 3772 signorum
758 3686 977 3756 almitudinem
1005 3692 1038 3756 et
1065 3688 1240 3758 donuinam

71 3807 113 3874 aul
129 3805 245 3874 indens
269 3805 496 3892 aliquantulum
518 3809 636 3874 numat.
672 3803 807 3883 Quartus
830 3803 894 3870 iam
909 3803 1054 3889 qualiter,
1077 3825 1152 3874 snae
1166 3827 1240 3894 pas-

70 3924 159 3990 sioni
188 3923 419 4010 propinquans,
453 3941 512 4009 pro
546 3919 636 3988 nubis
663 3925 796 3986 mortem
824 3925 936 4006 sponte
962 3921 1128 4007 pertulerit
1153 3923 1238 3990 dieit

70 4038 212 4119 Quintae
241 4039 308 4105 eius
336 4037 611 4122 resurreetionem,
639 4056 711 4104 eum
737 4035 900 4123 discipulis
922 4055 1012 4102 suam
1034 4043 1145 4124 postea
1166 4057 1240 4106 eun·

68 4155 283 4238 toennenem,
311 4154 526 4222 mesnsionem
553 4157 585 4220 et
611 4153 695 4222 diem
723 4153 832 4221 iuditii
858 4157 1021 4220 memorat
1111 4153 1178 4221 Hos
1204 4160 1241 4222 ut

68 4271 143 4338 dixi
166 4271 202 4338 in
225 4270 378 4355 quinque,
402 4271 545 4356 quamvis
567 4269 802 4356 euangeliorum
823 4267 896 4336 libri
916 4273 1049 4354 quatuor
1071 4269 1146 4355 sint,
1167 4271 1239 4339 idae

69 4386 220 4471 distinxi,
244 4386 319 4473 quia
341 4405 448 4454 eurum
471 4386 626 4473 quadrata
640 4385 814 4472 aequalitas
829 4388 939 4452 saneta
952 4389 1133 4456 nostrerum
1148 4387 1239 4474 quin·
