<?xml version="1.0" encoding="UTF-8"?>
<!DOCTYPE html PUBLIC "-//W3C//DTD XHTML 1.0 Transitional//EN"
    "http://www.w3.org/TR/xhtml1/DTD/xhtml1-transitional.dtd">
<html xmlns="http://www.w3.org/1999/xhtml" xml:lang="en" lang="en">
 <head>
  <title>
</title>
<meta http-equiv="Content-Type" content="text/html;charset=utf-8" />
  <meta name='ocr-system' content='tesseract 3.04.00' />
  <meta name='ocr-capabilities' content='ocr_page ocr_carea ocr_par ocr_line ocrx_word'/>
</head>
<body>
  <div class='ocr_page' id='page_1' title='image "./bibliothecareru03jaffgoog_0518.png"; bbox 0 0 3164 4842; ppageno 0'>
   <div class='ocr_carea' id='block_1_1' title="bbox 309 291 1180 360">
    <p class='ocr_par' dir='ltr' id='par_1_1' title="bbox 309 291 1180 360">
     <span class='ocr_line' id='line_1_1' title="bbox 309 291 1180 360; baseline -0.006 0"><span class='ocrx_word' id='word_1_1' title='bbox 309 291 376 360; x_wconf 77' lang='lat' dir='ltr'><strong>eet</strong></span> <span class='ocrx_word' id='word_1_2' title='bbox 611 307 658 356; x_wconf 84' lang='lat' dir='ltr'><strong>nx</strong></span> <span class='ocrx_word' id='word_1_3' title='bbox 682 307 836 356; x_wconf 84' lang='lat' dir='ltr'><strong>ounnoru</strong></span> <span class='ocrx_word' id='word_1_4' title='bbox 859 307 939 356; x_wconf 73' lang='lat' dir='ltr'><strong>vrrs</strong></span> <span class='ocrx_word' id='word_1_5' title='bbox 961 307 989 356; x_wconf 93' lang='lat' dir='ltr'><strong>s.</strong></span> <span class='ocrx_word' id='word_1_6' title='bbox 1005 307 1180 356; x_wconf 72' lang='lat' dir='ltr'><strong>nomem</strong></span> 
     </span>
    </p>
   </div>
   <div class='ocr_carea' id='block_1_2' title="bbox 308 449 1566 4258">
    <p class='ocr_par' dir='ltr' id='par_1_2' title="bbox 308 449 1482 1931">
     <span class='ocr_line' id='line_1_2' title="bbox 309 449 1473 538; baseline -0.004 -19"><span class='ocrx_word' id='word_1_7' title='bbox 309 452 465 536; x_wconf 76' lang='lat' dir='ltr'><strong>inquirunt.</strong></span> <span class='ocrx_word' id='word_1_8' title='bbox 500 449 589 518; x_wconf 87' lang='lat' dir='ltr'><strong>Tune</strong></span> <span class='ocrx_word' id='word_1_9' title='bbox 610 452 777 538; x_wconf 88' lang='lat' dir='ltr'><strong>episeopus</strong></span> <span class='ocrx_word' id='word_1_10' title='bbox 801 449 846 517; x_wconf 89' lang='lat' dir='ltr'><strong>ait</strong></span> <span class='ocrx_word' id='word_1_11' title='bbox 870 449 909 516; x_wconf 88' lang='lat' dir='ltr'><strong>ad</strong></span> <span class='ocrx_word' id='word_1_12' title='bbox 932 451 1120 537; x_wconf 83' lang='lat' dir='ltr'><strong>Aspertum:</strong></span> <span class='ocrx_word' id='word_1_13' title='bbox 1143 453 1252 518; x_wconf 83' lang='lat' dir='ltr'><strong>Maior</strong></span> <span class='ocrx_word' id='word_1_14' title='bbox 1273 473 1366 516; x_wconf 70' lang='lat' dir='ltr'><strong>meur</strong></span> <span class='ocrx_word' id='word_1_15' title='bbox 1381 463 1410 515; x_wconf 81' lang='lat' dir='ltr'><strong>te</strong></span> <span class='ocrx_word' id='word_1_16' title='bbox 1424 471 1473 514; x_wconf 81' lang='lat' dir='ltr'><strong>oo-</strong></span> 
     </span>
     <span class='ocr_line' id='line_1_3' title="bbox 311 565 1473 655; baseline -0.004 -19"><span class='ocrx_word' id='word_1_17' title='bbox 311 573 405 636; x_wconf 77' lang='lat' dir='ltr'><strong>er&#39;due.</strong></span> <span class='ocrx_word' id='word_1_18' title='bbox 441 568 563 635; x_wconf 78' lang='lat' dir='ltr'>Deinde</span> <span class='ocrx_word' id='word_1_19' title='bbox 588 569 628 634; x_wconf 81' lang='lat' dir='ltr'><strong>ad</strong></span> <span class='ocrx_word' id='word_1_20' title='bbox 651 565 884 635; x_wconf 86' lang='lat' dir='ltr'><strong>Trutmundum</strong></span> <span class='ocrx_word' id='word_1_21' title='bbox 908 567 1003 634; x_wconf 80' lang='lat' dir='ltr'><strong>dixit:</strong></span> <span class='ocrx_word' id='word_1_22' title='bbox 1032 568 1207 655; x_wconf 74' lang='lat' dir='ltr'><strong>Nunquam</strong></span> <span class='ocrx_word' id='word_1_23' title='bbox 1229 590 1267 633; x_wconf 76' lang='lat' dir='ltr'><strong>err</strong></span> <span class='ocrx_word' id='word_1_24' title='bbox 1288 568 1404 632; x_wconf 74' lang='lat' dir='ltr'><strong>semine</strong></span> <span class='ocrx_word' id='word_1_25' title='bbox 1424 579 1473 632; x_wconf 80' lang='lat' dir='ltr'><strong>tuo</strong></span> 
     </span>
     <span class='ocr_line' id='line_1_4' title="bbox 308 681 1476 770; baseline -0.003 -18"><span class='ocrx_word' id='word_1_26' title='bbox 308 687 417 752; x_wconf 73' lang='lat' dir='ltr'><strong>videos</strong></span> <span class='ocrx_word' id='word_1_27' title='bbox 438 685 546 770; x_wconf 54' lang='lat' dir='ltr'><strong>rituum</strong></span> <span class='ocrx_word' id='word_1_28' title='bbox 573 686 624 751; x_wconf 80' lang='lat' dir='ltr'><strong>ool</strong></span> <span class='ocrx_word' id='word_1_29' title='bbox 643 687 759 769; x_wconf 75' lang='lat' dir='ltr'><strong>fitium.</strong></span> <span class='ocrx_word' id='word_1_30' title='bbox 794 681 885 763; x_wconf 81' lang='lat' dir='ltr'><strong>Quod</strong></span> <span class='ocrx_word' id='word_1_31' title='bbox 915 683 1035 752; x_wconf 86' lang='lat' dir='ltr'><strong>soilieet</strong></span> <span class='ocrx_word' id='word_1_32' title='bbox 1059 687 1242 767; x_wconf 84' lang='lat' dir='ltr'><strong>utrumque,</strong></span> <span class='ocrx_word' id='word_1_33' title='bbox 1270 687 1308 748; x_wconf 89' lang='lat' dir='ltr'><strong>ut</strong></span> <span class='ocrx_word' id='word_1_34' title='bbox 1329 701 1349 748; x_wconf 90' lang='lat' dir='ltr'><strong>a</strong></span> <span class='ocrx_word' id='word_1_35' title='bbox 1369 686 1476 748; x_wconf 81' lang='lat' dir='ltr'><strong>saneto</strong></span> 
     </span>
     <span class='ocr_line' id='line_1_5' title="bbox 310 797 1477 888; baseline -0.004 -18"><span class='ocrx_word' id='word_1_36' title='bbox 310 801 457 888; x_wconf 89' lang='lat' dir='ltr'><strong>episeopo</strong></span> <span class='ocrx_word' id='word_1_37' title='bbox 490 801 688 887; x_wconf 78' lang='lat' dir='ltr'><strong>praedictum</strong></span> <span class='ocrx_word' id='word_1_38' title='bbox 722 807 785 884; x_wconf 82' lang='lat' dir='ltr'><strong>est,</strong></span> <span class='ocrx_word' id='word_1_39' title='bbox 820 805 951 868; x_wconf 80' lang='lat' dir='ltr'><strong>eventus</strong></span> <span class='ocrx_word' id='word_1_40' title='bbox 978 800 1026 866; x_wconf 90' lang='lat' dir='ltr'><strong>rei</strong></span> <span class='ocrx_word' id='word_1_41' title='bbox 1052 797 1207 886; x_wconf 84' lang='lat' dir='ltr'><strong>probarit</strong></span> <span class='ocrx_word' id='word_1_42' title='bbox 1296 797 1378 866; x_wconf 84' lang='lat' dir='ltr'><strong>Nam</strong></span> <span class='ocrx_word' id='word_1_43' title='bbox 1405 802 1477 884; x_wconf 82' lang='lat' dir='ltr'><strong>post</strong></span> 
     </span>
     <span class='ocr_line' id='line_1_6' title="bbox 309 914 1477 1004; baseline -0.003 -20"><span class='ocrx_word' id='word_1_44' title='bbox 309 917 469 984; x_wconf 80' lang='lat' dir='ltr'><strong>modinum</strong></span> <span class='ocrx_word' id='word_1_45' title='bbox 491 918 657 1004; x_wconf 79' lang='lat' dir='ltr'><strong>temporis,</strong></span> <span class='ocrx_word' id='word_1_46' title='bbox 687 918 824 1004; x_wconf 86' lang='lat' dir='ltr'><strong>Asperto</strong></span> <span class='ocrx_word' id='word_1_47' title='bbox 848 917 889 984; x_wconf 87' lang='lat' dir='ltr'><strong>ad</strong></span> <span class='ocrx_word' id='word_1_48' title='bbox 912 934 1052 984; x_wconf 81' lang='lat' dir='ltr'><strong>mensam</strong></span> <span class='ocrx_word' id='word_1_49' title='bbox 1075 915 1218 998; x_wconf 79' lang='lat' dir='ltr'><strong>sedente,</strong></span> <span class='ocrx_word' id='word_1_50' title='bbox 1245 919 1400 982; x_wconf 80' lang='lat' dir='ltr'><strong>uenerunt</strong></span> <span class='ocrx_word' id='word_1_51' title='bbox 1424 914 1477 999; x_wconf 88' lang='lat' dir='ltr'><strong>qui</strong></span> 
     </span>
     <span class='ocr_line' id='line_1_7' title="bbox 310 1029 1477 1119; baseline -0.004 -19"><span class='ocrx_word' id='word_1_52' title='bbox 310 1033 467 1118; x_wconf 72' lang='lat' dir='ltr'><strong>dioebant</strong></span> <span class='ocrx_word' id='word_1_53' title='bbox 490 1053 600 1099; x_wconf 84' lang='lat' dir='ltr'><strong>ursum</strong></span> <span class='ocrx_word' id='word_1_54' title='bbox 622 1053 772 1117; x_wconf 80' lang='lat' dir='ltr'><strong>magnum</strong></span> <span class='ocrx_word' id='word_1_55' title='bbox 796 1033 973 1102; x_wconf 67' lang='lat' dir='ltr'><strong>diseurm</strong></span> <span class='ocrx_word' id='word_1_56' title='bbox 989 1051 1047 1119; x_wconf 81' lang='lat' dir='ltr'><strong>por</strong></span> <span class='ocrx_word' id='word_1_57' title='bbox 1062 1049 1217 1118; x_wconf 79' lang='lat' dir='ltr'><strong>eampum.</strong></span> <span class='ocrx_word' id='word_1_58' title='bbox 1252 1029 1375 1113; x_wconf 81' lang='lat' dir='ltr'><strong>Atidio,</strong></span> <span class='ocrx_word' id='word_1_59' title='bbox 1398 1049 1477 1115; x_wconf 85' lang='lat' dir='ltr'><strong>equo</strong></span> 
     </span>
     <span class='ocr_line' id='line_1_8' title="bbox 309 1147 1478 1236; baseline -0.003 -20"><span class='ocrx_word' id='word_1_60' title='bbox 309 1149 456 1217; x_wconf 83' lang='lat' dir='ltr'><strong>eeleriter</strong></span> <span class='ocrx_word' id='word_1_61' title='bbox 483 1167 612 1216; x_wconf 84' lang='lat' dir='ltr'><strong>aseenso</strong></span> <span class='ocrx_word' id='word_1_62' title='bbox 641 1156 673 1217; x_wconf 88' lang='lat' dir='ltr'><strong>et</strong></span> <span class='ocrx_word' id='word_1_63' title='bbox 700 1149 853 1218; x_wconf 85' lang='lat' dir='ltr'><strong>venabulo</strong></span> <span class='ocrx_word' id='word_1_64' title='bbox 883 1154 1026 1236; x_wconf 85' lang='lat' dir='ltr'><strong>arrepto,</strong></span> <span class='ocrx_word' id='word_1_65' title='bbox 1056 1149 1160 1235; x_wconf 88' lang='lat' dir='ltr'><strong>eoepit</strong></span> <span class='ocrx_word' id='word_1_66' title='bbox 1186 1165 1294 1214; x_wconf 87' lang='lat' dir='ltr'><strong>ursum</strong></span> <span class='ocrx_word' id='word_1_67' title='bbox 1321 1147 1478 1233; x_wconf 84' lang='lat' dir='ltr'><strong>persequi,</strong></span> 
     </span>
     <span class='ocr_line' id='line_1_9' title="bbox 310 1261 1479 1352; baseline -0.004 -19"><span class='ocrx_word' id='word_1_68' title='bbox 310 1271 480 1351; x_wconf 73' lang='lat' dir='ltr'><strong>antequam</strong></span> <span class='ocrx_word' id='word_1_69' title='bbox 503 1283 538 1332; x_wconf 88' lang='lat' dir='ltr'><strong>se</strong></span> <span class='ocrx_word' id='word_1_70' title='bbox 558 1271 787 1352; x_wconf 75' lang='lat' dir='ltr'><strong>praepararent</strong></span> <span class='ocrx_word' id='word_1_71' title='bbox 809 1268 939 1334; x_wconf 75' lang='lat' dir='ltr'><strong>comites</strong></span> <span class='ocrx_word' id='word_1_72' title='bbox 961 1267 1020 1332; x_wconf 91' lang='lat' dir='ltr'><strong>sui.</strong></span> <span class='ocrx_word' id='word_1_73' title='bbox 1055 1263 1091 1332; x_wconf 89' lang='lat' dir='ltr'><strong>Iu</strong></span> <span class='ocrx_word' id='word_1_74' title='bbox 1114 1283 1175 1350; x_wconf 87' lang='lat' dir='ltr'><strong>quo</strong></span> <span class='ocrx_word' id='word_1_75' title='bbox 1197 1265 1311 1332; x_wconf 86' lang='lat' dir='ltr'><strong>itinere</strong></span> <span class='ocrx_word' id='word_1_76' title='bbox 1330 1281 1410 1348; x_wconf 87' lang='lat' dir='ltr'><strong>equo</strong></span> <span class='ocrx_word' id='word_1_77' title='bbox 1426 1261 1479 1329; x_wconf 89' lang='lat' dir='ltr'><strong>de-</strong></span> 
     </span>
     <span class='ocr_line' id='line_1_10' title="bbox 308 1377 1477 1468; baseline -0.003 -20"><span class='ocrx_word' id='word_1_78' title='bbox 308 1381 419 1468; x_wconf 86' lang='lat' dir='ltr'><strong>lapsus</strong></span> <span class='ocrx_word' id='word_1_79' title='bbox 438 1386 586 1466; x_wconf 64' lang='lat' dir='ltr'><strong>totum</strong></span> <span class='ocrx_word' id='word_1_80' title='bbox 610 1401 665 1468; x_wconf 90' lang='lat' dir='ltr'><strong>per</strong></span> <span class='ocrx_word' id='word_1_81' title='bbox 689 1384 902 1450; x_wconf 88' lang='lat' dir='ltr'><strong>membrorum</strong></span> <span class='ocrx_word' id='word_1_82' title='bbox 925 1382 1126 1468; x_wconf 75' lang='lat' dir='ltr'><strong>eompagines</strong></span> <span class='ocrx_word' id='word_1_83' title='bbox 1148 1379 1325 1448; x_wconf 78' lang='lat' dir='ltr'><strong>oondoetus</strong></span> <span class='ocrx_word' id='word_1_84' title='bbox 1348 1377 1477 1445; x_wconf 65' lang='lat' dir='ltr'><strong>inuidit</strong></span> 
     </span>
     <span class='ocr_line' id='line_1_11' title="bbox 309 1495 1481 1584; baseline -0.002 -20"><span class='ocrx_word' id='word_1_85' title='bbox 309 1495 389 1564; x_wconf 79' lang='lat' dir='ltr'><strong>Cum</strong></span> <span class='ocrx_word' id='word_1_86' title='bbox 412 1502 518 1564; x_wconf 87' lang='lat' dir='ltr'><strong>autern</strong></span> <span class='ocrx_word' id='word_1_87' title='bbox 541 1498 625 1564; x_wconf 80' lang='lat' dir='ltr'><strong>serui</strong></span> <span class='ocrx_word' id='word_1_88' title='bbox 649 1498 716 1564; x_wconf 86' lang='lat' dir='ltr'><strong>eius</strong></span> <span class='ocrx_word' id='word_1_89' title='bbox 740 1499 781 1564; x_wconf 82' lang='lat' dir='ltr'><strong>ad</strong></span> <span class='ocrx_word' id='word_1_90' title='bbox 803 1499 893 1566; x_wconf 87' lang='lat' dir='ltr'><strong>illurn</strong></span> <span class='ocrx_word' id='word_1_91' title='bbox 916 1502 1122 1584; x_wconf 79' lang='lat' dir='ltr'><strong>properantes</strong></span> <span class='ocrx_word' id='word_1_92' title='bbox 1143 1497 1370 1584; x_wconf 84' lang='lat' dir='ltr'><strong>peruenissent,</strong></span> <span class='ocrx_word' id='word_1_93' title='bbox 1393 1495 1481 1562; x_wconf 83' lang='lat' dir='ltr'><strong>inra-</strong></span> 
     </span>
     <span class='ocr_line' id='line_1_12' title="bbox 310 1611 1480 1696; baseline -0.003 -16"><span class='ocrx_word' id='word_1_94' title='bbox 310 1617 425 1680; x_wconf 89' lang='lat' dir='ltr'><strong>nerunt</strong></span> <span class='ocrx_word' id='word_1_95' title='bbox 452 1632 525 1680; x_wconf 92' lang='lat' dir='ltr'><strong>eum</strong></span> <span class='ocrx_word' id='word_1_96' title='bbox 552 1613 615 1680; x_wconf 78' lang='lat' dir='ltr'><strong>iarn</strong></span> <span class='ocrx_word' id='word_1_97' title='bbox 646 1619 816 1681; x_wconf 84' lang='lat' dir='ltr'><strong>mortuum.</strong></span> <span class='ocrx_word' id='word_1_98' title='bbox 908 1614 1079 1696; x_wconf 86' lang='lat' dir='ltr'><strong>Trutmunt</strong></span> <span class='ocrx_word' id='word_1_99' title='bbox 1100 1633 1175 1682; x_wconf 85' lang='lat' dir='ltr'><strong>vero</strong></span> <span class='ocrx_word' id='word_1_100' title='bbox 1203 1613 1350 1696; x_wconf 81' lang='lat' dir='ltr'><strong>audieus,</strong></span> <span class='ocrx_word' id='word_1_101' title='bbox 1379 1611 1480 1678; x_wconf 82' lang='lat' dir='ltr'><strong>sared</strong></span> 
     </span>
     <span class='ocr_line' id='line_1_13' title="bbox 308 1729 1482 1816; baseline 0 -22"><span class='ocrx_word' id='word_1_102' title='bbox 308 1729 370 1795; x_wconf 87' lang='lat' dir='ltr'><strong>riri</strong></span> <span class='ocrx_word' id='word_1_103' title='bbox 398 1729 600 1816; x_wconf 79' lang='lat' dir='ltr'><strong>prophetiam</strong></span> <span class='ocrx_word' id='word_1_104' title='bbox 628 1730 662 1796; x_wconf 92' lang='lat' dir='ltr'><strong>iu</strong></span> <span class='ocrx_word' id='word_1_105' title='bbox 690 1731 790 1814; x_wconf 70' lang='lat' dir='ltr'><strong>fratre</strong></span> <span class='ocrx_word' id='word_1_106' title='bbox 818 1751 875 1798; x_wconf 88' lang='lat' dir='ltr'><strong>suo</strong></span> <span class='ocrx_word' id='word_1_107' title='bbox 901 1749 970 1796; x_wconf 88' lang='lat' dir='ltr'><strong>esso</strong></span> <span class='ocrx_word' id='word_1_108' title='bbox 998 1729 1202 1816; x_wconf 83' lang='lat' dir='ltr'><strong>eompletam,</strong></span> <span class='ocrx_word' id='word_1_109' title='bbox 1231 1729 1326 1795; x_wconf 86' lang='lat' dir='ltr'><strong>nimis</strong></span> <span class='ocrx_word' id='word_1_110' title='bbox 1353 1729 1482 1813; x_wconf 79' lang='lat' dir='ltr'><strong>expavit</strong></span> 
     </span>
     <span class='ocr_line' id='line_1_14' title="bbox 310 1845 1480 1931; baseline -0.003 -18"><span class='ocrx_word' id='word_1_111' title='bbox 310 1849 343 1913; x_wconf 90' lang='lat' dir='ltr'><strong>et</strong></span> <span class='ocrx_word' id='word_1_112' title='bbox 363 1865 439 1912; x_wconf 82' lang='lat' dir='ltr'><strong>mox</strong></span> <span class='ocrx_word' id='word_1_113' title='bbox 461 1845 594 1931; x_wconf 81' lang='lat' dir='ltr'><strong>praedia</strong></span> <span class='ocrx_word' id='word_1_114' title='bbox 615 1847 732 1912; x_wconf 81' lang='lat' dir='ltr'><strong>iniuste</strong></span> <span class='ocrx_word' id='word_1_115' title='bbox 756 1847 861 1914; x_wconf 85' lang='lat' dir='ltr'><strong>oblata</strong></span> <span class='ocrx_word' id='word_1_116' title='bbox 884 1847 923 1913; x_wconf 86' lang='lat' dir='ltr'><strong>ad</strong></span> <span class='ocrx_word' id='word_1_117' title='bbox 947 1846 1047 1914; x_wconf 83' lang='lat' dir='ltr'><strong>altare</strong></span> <span class='ocrx_word' id='word_1_118' title='bbox 1069 1847 1170 1912; x_wconf 81' lang='lat' dir='ltr'><strong>sauou&#39;</strong></span> <span class='ocrx_word' id='word_1_119' title='bbox 1185 1845 1316 1912; x_wconf 76' lang='lat' dir='ltr'><strong>Martini</strong></span> <span class='ocrx_word' id='word_1_120' title='bbox 1332 1845 1480 1911; x_wconf 78' lang='lat' dir='ltr'><strong>reddidit</strong></span> 
     </span>
    </p>

    <p class='ocr_par' dir='ltr' id='par_1_3' title="bbox 309 1960 1566 4258">
     <span class='ocr_line' id='line_1_15' title="bbox 397 1960 1483 2048; baseline -0.001 -21"><span class='ocrx_word' id='word_1_121' title='bbox 397 1960 474 2028; x_wconf 85' lang='lat' dir='ltr'><strong>Post</strong></span> <span class='ocrx_word' id='word_1_122' title='bbox 501 1962 580 2030; x_wconf 85' lang='lat' dir='ltr'><strong>haee</strong></span> <span class='ocrx_word' id='word_1_123' title='bbox 608 1961 706 2046; x_wconf 82' lang='lat' dir='ltr'><strong>igitur</strong></span> <span class='ocrx_word' id='word_1_124' title='bbox 729 1997 770 2012; x_wconf 88' lang='lat'><em>-</em></span> <span class='ocrx_word' id='word_1_125' title='bbox 795 1981 865 2030; x_wconf 83' lang='lat' dir='ltr'><strong>eum</strong></span> <span class='ocrx_word' id='word_1_126' title='bbox 893 1969 1021 2030; x_wconf 75' lang='lat' dir='ltr'><strong>sumtus</strong></span> <span class='ocrx_word' id='word_1_127' title='bbox 1043 1961 1170 2048; x_wconf 77' lang='lat' dir='ltr'><strong>praesui</strong></span> <span class='ocrx_word' id='word_1_128' title='bbox 1191 1961 1371 2028; x_wconf 78' lang='lat' dir='ltr'><strong>Bonifatius</strong></span> <span class='ocrx_word' id='word_1_129' title='bbox 1393 1960 1483 2027; x_wconf 80' lang='lat' dir='ltr'><strong>verbi</strong></span> 
     </span>
     <span class='ocr_line' id='line_1_16' title="bbox 309 2075 1482 2164; baseline -0.001 -20"><span class='ocrx_word' id='word_1_130' title='bbox 309 2077 409 2145; x_wconf 83' lang='lat' dir='ltr'><strong>divini</strong></span> <span class='ocrx_word' id='word_1_131' title='bbox 438 2079 575 2163; x_wconf 81' lang='lat' dir='ltr'><strong>semiue,</strong></span> <span class='ocrx_word' id='word_1_132' title='bbox 606 2097 687 2164; x_wconf 89' lang='lat' dir='ltr'><strong>quae</strong></span> <span class='ocrx_word' id='word_1_133' title='bbox 714 2080 798 2146; x_wconf 83' lang='lat' dir='ltr'><strong>iufra</strong></span> <span class='ocrx_word' id='word_1_134' title='bbox 821 2078 1010 2146; x_wconf 88' lang='lat' dir='ltr'><strong>Germaniae</strong></span> <span class='ocrx_word' id='word_1_135' title='bbox 1033 2077 1215 2162; x_wconf 76' lang='lat' dir='ltr'><strong>Galliaeque</strong></span> <span class='ocrx_word' id='word_1_136' title='bbox 1242 2075 1378 2144; x_wconf 87' lang='lat' dir='ltr'><strong>ooniinia</strong></span> <span class='ocrx_word' id='word_1_137' title='bbox 1398 2077 1482 2160; x_wconf 68' lang='lat' dir='ltr'><strong>ieoit,</strong></span> 
     </span>
     <span class='ocr_line' id='line_1_17' title="bbox 309 2193 1482 2282; baseline 0 -22"><span class='ocrx_word' id='word_1_138' title='bbox 309 2195 343 2260; x_wconf 92' lang='lat' dir='ltr'><strong>in</strong></span> <span class='ocrx_word' id='word_1_139' title='bbox 366 2193 513 2261; x_wconf 79' lang='lat' dir='ltr'><strong>sordibus</strong></span> <span class='ocrx_word' id='word_1_140' title='bbox 536 2194 731 2262; x_wconf 88' lang='lat' dir='ltr'><strong>eredentium</strong></span> <span class='ocrx_word' id='word_1_141' title='bbox 754 2197 819 2261; x_wconf 65' lang='lat' dir='ltr'><strong>hm</strong></span> <span class='ocrx_word' id='word_1_142' title='bbox 842 2195 1016 2282; x_wconf 84' lang='lat' dir='ltr'><strong>pulhrlasse</strong></span> <span class='ocrx_word' id='word_1_143' title='bbox 1038 2202 1071 2262; x_wconf 91' lang='lat' dir='ltr'><strong>et</strong></span> <span class='ocrx_word' id='word_1_144' title='bbox 1090 2195 1227 2260; x_wconf 78' lang='lat' dir='ltr'><strong>frustum</strong></span> <span class='ocrx_word' id='word_1_145' title='bbox 1249 2193 1353 2260; x_wconf 77' lang='lat' dir='ltr'><strong>faeere</strong></span> <span class='ocrx_word' id='word_1_146' title='bbox 1376 2213 1482 2260; x_wconf 79' lang='lat' dir='ltr'><strong>earne</strong></span> 
     </span>
     <span class='ocr_line' id='line_1_18' title="bbox 310 2311 1482 2399; baseline 0.002 -23"><span class='ocrx_word' id='word_1_147' title='bbox 310 2315 369 2395; x_wconf 63' lang='lat' dir='ltr'><strong>ret,</strong></span> <span class='ocrx_word' id='word_1_148' title='bbox 392 2329 549 2394; x_wconf 76' lang='lat' dir='ltr'><strong>noanon,</strong></span> <span class='ocrx_word' id='word_1_149' title='bbox 572 2311 709 2377; x_wconf 83' lang='lat' dir='ltr'><strong>rieinarn</strong></span> <span class='ocrx_word' id='word_1_150' title='bbox 733 2311 794 2378; x_wconf 85' lang='lat' dir='ltr'><strong>siti</strong></span> <span class='ocrx_word' id='word_1_151' title='bbox 817 2312 958 2399; x_wconf 85' lang='lat' dir='ltr'><strong>eorporis</strong></span> <span class='ocrx_word' id='word_1_152' title='bbox 980 2312 1030 2378; x_wconf 87' lang='lat' dir='ltr'><strong>sui</strong></span> <span class='ocrx_word' id='word_1_153' title='bbox 1052 2311 1240 2378; x_wconf 87' lang='lat' dir='ltr'><strong>solutionem</strong></span> <span class='ocrx_word' id='word_1_154' title='bbox 1261 2329 1482 2397; x_wconf 77' lang='lat' dir='ltr'><strong>praenoscens,</strong></span> 
     </span>
     <span class='ocr_line' id='line_1_19' title="bbox 311 2425 1481 2516; baseline 0.001 -24"><span class='ocrx_word' id='word_1_155' title='bbox 311 2427 415 2493; x_wconf 82' lang='lat' dir='ltr'><strong>sitiret</strong></span> <span class='ocrx_word' id='word_1_156' title='bbox 435 2427 521 2492; x_wconf 90' lang='lat' dir='ltr'><strong>omni</strong></span> <span class='ocrx_word' id='word_1_157' title='bbox 536 2426 629 2493; x_wconf 88' lang='lat' dir='ltr'><strong>modo</strong></span> <span class='ocrx_word' id='word_1_158' title='bbox 645 2427 769 2512; x_wconf 89' lang='lat' dir='ltr'><strong>quando</strong></span> <span class='ocrx_word' id='word_1_159' title='bbox 784 2429 907 2496; x_wconf 82' lang='lat' dir='ltr'><strong>reniret</strong></span> <span class='ocrx_word' id='word_1_160' title='bbox 922 2435 954 2496; x_wconf 93' lang='lat' dir='ltr'><strong>et</strong></span> <span class='ocrx_word' id='word_1_161' title='bbox 969 2431 1137 2516; x_wconf 86' lang='lat' dir='ltr'><strong>appareret</strong></span> <span class='ocrx_word' id='word_1_162' title='bbox 1152 2433 1225 2494; x_wconf 89' lang='lat' dir='ltr'><strong>aute</strong></span> <span class='ocrx_word' id='word_1_163' title='bbox 1239 2425 1352 2494; x_wconf 85' lang='lat' dir='ltr'><strong>faeiem</strong></span> <span class='ocrx_word' id='word_1_164' title='bbox 1367 2425 1430 2493; x_wconf 90' lang='lat' dir='ltr'><strong>Dei</strong></span> <span class='ocrx_word' id='word_1_165' title='bbox 1441 2463 1481 2476; x_wconf 85' lang='lat'><strong>—-</strong></span> 
     </span>
     <span class='ocr_line' id='line_1_20' title="bbox 312 2541 1483 2630; baseline 0 -20"><span class='ocrx_word' id='word_1_166' title='bbox 312 2542 452 2610; x_wconf 85' lang='lat' dir='ltr'><strong>deorerit</strong></span> <span class='ocrx_word' id='word_1_167' title='bbox 474 2541 562 2608; x_wconf 78' lang='lat' dir='ltr'><strong>aine</strong></span> <span class='ocrx_word' id='word_1_168' title='bbox 577 2542 750 2610; x_wconf 89' lang='lat' dir='ltr'><strong>Fresonum</strong></span> <span class='ocrx_word' id='word_1_169' title='bbox 773 2544 917 2630; x_wconf 85' lang='lat' dir='ltr'><strong>populos,</strong></span> <span class='ocrx_word' id='word_1_170' title='bbox 941 2543 1017 2610; x_wconf 86' lang='lat' dir='ltr'><strong>oiim</strong></span> <span class='ocrx_word' id='word_1_171' title='bbox 1039 2543 1167 2628; x_wconf 86' lang='lat' dir='ltr'><strong>quidem</strong></span> <span class='ocrx_word' id='word_1_172' title='bbox 1189 2543 1257 2610; x_wconf 87' lang='lat' dir='ltr'><strong>eius</strong></span> <span class='ocrx_word' id='word_1_173' title='bbox 1279 2543 1424 2610; x_wconf 87' lang='lat' dir='ltr'><strong>doetriua</strong></span> <span class='ocrx_word' id='word_1_174' title='bbox 1444 2544 1483 2610; x_wconf 86' lang='lat' dir='ltr'><strong>ad</strong></span> 
     </span>
     <span class='ocr_line' id='line_1_21' title="bbox 311 2657 1485 2743; baseline 0.001 -20"><span class='ocrx_word' id='word_1_175' title='bbox 311 2657 503 2724; x_wconf 83' lang='lat' dir='ltr'><strong>ohristianoe</strong></span> <span class='ocrx_word' id='word_1_176' title='bbox 530 2657 692 2743; x_wconf 73' lang='lat' dir='ltr'><strong>religionis</strong></span> <span class='ocrx_word' id='word_1_177' title='bbox 721 2659 877 2726; x_wconf 84' lang='lat' dir='ltr'><strong>eulturam</strong></span> <span class='ocrx_word' id='word_1_178' title='bbox 906 2678 1089 2743; x_wconf 74' lang='lat' dir='ltr'><strong>conversos,</strong></span> <span class='ocrx_word' id='word_1_179' title='bbox 1121 2659 1176 2726; x_wconf 90' lang='lat' dir='ltr'><strong>sed</strong></span> <span class='ocrx_word' id='word_1_180' title='bbox 1203 2658 1332 2725; x_wconf 75' lang='lat' dir='ltr'><strong>tollente</strong></span> <span class='ocrx_word' id='word_1_181' title='bbox 1360 2659 1485 2725; x_wconf 83' lang='lat' dir='ltr'><strong>diabsio</strong></span> 
     </span>
     <span class='ocr_line' id='line_1_22' title="bbox 311 2773 1485 2862; baseline 0.002 -22"><span class='ocrx_word' id='word_1_182' title='bbox 311 2775 427 2842; x_wconf 86' lang='lat' dir='ltr'><strong>iterum</strong></span> <span class='ocrx_word' id='word_1_183' title='bbox 454 2775 606 2860; x_wconf 81' lang='lat' dir='ltr'><strong>quosdam</strong></span> <span class='ocrx_word' id='word_1_184' title='bbox 629 2795 738 2843; x_wconf 80' lang='lat' dir='ltr'><strong>eorum</strong></span> <span class='ocrx_word' id='word_1_185' title='bbox 762 2775 802 2842; x_wconf 89' lang='lat' dir='ltr'><strong>ad</strong></span> <span class='ocrx_word' id='word_1_186' title='bbox 824 2775 995 2862; x_wconf 87' lang='lat' dir='ltr'><strong>pristinum</strong></span> <span class='ocrx_word' id='word_1_187' title='bbox 1018 2773 1206 2860; x_wconf 71' lang='lat' dir='ltr'><strong>gentilitatis</strong></span> <span class='ocrx_word' id='word_1_188' title='bbox 1229 2795 1368 2842; x_wconf 82' lang='lat' dir='ltr'><strong>errorem</strong></span> <span class='ocrx_word' id='word_1_189' title='bbox 1390 2774 1485 2842; x_wconf 84' lang='lat' dir='ltr'><strong>dero-</strong></span> 
     </span>
     <span class='ocr_line' id='line_1_23' title="bbox 310 2890 1486 2979; baseline 0.001 -22"><span class='ocrx_word' id='word_1_190' title='bbox 310 2891 409 2974; x_wconf 83' lang='lat' dir='ltr'><strong>lutos3</strong></span> <span class='ocrx_word' id='word_1_191' title='bbox 439 2898 476 2959; x_wconf 86' lang='lat' dir='ltr'><strong>ut</strong></span> <span class='ocrx_word' id='word_1_192' title='bbox 505 2897 561 2960; x_wconf 86' lang='lat' dir='ltr'><strong>aut</strong></span> <span class='ocrx_word' id='word_1_193' title='bbox 587 2911 640 2958; x_wconf 87' lang='lat' dir='ltr'><strong>eos</strong></span> <span class='ocrx_word' id='word_1_194' title='bbox 662 2891 730 2959; x_wconf 91' lang='lat' dir='ltr'><strong>Deo</strong></span> <span class='ocrx_word' id='word_1_195' title='bbox 757 2891 963 2959; x_wconf 87' lang='lat' dir='ltr'><strong>reoonoiiians</strong></span> <span class='ocrx_word' id='word_1_196' title='bbox 991 2890 1037 2959; x_wconf 91' lang='lat' dir='ltr'><strong>ibi</strong></span> <span class='ocrx_word' id='word_1_197' title='bbox 1062 2897 1262 2979; x_wconf 76' lang='lat' dir='ltr'><strong>praesentent</strong></span> <span class='ocrx_word' id='word_1_198' title='bbox 1290 2891 1390 2958; x_wconf 82' lang='lat' dir='ltr'><strong>ritum</strong></span> <span class='ocrx_word' id='word_1_199' title='bbox 1419 2897 1486 2958; x_wconf 75' lang='lat' dir='ltr'><strong>tan</strong></span> 
     </span>
     <span class='ocr_line' id='line_1_24' title="bbox 312 3007 1486 3096; baseline 0.002 -23"><span class='ocrx_word' id='word_1_200' title='bbox 312 3007 474 3076; x_wconf 76' lang='lat' dir='ltr'><strong>fructuosa</strong></span> <span class='ocrx_word' id='word_1_201' title='bbox 495 3024 574 3096; x_wconf 87' lang='lat' dir='ltr'><strong>paee</strong></span> <span class='ocrx_word' id='word_1_202' title='bbox 594 3007 711 3092; x_wconf 83' lang='lat' dir='ltr'><strong>finiret,</strong></span> <span class='ocrx_word' id='word_1_203' title='bbox 736 3013 800 3092; x_wconf 71' lang='lat' dir='ltr'><strong>aut</strong></span> <span class='ocrx_word' id='word_1_204' title='bbox 824 3007 852 3074; x_wconf 91' lang='lat' dir='ltr'><strong>si</strong></span> <span class='ocrx_word' id='word_1_205' title='bbox 874 3007 934 3076; x_wconf 87' lang='lat' dir='ltr'><strong>hoe</strong></span> <span class='ocrx_word' id='word_1_206' title='bbox 948 3007 1017 3075; x_wconf 85' lang='lat' dir='ltr'><strong>Deo</strong></span> <span class='ocrx_word' id='word_1_207' title='bbox 1039 3009 1141 3092; x_wconf 77' lang='lat' dir='ltr'><strong>magis</strong></span> <span class='ocrx_word' id='word_1_208' title='bbox 1164 3007 1313 3095; x_wconf 73' lang='lat' dir='ltr'><strong>ploraret,</strong></span> <span class='ocrx_word' id='word_1_209' title='bbox 1336 3027 1397 3094; x_wconf 93' lang='lat' dir='ltr'><strong>pro</strong></span> <span class='ocrx_word' id='word_1_210' title='bbox 1418 3009 1486 3076; x_wconf 88' lang='lat' dir='ltr'><strong>aius</strong></span> 
     </span>
     <span class='ocr_line' id='line_1_25' title="bbox 314 3123 1486 3210; baseline 0.003 -21"><span class='ocrx_word' id='word_1_211' title='bbox 314 3123 450 3208; x_wconf 81' lang='lat' dir='ltr'><strong>nomine,</strong></span> <span class='ocrx_word' id='word_1_212' title='bbox 475 3141 678 3210; x_wconf 82' lang='lat' dir='ltr'><strong>quaeeunque</strong></span> <span class='ocrx_word' id='word_1_213' title='bbox 700 3123 818 3191; x_wconf 85' lang='lat' dir='ltr'><strong>ibidem</strong></span> <span class='ocrx_word' id='word_1_214' title='bbox 833 3123 968 3191; x_wconf 83' lang='lat' dir='ltr'><strong>adversa</strong></span> <span class='ocrx_word' id='word_1_215' title='bbox 982 3129 1014 3192; x_wconf 85' lang='lat' dir='ltr'><strong>et</strong></span> <span class='ocrx_word' id='word_1_216' title='bbox 1028 3123 1221 3191; x_wconf 74' lang='lat' dir='ltr'><strong>cruciamina</strong></span> <span class='ocrx_word' id='word_1_217' title='bbox 1236 3123 1363 3190; x_wconf 79' lang='lat' dir='ltr'><strong>sibimet</strong></span> <span class='ocrx_word' id='word_1_218' title='bbox 1377 3143 1486 3192; x_wconf 86' lang='lat' dir='ltr'><strong>ooeur·</strong></span> 
     </span>
     <span class='ocr_line' id='line_1_26' title="bbox 314 3239 1487 3327; baseline 0.003 -23"><span class='ocrx_word' id='word_1_219' title='bbox 314 3243 437 3322; x_wconf 82' lang='lat' dir='ltr'><strong>rorent,</strong></span> <span class='ocrx_word' id='word_1_220' title='bbox 467 3259 567 3323; x_wconf 86' lang='lat' dir='ltr'><strong>usque</strong></span> <span class='ocrx_word' id='word_1_221' title='bbox 590 3241 630 3306; x_wconf 92' lang='lat' dir='ltr'><strong>ad</strong></span> <span class='ocrx_word' id='word_1_222' title='bbox 653 3245 787 3306; x_wconf 85' lang='lat' dir='ltr'><strong>mortem</strong></span> <span class='ocrx_word' id='word_1_223' title='bbox 810 3241 989 3308; x_wconf 82' lang='lat' dir='ltr'><strong>sustineret</strong></span> <span class='ocrx_word' id='word_1_224' title='bbox 1025 3239 1088 3307; x_wconf 82' lang='lat' dir='ltr'><strong>Sed</strong></span> <span class='ocrx_word' id='word_1_225' title='bbox 1110 3241 1295 3327; x_wconf 87' lang='lat' dir='ltr'><strong>priusquam</strong></span> <span class='ocrx_word' id='word_1_226' title='bbox 1317 3240 1400 3308; x_wconf 87' lang='lat' dir='ltr'><strong>tanti</strong></span> <span class='ocrx_word' id='word_1_227' title='bbox 1422 3241 1487 3307; x_wconf 79' lang='lat' dir='ltr'><strong>dis-</strong></span> 
     </span>
     <span class='ocr_line' id='line_1_27' title="bbox 315 3354 1488 3443; baseline 0.003 -22"><span class='ocrx_word' id='word_1_228' title='bbox 315 3354 457 3422; x_wconf 87' lang='lat' dir='ltr'><strong>oriminis</strong></span> <span class='ocrx_word' id='word_1_229' title='bbox 478 3354 540 3420; x_wconf 90' lang='lat' dir='ltr'><strong>iter</strong></span> <span class='ocrx_word' id='word_1_230' title='bbox 562 3356 717 3442; x_wconf 86' lang='lat' dir='ltr'><strong>arriperet</strong></span> <span class='ocrx_word' id='word_1_231' title='bbox 739 3389 781 3402; x_wconf 88' lang='lat'>-</span> <span class='ocrx_word' id='word_1_232' title='bbox 804 3356 916 3440; x_wconf 87' lang='lat' dir='ltr'><strong>soiens,</strong></span> <span class='ocrx_word' id='word_1_233' title='bbox 939 3376 1003 3424; x_wconf 92' lang='lat' dir='ltr'><strong>nou</strong></span> <span class='ocrx_word' id='word_1_234' title='bbox 1026 3357 1203 3440; x_wconf 78' lang='lat' dir='ltr'><strong>convenire,</strong></span> <span class='ocrx_word' id='word_1_235' title='bbox 1226 3361 1271 3440; x_wconf 65' lang='lat' dir='ltr'><strong>ut7</strong></span> <span class='ocrx_word' id='word_1_236' title='bbox 1294 3375 1352 3443; x_wconf 89' lang='lat' dir='ltr'><strong>pro</strong></span> <span class='ocrx_word' id='word_1_237' title='bbox 1376 3356 1488 3424; x_wconf 84' lang='lat' dir='ltr'><strong>alienis</strong></span> 
     </span>
     <span class='ocr_line' id='line_1_28' title="bbox 316 3470 1489 3560; baseline 0.002 -23"><span class='ocrx_word' id='word_1_238' title='bbox 316 3471 426 3538; x_wconf 83' lang='lat' dir='ltr'><strong>ovibus</strong></span> <span class='ocrx_word' id='word_1_239' title='bbox 449 3470 625 3538; x_wconf 84' lang='lat' dir='ltr'><strong>sairaudis·</strong></span> <span class='ocrx_word' id='word_1_240' title='bbox 640 3470 796 3556; x_wconf 83' lang='lat' dir='ltr'><strong>laborans,</strong></span> <span class='ocrx_word' id='word_1_241' title='bbox 820 3471 967 3559; x_wconf 86' lang='lat' dir='ltr'><strong>proprias</strong></span> <span class='ocrx_word' id='word_1_242' title='bbox 989 3472 1111 3558; x_wconf 88' lang='lat' dir='ltr'><strong>sibique</strong></span> <span class='ocrx_word' id='word_1_243' title='bbox 1126 3473 1310 3542; x_wconf 83' lang='lat' dir='ltr'><strong>eommissas</strong></span> <span class='ocrx_word' id='word_1_244' title='bbox 1325 3491 1401 3540; x_wconf 85' lang='lat' dir='ltr'><strong>oues</strong></span> <span class='ocrx_word' id='word_1_245' title='bbox 1414 3493 1489 3560; x_wconf 88' lang='lat' dir='ltr'><strong>per·</strong></span> 
     </span>
     <span class='ocr_line' id='line_1_29' title="bbox 315 3587 1489 3677; baseline 0.003 -23"><span class='ocrx_word' id='word_1_246' title='bbox 315 3587 380 3654; x_wconf 70' lang='lat' dir='ltr'><strong>ireb</strong></span> <span class='ocrx_word' id='word_1_247' title='bbox 404 3588 602 3673; x_wconf 88' lang='lat' dir='ltr'><strong>permitteret</strong></span> <span class='ocrx_word' id='word_1_248' title='bbox 625 3621 666 3632; x_wconf 88' lang='lat'><em>-</em></span> <span class='ocrx_word' id='word_1_249' title='bbox 690 3593 834 3654; x_wconf 73' lang='lat' dir='ltr'><strong>sanemm</strong></span> <span class='ocrx_word' id='word_1_250' title='bbox 856 3587 999 3674; x_wconf 87' lang='lat' dir='ltr'><strong>Lullum,</strong></span> <span class='ocrx_word' id='word_1_251' title='bbox 1024 3589 1078 3673; x_wconf 91' lang='lat' dir='ltr'><strong>qui</strong></span> <span class='ocrx_word' id='word_1_252' title='bbox 1100 3587 1301 3657; x_wconf 86' lang='lat' dir='ltr'><strong>fidelissimus</strong></span> <span class='ocrx_word' id='word_1_253' title='bbox 1323 3591 1489 3677; x_wconf 85' lang='lat' dir='ltr'><strong>praediea-</strong></span> 
     </span>
     <span class='ocr_line' id='line_1_30' title="bbox 317 3703 1491 3793; baseline 0.003 -22"><span class='ocrx_word' id='word_1_254' title='bbox 317 3703 414 3771; x_wconf 86' lang='lat' dir='ltr'><strong>tionis</strong></span> <span class='ocrx_word' id='word_1_255' title='bbox 437 3708 470 3770; x_wconf 91' lang='lat' dir='ltr'><strong>et</strong></span> <span class='ocrx_word' id='word_1_256' title='bbox 491 3703 608 3772; x_wconf 87' lang='lat' dir='ltr'><strong>laboris</strong></span> <span class='ocrx_word' id='word_1_257' title='bbox 632 3703 680 3770; x_wconf 87' lang='lat' dir='ltr'><strong>sui</strong></span> <span class='ocrx_word' id='word_1_258' title='bbox 704 3722 808 3770; x_wconf 84' lang='lat' dir='ltr'><strong>eomes</strong></span> <span class='ocrx_word' id='word_1_259' title='bbox 831 3705 938 3771; x_wconf 82' lang='lat' dir='ltr'><strong>extitit</strong></span> <span class='ocrx_word' id='word_1_260' title='bbox 960 3706 1111 3791; x_wconf 87' lang='lat' dir='ltr'><strong>ouiusquo</strong></span> <span class='ocrx_word' id='word_1_261' title='bbox 1134 3706 1322 3793; x_wconf 75' lang='lat' dir='ltr'><strong>probitatem</strong></span> <span class='ocrx_word' id='word_1_262' title='bbox 1338 3709 1425 3774; x_wconf 75' lang='lat' dir='ltr'><strong>oraui</strong></span> <span class='ocrx_word' id='word_1_263' title='bbox 1440 3708 1491 3774; x_wconf 89' lang='lat' dir='ltr'><strong>di·</strong></span> 
     </span>
     <span class='ocr_line' id='line_1_31' title="bbox 318 3818 1490 3908; baseline 0.002 -20"><span class='ocrx_word' id='word_1_264' title='bbox 318 3820 440 3904; x_wconf 76' lang='lat' dir='ltr'><strong>gnitate</strong></span> <span class='ocrx_word' id='word_1_265' title='bbox 462 3818 648 3904; x_wconf 76' lang='lat' dir='ltr'><strong>oondiguam</strong></span> <span class='ocrx_word' id='word_1_266' title='bbox 671 3820 748 3886; x_wconf 85' lang='lat' dir='ltr'><strong>satis</strong></span> <span class='ocrx_word' id='word_1_267' title='bbox 772 3821 915 3905; x_wconf 80' lang='lat' dir='ltr'><strong>agnovit,</strong></span> <span class='ocrx_word' id='word_1_268' title='bbox 939 3841 1011 3888; x_wconf 89' lang='lat' dir='ltr'><strong>eum</strong></span> <span class='ocrx_word' id='word_1_269' title='bbox 1035 3841 1189 3890; x_wconf 81' lang='lat' dir='ltr'><strong>consensu</strong></span> <span class='ocrx_word' id='word_1_270' title='bbox 1212 3822 1382 3891; x_wconf 80' lang='lat' dir='ltr'><strong>venerandi</strong></span> <span class='ocrx_word' id='word_1_271' title='bbox 1403 3823 1490 3908; x_wconf 76' lang='lat' dir='ltr'><strong>regis</strong></span> 
     </span>
     <span class='ocr_line' id='line_1_32' title="bbox 317 3934 1566 4023; baseline 0.004 -21"><span class='ocrx_word' id='word_1_272' title='bbox 317 3934 447 4022; x_wconf 85' lang='lat' dir='ltr'><strong>Pippini</strong></span> <span class='ocrx_word' id='word_1_273' title='bbox 480 3955 539 4003; x_wconf 88' lang='lat' dir='ltr'><strong>neo</strong></span> <span class='ocrx_word' id='word_1_274' title='bbox 565 3955 630 4002; x_wconf 88' lang='lat' dir='ltr'><strong>uon</strong></span> <span class='ocrx_word' id='word_1_275' title='bbox 660 3935 878 4022; x_wconf 82' lang='lat' dir='ltr'><strong>episcoporum</strong></span> <span class='ocrx_word' id='word_1_276' title='bbox 908 3944 940 4004; x_wconf 89' lang='lat' dir='ltr'><strong>et</strong></span> <span class='ocrx_word' id='word_1_277' title='bbox 966 3937 1116 4005; x_wconf 85' lang='lat' dir='ltr'><strong>abbatum</strong></span> <span class='ocrx_word' id='word_1_278' title='bbox 1144 3945 1238 4023; x_wconf 87' lang='lat' dir='ltr'><strong>atque</strong></span> <span class='ocrx_word' id='word_1_279' title='bbox 1264 3941 1490 4007; x_wconf 72' lang='lat' dir='ltr'><strong>osnmioorum</strong></span> <span class='ocrx_word' id='word_1_280' title='bbox 1565 3947 1566 3956; x_wconf 77' lang='grc'>’</span> 
     </span>
     <span class='ocr_line' id='line_1_33' title="bbox 320 4051 1491 4143; baseline 0.003 -25"><span class='ocrx_word' id='word_1_281' title='bbox 320 4053 521 4138; x_wconf 72' lang='lat' dir='ltr'><strong>omniumque</strong></span> <span class='ocrx_word' id='word_1_282' title='bbox 543 4071 725 4140; x_wconf 70' lang='lat' dir='ltr'><strong>proauum,</strong></span> <span class='ocrx_word' id='word_1_283' title='bbox 753 4051 794 4117; x_wconf 84' lang='lat' dir='ltr'><strong>ad</strong></span> <span class='ocrx_word' id='word_1_284' title='bbox 816 4071 905 4118; x_wconf 86' lang='lat' dir='ltr'><strong>suam</strong></span> <span class='ocrx_word' id='word_1_285' title='bbox 929 4051 1078 4121; x_wconf 83' lang='lat' dir='ltr'><strong>diooosiru</strong></span> <span class='ocrx_word' id='word_1_286' title='bbox 1101 4054 1345 4140; x_wconf 82' lang='lat' dir='ltr'><strong>pertinentium,</strong></span> <span class='ocrx_word' id='word_1_287' title='bbox 1373 4075 1432 4143; x_wconf 92' lang='lat' dir='ltr'><strong>pro</strong></span> <span class='ocrx_word' id='word_1_288' title='bbox 1455 4075 1491 4122; x_wconf 80' lang='lat' dir='ltr'><strong>se</strong></span> 
     </span>
     <span class='ocr_line' id='line_1_34' title="bbox 321 4165 1491 4258; baseline 0.002 -22"><span class='ocrx_word' id='word_1_289' title='bbox 321 4169 501 4256; x_wconf 77' lang='lat' dir='ltr'><strong>episeopunr</strong></span> <span class='ocrx_word' id='word_1_290' title='bbox 524 4168 619 4253; x_wconf 76' lang='lat' dir='ltr'><strong>etegit</strong></span> <span class='ocrx_word' id='word_1_291' title='bbox 641 4173 673 4235; x_wconf 79' lang='lat' dir='ltr'><strong>et</strong></span> <span class='ocrx_word' id='word_1_292' title='bbox 696 4167 862 4234; x_wconf 82' lang='lat' dir='ltr'><strong>ordinarit</strong></span> <span class='ocrx_word' id='word_1_293' title='bbox 897 4165 978 4236; x_wconf 88' lang='lat' dir='ltr'><strong>Nam</strong></span> <span class='ocrx_word' id='word_1_294' title='bbox 1001 4169 1041 4236; x_wconf 83' lang='lat' dir='ltr'><strong>sb</strong></span> <span class='ocrx_word' id='word_1_295' title='bbox 1065 4168 1237 4257; x_wconf 86' lang='lat' dir='ltr'><strong>apostolieo</strong></span> <span class='ocrx_word' id='word_1_296' title='bbox 1260 4171 1491 4258; x_wconf 68' lang='lat' dir='ltr'><strong>praesulatu</strong></span> 
     </span>
    </p>
   </div>
   <div class='ocr_carea' id='block_1_3' title="bbox 395 4423 861 4484">
    <p class='ocr_par' dir='ltr' id='par_1_4' title="bbox 395 4423 861 4484">
     <span class='ocr_line' id='line_1_35' title="bbox 395 4423 861 4484; baseline 0.002 -15"><span class='ocrx_word' id='word_1_297' title='bbox 395 4436 414 4468; x_wconf 74' lang='lat' dir='ltr'><strong>a</strong></span> <span class='ocrx_word' id='word_1_298' title='bbox 435 4423 541 4470; x_wconf 73' lang='lat' dir='ltr'><strong>mandis</strong></span> <span class='ocrx_word' id='word_1_299' title='bbox 557 4443 576 4470; x_wconf 82' lang='lat' dir='ltr'><strong>c.</strong></span> <span class='ocrx_word' id='word_1_300' title='bbox 652 4424 674 4472; x_wconf 91' lang='lat' dir='ltr'><strong>b.</strong></span> <span class='ocrx_word' id='word_1_301' title='bbox 695 4425 770 4484; x_wconf 85' lang='lat' dir='ltr'><strong>perire</strong></span> <span class='ocrx_word' id='word_1_302' title='bbox 786 4441 861 4470; x_wconf 56' lang='lat' dir='ltr'><strong>emm.</strong></span> 
     </span>
    </p>
   </div>
   <div class='ocr_carea' id='block_1_4' title="bbox 0 0 1601 4842">
    <p class='ocr_par' dir='ltr' id='par_1_5' title="bbox 0 0 1601 4842">
     <span class='ocr_line' id='line_1_36' title="bbox 0 0 1601 4842; baseline 0 0"><span class='ocrx_word' id='word_1_303' title='bbox 0 0 1601 4842; x_wconf 95' lang='lat' dir='ltr'><strong> </strong></span> 
     </span>
    </p>
   </div>
  </div>
 </body>
</html>
