3090 4848
315 289 359 357 ‘10
561 307 589 356 s.
606 307 784 357 summurn
804 309 849 355 nr
870 307 973 356 uuum
995 306 1182 356 urrerem
1212 307 1242 353 ιι

155 457 438 517 ‘119-722mmus·
461 455 494 517 et
514 449 560 518 ibi
581 455 783 538 peecatorum
805 453 986 518 nostrorum
1008 449 1134 516 veniam
1156 449 1377 535 impetremus,
1406 449 1480 516 sicut

316 566 371 632 alii
393 565 486 633 multi
507 568 651 634 feceruut
669 571 701 634 et
721 564 824 632 adhuc
838 565 972 648 faciunt3
996 570 1029 632 et
1043 584 1101 649 ego
1116 565 1265 650 maxime,
1288 583 1368 650 quac
1383 569 1480 632 semu

314 683 493 768 provectior
515 703 586 748 sum
609 687 641 748 et
663 681 764 748 multa
785 680 944 768 pluriorab
966 681 1001 747 iu
1023 681 1091 748 sita
1111 699 1183 748 mea
1205 680 1349 748 commisi
1369 687 1480 767 etpur-

314 798 448 885 patravi.
483 797 526 864 Et
547 797 640 864 huius
662 817 752 864 mese
774 795 946 864 voluntatis
970 801 1064 881 atque
1087 796 1242 884 propositi
1263 795 1342 862 mihi
1361 794 1482 862 conscia

315 913 377 980 fuit
391 912 509 998 Wale⁸,
531 913 691 981 abbatissa
713 911 870 999 quondam
889 933 961 980 mea
978 917 1010 980 et
1022 916 1125 980 mater
1141 911 1302 1000 spiritalis.
1338 911 1381 978 Et
1394 911 1483 978 unica

315 1027 383 1095 filia
405 1030 506 1097 adhuc
528 1031 562 1096 in
592 1029 683 1096 suuis
713 1028 903 1097 iuvenilibus
932 1027 1010 1114 luit,
1041 1032 1074 1095 et
1101 1027 1193 1094 huius
1221 1029 1269 1096 rei
1298 1021 1482 1094 desiderium

317 1163 448 1229 querere
475 1145 619 1212 nescivit.
710 1144 773 1212 Sed
802 1144 895 1230 quic*
923 1145 1056 1228 scimus,
1085 1143 1170 1230 quod
1196 1143 1289 1210 multi
1317 1148 1404 1226 suut,
1433 1143 1485 1227 qui

316 1260 398 1326 banc
413 1258 607 1327 voluntatem
622 1262 805 1348 vituperant
828 1265 860 1328 et
881 1260 965 1328 hunc
988 1279 1128 1326 amorem
1151 1258 1304 1342 derogant
1326 1263 1357 1326 et
1380 1277 1486 1324 eorum

317 1375 506 1442 seutentiam
528 1376 578 1442 his
601 1375 866 1466 adstipulantibus
890 1375 1073 1442 adfirmant:
1098 1375 1181 1460 quod
1204 1395 1339 1442 canones
1354 1373 1486 1460 synoda·

316 1490 363 1558 les
385 1493 593 1579 praecipiant,
616 1499 652 1559 ut
667 1513 748 1560 unus
764 1495 897 1579 quisque
911 1493 946 1558 iu
965 1491 1096 1576 soloce,
1119 1491 1174 1559 ubi
1190 1485 1378 1558 constitutus
1393 1488 1489 1557 buerit

318 1613 350 1674 et
372 1607 442 1675 ubi·
465 1614 573 1675 votum
597 1619 689 1676 suum
712 1609 843 1693 voverit,
865 1608 910 1677 ibi
933 1613 1061 1676 maneat
1083 1613 1115 1674 et
1136 1605 1264 1689 ibiDeo
1286 1606 1400 1674 reddat
1415 1609 1489 1674 vota

318 1743 390 1806 sus3
421 1723 477 1790 sed
506 1724 581 1809 quis
608 1725 749 1792 universi
779 1725 904 1791 diversa
931 1723 1093 1814 poluntate
1115 1723 1251 1790 vivimus
1275 1729 1307 1790 et
1328 1723 1419 1790 nobis
1442 1723 1490 1789 in·

318 1843 407 1906 certe
432 1838 485 1907 re‘
507 1844 539 1906 et
561 1840 685 1908 occulta
706 1840 767 1908 Dei
790 1840 916 1924 iudicia,
940 1839 1022 1906 sicut
1045 1840 1091 1907 ait
1111 1841 1251 1927 profeta:
1280 1841 1406 1906 Iassos
1438 1853 1492 1906 cuc

317 1959 399 2022 meat
420 1969 540 2024 montes
555 1959 630 2039 Dei,
656 1972 686 2024 et
706 1959 829 2024 iudicia
851 1971 906 2024 tua
929 1958 1060 2044 abyssus
1082 1958 1182 2024 multu
1191 1951 1210 2039 ¹,
1233 1961 1266 2022 et
1288 1955 1355 2022 eius
1369 1959 1492 2022 secreta

319 2071 463 2140 voluntas
488 2077 520 2140 et
541 2073 736 2160 dispensatio
758 2073 792 2140 iu
814 2072 874 2140 hac
895 2093 930 2139 re
952 2072 1061 2140 nobis‘
1083 2071 1175 2140 valde
1197 2071 1320 2139 occulta
1341 2075 1404 2155 est,
1436 2090 1492 2158 pro

318 2187 368 2255 his
392 2209 466 2272 ergo
489 2188 618 2255 incertis
642 2195 674 2256 et
696 2189 827 2256 occultis
851 2189 962 2256 ambae
984 2194 1015 2256 te
1038 2187 1195 2276 supplices
1213 2193 1307 2274 atque
1322 2187 1493 2274 prostratis

318 2303 458 2371 vultibus
481 2302 675 2388 dopmnus:
700 2310 736 2371 ut
758 2307 802 2372 sis
817 2305 908 2373 nobis
923 2304 1043 2390 Aaron,
1067 2305 1100 2370 id
1115 2309 1164 2370 est
1178 2324 1269 2370 mous
1284 2303 1494 2387 fortitudinis,

320 2419 517 2488 orstiorsum'¹
546 2425 673 2488 tuamm
701 2442 758 2489 nos
787 2420 936 2505 suffragio
963 2420 1088 2488 fulcias¹
1112 2425 1144 2488 et
1171 2419 1290 2504 dbigss
1317 2418 1496 2486 turibulum

320 2535 577 2622 deprecationum
605 2542 733 2604 tuarum
761 2538 844 2604 sicut
871 2538 1035 2603 incensum
1057 2535 1091 2602 in
1114 2542 1282 2622 conspectu
1304 2535 1496 2618 divinitatis,

320 2656 353 2719 et
380 2650 514 2718 elevatio
551 2673 702 2720 manuum
730 2659 856 2721 tuarum
885 2658 1075 2740 conparetur
1102 2649 1255 2718 sacnficio
1282 2647 1496 2736 vespertino².

319 2766 402 2836 Vere
425 2767 510 2835 euim
533 2767 718 2836 confidimus
741 2771 774 2836 iu
797 2768 900 2836 Deum
929 2773 962 2835 et
991 2769 1059 2836 eius
1087 2767 1287 2834 clementiam
1313 2787 1498 2852 exoramus,

320 2889 357 2950 ut
378 2904 437 2970 per
459 2885 723 2973 supplicationem
745 2885 809 2952 oris
833 2885 880 2952 tui
903 2890 936 2952 at
957 2885 1115 2952 orationes
1140 2883 1328 2952 medullatas
1349 2885 1501 2952 ostendat

259 3044 263 3056 ·
322 2999 413 3066 nobis
436 3019 493 3087 per
511 3006 552 3084 te,
577 3001 661 3086 quod
678 3001 878 3088 profuturum
894 3006 926 3068 et
940 2999 1019 3067 utile
1033 3000 1234 3067 iudicaverit:
1259 3000 1326 3066 sive
1340 2999 1374 3066 iu
1388 3001 1500 3087 patrio

322 3114 388 3182 solo
413 3115 519 3183 vivere
542 3116 592 3183 vel
614 3117 649 3183 is
670 3117 924 3202 peregrinatione
945 3115 1082 3184 exulare.
1122 3114 1274 3182 Similiter
1295 3115 1500 3202 postulamus

322 3231 472 3318 pietatem
496 3237 595 3316 tuam,
618 3239 654 3298 ut
676 3238 731 3299 tua
752 3233 908 3320 rescripta
929 3237 1017 3298 baua
1040 3235 1172 3318 pontum
1195 3231 1331 3315 dirigere
1354 3230 1502 3315 digneris

323 3353 355 3414 et
382 3347 574 3434 respondeas
603 3348 668 3433 his,
698 3347 810 3434 quibus
839 3349 873 3414 in
903 3347 951 3414 bis
978 3347 1098 3414 kartisk
1120 3348 1352 3414 earaxavimus¹
1374 3348 1501 3416 rustico

322 3462 395 3530 stilo
426 3468 458 3532 et
484 3463 618 3550 inpolito
646 3485 800 3532 sermone.
840 3464 921 3543 Quia
945 3474 1033 3530 uon·¹¹
1055 3463 1207 3531 multam²
1229 3461 1375 3531 fiduciam
1399 3463 1504 3532 habe-

322 3600 393 3646 mus
417 3584 495 3667 aput
518 3599 581 3664 eos,
605 3581 659 3667 qui
682 3581 715 3647 in
737 3581 818 3648 facie
840 3579 1015 3664 gloriantur
1038 3585 1070 3647 ct
1092 3601 1156 3648 non
1178 3581 1211 3646 in
1229 3575 1349 3664 corde⁸‚
1373 3585 1443 3647 set⁰
1461 3580 1505 3648 de

322 3701 379 3763 tua
400 3695 461 3763 lide
484 3701 535 3763 et'
558 3697 690 3764 caritate
712 3697 745 3763 in
768 3696 872 3764 Deum
894 3701 927 3764 et
948 3695 1116 3762 dilectione
1137 3698 1170 3762 in
1194 3696 1385 3783 proximum.

411 3813 455 3882 Et
476 3813 568 3880 illum
589 3813 720 3880 fratrem
738 3849 777 3858 -
796 3833 893 3900 supra
913 3817 1121 3880 memoratum
1137 3812 1224 3879 sineq
1237 3812 1365 3880 nomine
1381 3845 1422 3858 -
1443 3833 1507 3880 ne·

394 4005 416 4039 s.
436 3993 514 4052 petere
532 3992 557 4039 C.
636 3989 658 4035 b.
679 4007 737 4036 cerr.
753 3993 776 4036 in
792 3990 862 4038 multo
878 3991 944 4050 plura
961 3993 986 4037 ι’.
1065 4003 1085 4036 c.
1101 3989 1168 4056 Wcle
1187 3991 1214 4038 V.
1289 3989 1310 4036 d
1331 3991 1384 4049 quia
1400 3989 1509 4038 deles:-

323 4082 356 4119 ιιι
372 4075 394 4118 ἰιι
414 4075 440 4120 C.
520 4083 540 4116 e.
561 4068 593 4116 lbi
610 4070 666 4116 MV.
738 4069 754 4116 f.
776 4084 800 4116 ro
817 4088 873 4116 corr.
889 4073 912 4116 bs
928 4082 965 4115 res
981 4072 1018 4116 est
1035 4072 1061 4118 C.
1131 4082 1151 4127 g.
1173 4067 1238 4116 vobis
1257 4069 1284 4117 V.
1353 4067 1377 4116 h.
1398 4087 1463 4117 corr.
1482 4075 1509 4119 s'·

323 4152 496 4210 orationumque
513 4153 539 4198 c.
617 4149 633 4196 i.
653 4149 717 4196 luitis
734 4153 772 4204 M,
790 4166 846 4196 corr.
864 4152 886 4195 ia
902 4148 983 4196 fulcias
1000 4151 1031 4204 C,
1046 4147 1115 4196 fultas
1133 4149 1161 4196 V.
1238 4147 1262 4195 k.
1282 4147 1347 4196 sartis
1364 4149 1421 4206 er,
1442 4169 1511 4200 corr.

323 4235 346 4280 ia
367 4231 439 4278 kartis
464 4234 490 4279 C.
584 4229 599 4276 l.
623 4229 776 4276 caraxavimus
793 4232 820 4278 c,
912 4242 942 4276 m.
967 4243 1012 4276 nou
1033 4245 1076 4275 om.
1094 4228 1151 4284 MV,
1172 4227 1351 4288 superscriptum
1371 4239 1404 4276 ns
1425 4232 1452 4276 in
1480 4235 1511 4282 c.

323 4325 346 4360 u.
368 4310 462 4357 mulmm
480 4309 536 4357 er.
615 4322 636 4355 u.
657 4308 698 4354 sed
714 4325 757 4354 cm.
775 4309 831 4356 MV.
908 4322 931 4369 p.
953 4312 977 4356 ct
992 4325 1034 4355 om.
1052 4311 1086 4355 M.
1165 4320 1187 4366 q.
1208 4307 1257 4354 sive
1274 4311 1327 4356 MC.

397 4417 421 4472 1.
444 4415 546 4484 ress,
561 4415 585 4468 u.
675 4414 701 4468 a.
725 4411 770 4467 rs.
785 4413 844 4483 140,
857 4413 882 4468 a.
973 4411 998 4468 a.
1023 4409 1269 4480 accressere.
