3024 4864
199 221 208 243 ⁸
287 232 353 299 248
537 249 564 297 s.
581 223 757 298 normann
778 249 823 295 nr
844 248 948 297 nuum
968 247 1156 296 nrrsnonan
1182 247 1213 294 oo

118 415 143 456 c.
159 398 279 457 rea-755
288 391 485 476 diligentiam
508 389 656 459 lectioni·
680 389 829 458 adbibere
849 395 916 456 tam
940 389 1079 457 studiose
1093 409 1145 456 me
1160 409 1223 456 non
1237 407 1341 476 posse,
1364 409 1443 474 quarn

290 508 463 592 indiguisse
481 507 634 588 sciebam3
658 507 780 574 duabus
796 507 913 593 qnippe
929 506 1031 572 causis
1045 507 1275 590 resistentibus,
1299 505 1446 572 ocnlomn

288 625 409 693 scilicet
430 607 573 708 caligine¹
586 627 618 690 et
640 623 753 710 cepitis
777 623 900 705 dolore,
928 621 1085 707 tertioque
1112 623 1146 688 in
1169 622 1342 689 visceribus
1364 619 1445 687 sitiob

288 741 468 828 praecipue,
491 739 525 804 id
548 743 597 804 est
617 742 746 826 torpore
768 739 893 806 mentis.
929 737 1048 804 Idcirco
1072 737 1166 824 paulo
1190 738 1309 804 diutins
1332 757 1448 804 manere

288 857 367 923 mibi
389 855 564 942 paternitas
587 859 694 921 vestra
715 855 767 920 bic
795 854 961 937 concedat,
988 859 1041 938 ut,
1071 853 1125 938 qni
1153 855 1244 919 iuxta
1265 848 1450 940 apostolnm¹

289 971 485 1039 siticulosum
491 981 505 1042 ⁶,
518 970 620 1036 filium
642 976 782 1038 vestrum
798 971 879 1038 lacte
894 969 1040 1058 potatisl,
1063 989 1122 1036 nec
1136 969 1239 1036 adhuc
1253 968 1354 1036 solido
1370 969 1450 1056 panis

289 1088 358 1155 esni
381 1092 520 1171 suetum,
551 1091 705 1173 oportuno
733 1093 877 1174 ternpore
906 1086 1067 1153 servitutis
1098 1091 1221 1153 vestrae
1249 1085 1289 1151 ad
1312 1085 1451 1168 officinm,

288 1204 379 1287 larga
401 1202 520 1268 Christi
549 1201 718 1269 clementia
745 1208 913 1289 preeunte⁸
943 1210 975 1269 et
1002 1202 1116 1268 vestris
1146 1203 1340 1269 orationibus
1364 1203 1452 1269 inter·

289 1319 490 1401 cedentibus,
520 1318 731 1385 robustiorem
759 1314 930 1405 recipietis.
958 1291 1034 1384 ,sin
1064 1339 1137 1384 vero
1165 1317 1251 1384 aliud
1279 1319 1453 1385 discretioni

289 1439 413 1502 vestrae
437 1434 602 1520 placuerit,
625 1435 653 1499 si
676 1433 729 1501 ille
752 1434 836 1500 vires
860 1433 992 1519 dederit,
1015 1433 1081 1501 cui¹
1101 1433 1182 1499 nihil
1197 1431 1323 1500 infinita
1337 1433 1456 1500 saecula

290 1550 405 1618 addere
420 1550 471 1616 vel
487 1550 626 1616 adimere
640 1550 818 1634 valebunt⁸,
834 1551 904 1636 ipso
920 1551 999 1634 qno¹¹
1016 1550 1163 1616 iubebitis
1178 1554 1321 1636 tempore
1332 1569 1455 1636 promp

288 1673 340 1733 tue
362 1666 482 1733 redibo.
574 1665 661 1732 Inter
686 1686 724 1732 ea
749 1685 808 1752 per
836 1665 1086 1732 misericordiam
1107 1665 1169 1732 Dei
1198 1666 1345 1751 obsecre,
1376 1667 1456 1732 cuins

288 1787 375 1851 totus
398 1781 484 1849 orbis
507 1785 662 1847 terrarum
687 1780 799 1868 plenus
815 1778 890 1865 est¹,
913 1781 1001 1848 velut
1017 1780 1107 1848 doxis
1122 1781 1254 1866 genibus
1269 1801 1307 1848 ac
1322 1780 1456 1848 cunam

289 1898 411 1986 poplite
434 1897 570 1984 supplex
593 1896 797 1964 sublimitatis
819 1901 944 1965 vestrae
967 1897 1101 1983 vestigia
1122 1896 1329 1984 amplectens:
1356 1903 1392 1964 nt
1405 1916 1457 1983 pro

289 2015 369 2082 meis
392 2014 567 2080 innumeris
590 2013 766 2080 facinorum
789 2013 974 2080 criminibus
999 2014 1084 2101 apud
1106 2013 1343 2080 misericordem
1368 2019 1400 2080 et
1416 2015 1459 2078 in·

290 2135 374 2198 stam
397 2129 535 2197 iudicem
558 2129 752 2196 intercedere
775 2129 957 2213 dignemini.
1004 2128 1072 2196 Nec·
1097 2137 1205 2197 tamen
1234 2149 1274 2195 er
1296 2130 1360 2196 boc
1382 2148 1459 2196 sere·

290 2246 400 2313 nitatis
423 2251 548 2312 vestrae
571 2246 706 2329 gratiam
721 2246 914 2332 perturbem,
938 2265 1009 2311 cum
1026 2245 1112 2311 lesus
1127 2250 1244 2329 noster,
1268 2243 1373 2328 gloria
1387 2243 1461 2312 caeli

291 2361 438 2448 salusque
460 2360 587 2445 mundi,
611 2361 662 2427 cni
686 2367 799 2428 cuncta
820 2365 932 2448 patent
954 2367 986 2427 et
1008 2381 1100 2447 quem
1124 2361 1247 2428 occulta
1267 2381 1330 2427 non
1356 2361 1462 2443 latent,

291 2479 429 2564 imperat
451 2477 574 2543 dicens:
603 2479 705 2543 Petite
728 2491 756 2542 ao
778 2478 906 2543 debitor
927 2473 1031 2544 vobab'
1056 2476 1240 2562 etreliqua.
1286 2476 1387 2561 Quia,
1410 2495 1464 2543 nco

291 2601 359 2662 tarn
382 2614 421 2662 ex
444 2592 522 2660 bock
544 2598 694 2660 ventosae
715 2593 904 2660 temeritatis
927 2593 1063 2679 tiphnm¹
1084 2592 1163 2659 mibi
1179 2593 1344 2679 subripere
1362 2613 1464 2680 posse,

292 2730 388 2796 quam
403 2709 578 2777 remedium
594 2707 704 2774 salutis
721 2708 857 2775 arbitror
871 2709 1046 2790 inveniri¹3
1068 2708 1143 2775 dnm
1158 2715 1191 2775 et
1204 2709 1274 2795 ipse
1288 2729 1340 2776 me
1358 2729 1466 2794 aege·

291 2833 360 2894 tum
383 2845 518 2911 agnosco
542 2830 574 2892 et
596 2825 752 2891 medicum
777 2845 902 2910 quaero.
993 2825 1060 2892 Hos
1082 2826 1142 2892 tibi
1162 2825 1354 2909 veraedos,
1379 2831 1468 2913 pater

291 2942 441 3027 amande,
471 2942 579 3009 subter
608 2941 743 3028 scriptos
766 2942 967 3008 correctionis
991 2961 1087 3008 causa
1114 2942 1234 3022 direxi3
1262 2941 1400 3027 cupiens
1422 2942 1469 3008 in-

291 3059 433 3127 dustriae
455 3065 579 3125 vestrae
602 3056 720 3144 scripta
743 3057 927 3142 promereri,
952 3062 1105 3142 quatenus
1128 3057 1245 3124 erroris
1261 3059 1325 3124 mei
1342 3059 1469 3124 antrac-

290 3181 361 3242 tus¹¹
384 3195 423 3241 ex
448 3174 526 3260 ipsis
549 3177 672 3240 certus⁰
695 3181 909 3257 cognoscam’.
983 3172 1099 3240 Sancta
1121 3179 1154 3240 et
1174 3172 1338 3240 individua
1365 3173 1471 3240 Trini-

290 3292 366 3358 tatis
389 3288 538 3357 divinitas
561 3287 765 3355 excellentiae
787 3293 912 3355 vestrae
927 3289 1112 3372 dignitatem
1129 3289 1254 3373 iugiter,
1277 3288 1375 3372 longe
1391 3289 1471 3356 lats·

292 3413 371 3493 que*
386 3405 548 3473 catholicis
572 3404 774 3472 ecclesiarum
794 3405 939 3491 plebibus
953 3405 1177 3491 presidentem,
1201 3411 1315 3489 usqne'
1329 3405 1376 3471 ad
1395 3425 1472 3493 snp-

288 3543 438 3614 premnm
448 3524 513 3588 vite
524 3541 662 3606 cursum,
677 3525 787 3588 contra
799 3522 905 3588 omnia
917 3520 1131 3608 proficientem
1144 3521 1285 3603 adversa,
1298 3522 1473 3590 custodiat

364 3688 386 3720 a
406 3673 523 3720 dilectioni
540 3677 574 3720 Μ.
653 3670 675 3718 b.
696 3671 767 3718 viciae
784 3677 819 3720 M.
897 3685 916 3718 c.
937 3671 1093 3718 siliacnlosnm
1110 3675 1144 3718 M.
1222 3672 1245 3718 d.
1266 3673 1352 3732 potetis
1373 3677 1416 3728 M,
1434 3687 1475 3733 po·

292 3754 360 3800 testis
378 3755 404 3808 C,
420 3753 542 3813 potestatis
561 3753 588 3800 V.
667 3766 686 3798 s.
708 3770 763 3800 corr.
780 3755 802 3798 in
818 3753 927 3811 pereunte
941 3753 968 3798 V.
1046 3752 1062 3798 l.
1083 3766 1133 3800 cnm
1147 3753 1175 3800 V.
1252 3752 1477 3809 gratabantur,

294 3851 351 3880 corr.
367 3835 390 3878 in
405 3831 514 3878 valebunt
529 3835 555 3879 C.
649 3831 672 3876 b
694 3832 790 3891 ipsoque
807 3835 842 3880 M.
934 3832 951 3878 i.
972 3832 1064 3878 'curbato
1083 3833 1111 3879 V.
1203 3831 1226 3877 l.
1247 3845 1275 3877 ox
1289 3831 1334 3879 boe
1350 3850 1401 3878 om.
1420 3835 1477 3880 MC.

292 3911 309 3958 l.
331 3913 411 3959 ventos
432 3913 456 3957 et
474 3912 585 3958 maritatis
602 3910 673 3958 dilnrn
691 3915 725 3957 m.
802 3925 833 3958 nr.
854 3911 955 3958 invenire
968 3914 994 3959 C.
1072 3925 1095 3958 n.
1116 3911 1228 3958 anirmtas
1240 3912 1297 3966 MV,
1313 3929 1375 3958 corr.
1394 3915 1421 3958 in
1438 3927 1479 3958 nn·

292 3991 378 4040 seems
395 3993 421 4040 C.
506 4004 528 4037 ο.
549 3991 618 4038 certis
634 3993 692 4047 mV,
714 4009 770 4037 corr.
786 3995 809 4038 τ’»
830 3991 905 4036 aerius
923 3991 949 4038 C.
1034 4003 1058 4051 p.
1078 4000 1152 4037 celcra
1168 4009 1210 4038 om.
1228 3993 1282 4040 MC.
1369 4004 1396 4051 q·
1418 3991 1478 4038 labe-

293 4085 351 4132 qme
369 4073 396 4118 V.
475 4084 493 4116 r.
514 4083 600 4130 nequae
619 4072 645 4117 V.

365 4167 390 4221 1.
418 4164 568 4221 lOorintb
582 4167 608 4235 3,
620 4167 651 4220 2:
672 4166 736 4236 ,lac
753 4164 833 4220 robis
850 4168 947 4235 potum
966 4164 1038 4234 dedi,
1057 4180 1113 4220 non
1130 4179 1235 4236 escam,
1253 4164 1379 4221 nondum
1400 4167 1480 4221 eninr

293 4256 440 4324 poteratis,
468 4254 518 4310 scd
544 4269 595 4310 nec
621 4254 983 4331 nuncquidem'potestim
1011 4253 1100 4310 adhuc
1124 4254 1196 4309 enim
1220 4253 1343 4310 carnales
1369 4255 1481 4310 estis‘st

294 4344 320 4400 2.
345 4341 386 4398 Of.
405 4344 450 4397 Pe.
464 4343 524 4414 118,
538 4344 580 4402 64.
670 4344 696 4402 3.
719 4342 815 4398 Matth.
829 4345 854 4414 Ἰ,
867 4345 892 4400 7.
