3164 4842
289 305 355 372 492
589 319 636 368 nx
659 316 813 368 comem
834 317 915 364 rum
937 315 964 364 s.
980 314 1156 364 normann

220 472 272 526 739
289 481 352 532 non
375 461 511 530 multum
531 481 605 528 vero
628 460 779 546 temporis
802 459 918 544 omnia,
943 477 1022 542 quae
1044 461 1120 524 tunc
1139 457 1174 523 in
1188 455 1336 524 Baioaria
1355 457 1453 524 coni·

289 580 391 664 gendo
413 580 519 664 gessit,
543 578 656 644 litteris
678 576 885 660 transmissis,
908 573 1046 662 praesuli
1061 571 1232 660 apostolico
1247 573 1451 640 denuntiavit

289 697 335 763 At
355 696 418 779 illo,
442 702 531 779 geste
554 695 621 760 eius
642 692 786 774 laudans,
809 692 932 760 remisit
952 690 1132 758 huiusmodi
1153 689 1299 775 scriptas

378 811 439 879 Per
471 811 555 877 idem
589 816 714 897 tempus
743 808 859 877 Karolo
888 808 966 874 duce
993 807 1130 892 glorioso
1157 805 1342 892 temporslis
1371 805 1453 874 vitae

288 949 416 996 cursum
439 932 687 1010 consummante,
709 925 767 994 filii
789 927 856 994 eius
871 923 1102 992 Karlomsnnus
1126 922 1325 1010 etPippinus
1346 921 1381 987 in
1397 941 1454 1008 ps·

289 1047 347 1114 tris
376 1043 593 1112 suceessenmt
621 1043 799 1130 imperium.
839 1041 903 1109 Sed
931 1040 1005 1126 quia
1032 1040 1072 1105 ed
1100 1045 1212 1106 nutum
1238 1038 1454 1124 Karlomsnni,

290 1162 344 1247 qui
366 1160 495 1228 maioris
519 1159 632 1226 aetatis
651 1164 728 1242 erat,
752 1157 996 1244 omniapetemi
1009 1157 1099 1239 regni
1112 1157 1183 1223 iura
1196 1155 1453 1242 disponebantur,

291 1279 374 1345 hunc
406 1281 532 1343 sanctus
560 1273 740 1342 Bonifacius
768 1274 877 1340 adiens
905 1272 1120 1359 praesulisque
1147 1271 1311 1359 apostolici
1335 1272 1456 1358 scripte

289 1394 442 1476 deferens,
466 1391 646 1458 omnimodo
669 1391 822 1478 poposcit,
846 1394 882 1456 ut
904 1389 1092 1458 christianae
1113 1388 1274 1472 religionis
1288 1387 1454 1471 culturam,

252 1507 255 1514 ’
288 1530 383 1596 quam
411 1514 502 1595 pater
531 1508 598 1574 eius
627 1507 863 1595 promptissimo
892 1505 998 1572 animo
1027 1505 1130 1591 coepit
1152 1509 1184 1571 ot
1205 1503 1359 1588 excoluit,
1386 1505 1455 1590 ipse

288 1645 411 1713 quoque
444 1643 502 1712 pro
532 1623 594 1692 Dei
627 1644 734 1690 amore
766 1623 877 1709 suique
905 1623 995 1706 regni
1022 1620 1193 1688 stabilitate
1218 1639 1368 1688 necnon
1398 1639 1455 1706 pro

287 1742 446 1810 communi
468 1740 610 1808 omnium
632 1740 693 1807 sibi
715 1740 925 1806 subiectorum
949 1737 1050 1804 salute
1073 1737 1182 1805 eodem
1204 1737 1309 1804 animo
1332 1735 1456 1803 excole-

287 1865 345 1928 ret
379 1857 438 1926 His
459 1857 514 1924 ille
531 1856 678 1944 precibus
697 1857 787 1941 quasi
801 1855 908 1922 divino
924 1853 1020 1921 affatu
1035 1858 1249 1940 compunctus,
1272 1871 1383 1919 omnes
1397 1851 1456 1919 sub

287 1975 420 2063 imperio
444 1994 500 2040 suo
524 1973 683 2057 degentes,
706 1970 803 2038 laicos
826 1970 920 2038 simul
943 1961 975 2038 et
996 1971 1135 2053 elericos,
1160 1990 1179 2037 a
1198 1969 1351 2053 religione
1373 1968 1458 2035 clui-

288 2091 391 2159 stiena
412 2091 586 2174 deviantes,
607 2095 673 2156 tem
695 2088 795 2173 regali
817 2108 910 2174 quam
934 2088 1085 2154 canonice
1106 2085 1293 2154 austeritate
1315 2085 1357 2152 ed
1371 2086 1458 2152 riam

287 2208 431 2276 iusticias
452 2227 601 2274 revocare
623 2205 752 2274 studuit
788 2205 985 2292 Precipiebat
1006 2205 1099 2288 enim,
1123 2210 1167 2287 ut,
1191 2206 1347 2270 conventu
1363 2221 1457 2289 syuo-

288 2324 353 2390 dali
367 2323 485 2407 habito,
500 2322 546 2390 ibi
561 2323 668 2389 omnia
683 2323 773 2388 iuxta
786 2341 941 2390 canonum
956 2323 1082 2390 decreta
1096 2320 1335 2404 corrigerentur.
1360 2317 1457 2385 Cuius

287 2440 437 2508 nimirum
460 2445 631 2507 conventus
654 2438 813 2526 synodalis
837 2443 966 2522 emtute,
990 2438 1065 2523 quio
1084 2455 1149 2504 non
1172 2435 1273 2502 solum
1288 2434 1459 2502 saeculari·

287 2556 362 2641 bus,
385 2556 440 2624 sed
462 2556 558 2622 etiem
581 2554 818 2622 aecclesiasticis
841 2553 1014 2622 rectoribus
1037 2551 1286 2619 aedificationem
1308 2569 1457 2634 magnam

288 2673 430 2739 conferre
452 2691 544 2759 posse
567 2670 728 2754 videntur,
751 2677 846 2758 prout
867 2671 901 2737 in
924 2671 1061 2754 antiquis
1083 2667 1316 2754 exemplaribus
1339 2667 1460 2753 scripte

288 2789 476 2873 invenimus,
493 2787 544 2854 hic
558 2807 675 2874 ponere
689 2785 843 2854 volumus.
868 2787 922 2854 Sic
936 2786 1021 2853 enim
1035 2785 1154 2872 scripta
1167 2781 1406 2851 inveniuntur&

378 2905 498 2972 Tantae
515 2904 613 2988 igitur
632 2903 793 2987 religionis
807 2907 937 2988 statuta,
961 2924 981 2969 a
1000 2901 1195 2988 principibus
1209 2899 1368 2987 neophitis
1382 2906 1460 2967 tunc

288 3023 382 3107 facta,
405 3023 433 3088 si
455 3025 678 3108 comparentur
698 3019 820 3104 legibus
843 3019 902 3103 his,
926 3041 1007 3104 quae
1028 3019 1121 3084 modo
1146 3039 1165 3084 a
1187 3016 1374 3103 quibusdam
1389 3035 1460 3082 rec-

288 3139 409 3206 toribus
430 3139 549 3205 nostris
571 3173 613 3184 -
635 3157 655 3204 a
676 3137 817 3222 puericia
838 3155 937 3223 usque
960 3137 993 3202 in
1016 3141 1177 3202 senectam
1198 3134 1232 3199 in
1255 3133 1341 3199 omni
1364 3131 1459 3198 disci-

177 3243 182 3252 ’
288 3255 377 3342 plina
398 3254 571 3320 christiana
591 3253 753 3320 instructis
768 3289 810 3300 —
827 3253 1045 3340 proferuntur,
1073 3251 1166 3318 facile
1187 3253 1292 3337 potest
1313 3249 1457 3334 agnosci:

289 3374 441 3456 quantum
464 3371 665 3456 perfectiores
688 3369 806 3436 fuennt
827 3369 874 3434 illi
896 3369 1038 3456 neophiti
1061 3367 1131 3434 istis
1154 3366 1297 3454 patribus
1312 3365 1460 3432 doctissi-

288 3487 365 3568 mis3
389 3485 444 3571 qui
464 3506 529 3552 non
551 3486 650 3552 solum
675 3485 760 3572 apud
781 3505 871 3568 reges
895 3491 927 3552 et
948 3485 1108 3571 principes
1130 3502 1189 3570 pro
1210 3482 1351 3550 locorum
1367 3501 1460 3548 senc-

288 3608 393 3674 torum
415 3601 552 3670 utilitate
574 3602 784 3669 intercedere·
807 3601 980 3685 negligunt,
1004 3601 1061 3667 sed
1076 3601 1171 3667 etiam
1185 3599 1249 3686 ipsi
1263 3598 1333 3666 locs
1348 3603 1460 3666 sancta

288 3720 349 3788 eibi
364 3719 533 3786 commissa
548 3717 727 3784 omnimodo
742 3718 916 3784 destruunt.
940 3716 1082 3784 Omores
1094 3717 1186 3804 pravi
1197 3715 1317 3783 cunctis
1329 3715 1459 3781 omnino

290 3836 426 3920 dolendi,
450 3857 468 3900 o
491 3835 672 3902 miseranda
693 3835 788 3901 nimis
810 3853 935 3900 morum
957 3834 1091 3900 mutatio
1106 3833 1190 3917 telis,
1214 3851 1285 3900 cum
1300 3832 1391 3919 pueri
1407 3853 1459 3899 se-

288 3953 392 4037 nibus,
416 3952 501 4020 caeci
524 3951 712 4035 ridentibus,
735 3951 875 4037 imperiti
897 3951 1018 4038 peritis,
1041 3949 1115 4017 laici
1137 3948 1259 4016 clericis
1282 3947 1460 4032 religiosio-

287 4089 339 4135 res
367 4068 579 4135 inveniuntur.
621 4067 784 4147 Quondam
812 4086 949 4153 namque
976 4067 1011 4132 in
1040 4065 1210 4154 provinciis
1238 4064 1363 4149 multis,
1391 4063 1458 4148 ubi,

289 4191 417 4254 sanctae
445 4184 613 4252 eecclesiae
641 4185 734 4250 vinea
762 4184 885 4250 noviter
912 4183 1074 4271 plantate,
1102 4183 1236 4250 necdum
1265 4181 1317 4249 rel
1343 4180 1461 4248 notitia

361 4376 381 4408 ι.
404 4365 503 4424 sequitur
517 4365 542 4411 S.
553 4365 667 4419 Bonifatii
685 4363 761 4422 apes
782 4379 852 4422 snpra
865 4380 891 4422 p.
903 4363 956 4410 loe
1049 4361 1072 4408 h.
1095 4364 1194 4423 eaedem
1208 4363 1233 4410 S.
1246 4362 1361 4419 Bonifatii
1378 4359 1458 4422 apr-47

289 4457 360 4501 supra
372 4459 397 4501 p.
408 4441 460 4487 12⁷.
538 4455 557 4488 c.
577 4441 718 4488 intercedere
734 4458 777 4488 om.
794 4461 813 4488 c.
