3144 4852
284 310 349 376 682
526 325 724 374 cnsrsrrssr
745 325 947 374 cunomcou
969 279 1205 375 uooournruur

283 468 443 554 genibus,
467 467 501 534 in
522 467 651 552 femore,
674 469 707 534 in
723 467 872 553 humeris,
895 469 929 534 in
945 469 1061 552 cubito,
1084 467 1288 552 inmanibus,
1311 468 1344 533 in
1360 465 1454 548 collo,

282 585 337 652 ubi
365 584 490 672 corpori
516 584 689 652 inherebat.
725 584 858 652 Caetera
884 605 959 671 pars
988 585 1146 671 corporis,
1176 583 1305 650 dorsum
1333 583 1456 650 scilicet

283 708 315 769 et
341 706 467 785 venter,
495 702 614 787 pariter
642 699 839 767 coherebant
874 699 918 766 Et
945 700 1004 765 boc
1030 700 1117 783 ideo,
1145 704 1182 765 ut
1203 700 1396 766 commodius
1419 705 1455 766 et

283 819 423 884 securius
451 823 558 904 posset
584 817 618 882 in
642 816 752 899 areba,
781 815 841 881 sibi
865 815 904 881 ad
927 815 986 882 hoc
1008 817 1173 902 deputata,
1202 815 1380 902 specialiter
1401 836 1455 882 re-

286 933 415 1001 servari.
506 932 593 998 Haec
615 952 687 998 raro
710 931 902 1018 ponebatur,
931 933 993 998 nisi
1014 933 1095 998 forte
1118 937 1283 1018 praesente
1305 951 1379 1016 rege
1401 931 1455 998 rel

284 1049 345 1116 alio
369 1069 483 1132 magno
506 1047 658 1135 principe,
683 1053 715 1114 et
736 1048 768 1113 in
791 1047 881 1114 iestis
905 1047 1039 1133 paschae
1062 1047 1112 1113 vel
1126 1047 1242 1114 natalis
1257 1046 1397 1130 Domini,
1420 1054 1456 1114 et

283 1163 430 1252 pontifice
452 1163 511 1230 hoc
532 1163 668 1230 iubente.
705 1163 783 1229 Cum
808 1169 911 1230 autem
936 1163 994 1228 boc
1016 1160 1086 1228 fieri
1109 1163 1290 1249 oportebat,
1318 1169 1394 1230 tnnc
1417 1165 1454 1228 in

282 1279 351 1346 loco
373 1279 464 1347 valde
488 1280 653 1364 eminenti,
683 1280 716 1346 in
745 1279 863 1365 templo
887 1297 982 1364 super
1004 1279 1142 1362 trabem,
1172 1279 1227 1346 ubi
1248 1277 1326 1344 nulli
1349 1277 1455 1344 alieno

282 1395 412 1484 patebat
434 1394 586 1480 00000000,
610 1416 630 1461 a
646 1395 798 1462 ministris
814 1393 957 1461 fidelibus
972 1393 1143 1461 iocabatur.
1212 1395 1248 1462 In
1263 1395 1355 1460 buius
1372 1396 1455 1460 ima-

282 1513 365 1597 ginis
388 1514 491 1599 capite
513 1512 582 1578 loco
605 1511 765 1578 oculorum
788 1516 879 1577 erant
901 1511 981 1576 duae
1004 1531 1156 1595 gemmae,
1181 1531 1257 1596 quas
1278 1510 1455 1578 carbuncu-

282 1629 330 1696 los
353 1633 476 1712 vocant,
500 1633 607 1694 tantae
629 1627 855 1710 magnitudinis
874 1631 909 1692 ut
924 1627 985 1692 duo
1001 1625 1100 1692 vitelli
1116 1647 1261 1708 ovorum;
1286 1627 1341 1710 qui
1355 1626 1388 1692 iu
1405 1633 1454 1692 te-

283 1744 388 1811 nebris
412 1744 626 1811 coruscabant
702 1742 784 1808 Huio
807 1743 891 1808 cruci
912 1742 1083 1827 inscriptus
1106 1749 1175 1808 erat
1197 1762 1306 1808 rersus
1328 1743 1406 1810 iste:

449 1859 530 1926 Auri
552 1863 715 1924 sexcentas
738 1857 833 1925 habet
855 1859 932 1926 baec
953 1877 1031 1924 crux
1053 1878 1150 1925 aurea
1171 1858 1278 1925 libras.

282 1976 325 2044 Et
352 1975 456 2060 notat,
487 1974 569 2060 quod
599 1994 661 2039 una
687 1973 769 2041 libra
797 1973 892 2042 habet
920 1975 998 2039 duas
1025 1973 1171 2040 marchas
1195 1974 1278 2055 auri3
1307 1974 1454 2057 sicergo

283 2096 374 2159 erant
400 2089 486 2156 mille
516 2095 548 2156 et
578 2089 731 2156 ducentae
758 2090 886 2156 marche
916 2091 984 2155 auri
1007 2089 1232 2177 probatissimi.
1268 2089 1333 2156 Nec
1356 2089 1453 2156 silen-

282 2208 357 2274 dum
386 2207 536 2273 arbitror:
571 2225 629 2292 pro
665 2205 793 2292 speciali
826 2204 919 2272 buius
948 2207 1016 2272 auri
1047 2205 1316 2272 examinatissimo
1342 2205 1454 2272 valore

282 2343 359 2390 crux
381 2324 453 2409 ipsa
474 2323 604 2408 proprio
626 2323 754 2389 nomine
776 2323 969 2388 censebatur.
1004 2321 1184 2388 Vocabatur
1207 2325 1311 2388 autem
1329 2319 1451 2388 Benna.

371 2439 419 2505 De
441 2438 634 2504 indumentis
651 2438 852 2522 quotidianis,
876 2437 1030 2523 crucibus,
1053 2438 1213 2522 edicitur,
1238 2437 1386 2524 ampullis
1400 2443 1451 2504 at-

283 2555 465 2638 tinentibus,
489 2559 521 2620 et
542 2552 709 2621 thuribulis
732 2554 923 2620 mentionem
945 2555 1049 2620 facere
1071 2559 1200 2641 propter
1214 2553 1452 2620 multitudinem

282 2693 346 2738 non
373 2671 451 2738 bene
480 2681 636 2756 possum
729 2669 791 2736 Sed
819 2669 960 2755 quiade
989 2670 1139 2737 calicibus
1169 2671 1317 2752 didmus,
1351 2669 1452 2736 subiit

282 2787 444 2872 memoria,
468 2785 551 2873 quod
573 2787 693 2852 fueram
716 2786 779 2851 iam
804 2785 928 2852 oblitus.
963 2785 1065 2853 Erant
1087 2785 1199 2854 calices
1218 2785 1382 2852 duodecim
1397 2805 1452 2851 ar-

281 2904 402 2988 gentei,
426 2922 535 2970 omnes
558 2902 715 2985 deaurati,
739 2901 877 2968 eiusdem
901 2902 1064 2990 ponderis,
1088 2923 1159 2968 cum
1181 2903 1305 2988 patenis
1329 2901 1452 2968 scilicet

282 3020 322 3086 de
339 3019 440 3085 tribus
456 3019 606 3100 morcbis3
631 3019 758 3105 dempto
772 3017 879 3101 calice,
902 3020 956 3104 qui
972 3017 1150 3104 pertinebat
1164 3017 1203 3083 ad
1219 3016 1321 3084 maius
1337 3017 1449 3101 altare,

281 3142 313 3204 et
334 3136 363 3202 is
385 3139 525 3201 caeteros
548 3135 680 3201 dimidia
701 3133 831 3200 marcha
850 3133 1067 3221 praecellebat.
1102 3133 1239 3200 Cuilibet
1252 3133 1342 3200 calici
1358 3141 1451 3200 eraut

281 3251 434 3339 speciales
463 3251 619 3337 ampullas
642 3257 807 3335 argenteae
830 3249 994 3337 0100110ἀ
1018 3255 1167 3332 argentea
1189 3248 1228 3314 ad
1251 3247 1371 3316 hostias
1393 3250 1449 3316 de-

281 3375 401 3458 putata
492 3366 621 3434 Praeter
643 3365 700 3434 bos
724 3367 836 3433 calices
860 3371 949 3432 erant
971 3371 1035 3432 tres
1059 3366 1155 3432 aurei.
1190 3365 1226 3432 ln
1249 3385 1312 3431 uno
1334 3365 1447 3431 borum

281 3489 406 3573 poterat
428 3484 590 3567 celebrari,
614 3483 703 3568 quia·
726 3484 823 3549 etiam
845 3503 917 3548 suas
940 3481 1050 3548 babuit
1073 3479 1226 3568 ampullas
1247 3487 1280 3548 et
1295 3481 1447 3568 pyxidem

282 3602 321 3668 ad
350 3600 470 3668 bordas
494 3621 533 3667 ex
557 3619 633 3666 auro
655 3599 825 3686 purissimo
848 3603 880 3664 et
901 3597 1098 3680 margaritis,
1128 3604 1161 3664 at
1183 3617 1291 3686 peram
1315 3597 1356 3663 ad
1378 3617 1448 3663 cor·

280 3717 412 3806 poralia,
435 3715 496 3782 dlis
521 3716 623 3783 aureis
647 3715 783 3798 insertis,
806 3714 879 3780 miri
902 3714 1006 3800 operis
1023 3718 1054 3780 et
1068 3715 1197 3781 decoris.
1280 3712 1448 3780 Habebant

285 3835 382 3902 etiam
409 3833 522 3899 calices
553 3832 607 3898 alii
635 3851 707 3897 suas
735 3850 828 3916 peras
851 3829 892 3895 ad
914 3831 1090 3917 corporalia
1112 3851 1151 3896 ex
1174 3849 1315 3917 purpura
1337 3837 1370 3896 et
1391 3849 1446 3894 au·

280 3950 443 4037 ripbrigiis
466 3947 643 4015 adornatas.
726 3945 829 4012 Erant
848 3945 973 4013 fistulae
995 3947 1131 4031 quinque
1154 3946 1193 4012 ad
1213 3945 1445 4013 communicau-

174 4151 181 4158 .
282 4066 372 4150 dum,
401 4071 567 4150 argenteae
595 4065 774 4132 deauratae.
864 4062 965 4129 Erant
998 4059 1101 4129 00100ι
1129 4067 1295 4146 argenteae
1321 4081 1443 4145 norem,

354 4258 374 4290 a
395 4245 504 4302 gaunibus
520 4245 556 4291 ed.
633 4243 656 4290 b.
677 4241 799 4290 Sciendum
814 4245 889 4288 umen
901 4245 967 4302 Tpro
981 4240 1010 4287 at
1025 4243 1084 4288 nota
1162 4255 1182 4288 0
1203 4241 1301 4287 arbitror
1316 4239 1446 4286 ociorum?

280 4339 323 4382 pro
338 4337 384 4369 non
399 4323 457 4369 10000
472 4337 573 4383 possum.
651 4323 674 4369 d.
692 4323 760 4383 pppis
776 4323 813 4368 ed.
890 4321 972 4382 aqui
986 4323 1023 4368 ed.

353 4427 377 4480 1.
402 4426 469 4480 oola.
