3142 4848
350 303 377 349 e.
395 302 571 350 soumarn
593 303 637 350 nr
659 304 762 351 nuum
784 305 971 352 nrrsnonsn
995 305 1009 351 s
1220 287 1262 355 37

93 443 164 510 licet
190 441 326 510 nullius·
350 445 502 512 momenti
531 444 645 528 ducas,
679 449 802 512 vestrae
831 445 1035 514 sublimitatis
1063 447 1264 535 adoptivamb
1281 453 1411 510 mmtut

91 559 212 647 prolem
240 580 281 626 en
311 562 397 627 omni
424 565 575 648 paternae
605 559 794 647 prudentiae
822 561 914 628 diviti
943 581 1038 629 eensn
1065 561 1264 649 aliquatenus

91 676 128 742 ad
151 681 281 763 tempus
304 675 406 744 ditare
429 695 493 743 non
516 696 657 758 recuses3
679 697 720 744 ne
743 676 868 763 qnando
884 677 979 745 invisi
995 677 1162 745 audacium
1177 699 1264 746 emu-

89 792 209 860 lorum·
233 794 327 859 cunei
349 793 503 879 crispanti
526 797 633 880 optate
655 792 885 880 inprobationis
901 793 1072 861 eaatbinnod
1087 795 1265 882 tripudian-

89 915 134 976 tes
162 908 441 993 congratulentur,
473 909 500 974 si
528 907 668 976 sobolem
692 908 850 996 opulenti·
873 909 1265 998 paternaephilosophiae

89 1045 184 1092 censu
212 1024 402 1092 exheredem
425 1024 669 1112 penuriamque¹
691 1025 799 1092 feralis
826 1025 1027 1112 insipientiae
1050 1026 1265 1113 experientem

89 1141 293 1228 conperinnt3
317 1147 349 1207 et
370 1160 435 1207 non
457 1141 629 1225 incongrue
651 1140 729 1207 milri
751 1139 804 1208 ille
827 1139 969 1207 Robuam
991 1177 1032 1187 -
1052 1161 1205 1226 generosa
1226 1140 1265 1210 de

89 1258 186 1344 stirpe
217 1256 423 1324 famosissimi
452 1261 537 1322 tam⁸
558 1255 727 1323 laudabilis
750 1255 924 1342 sapientiae
947 1255 1112 1324 excellenti
1134 1259 1265 1325 inormi-

88 1378 150 1441 tate
174 1393 276 1459 quam
298 1374 394 1439 etiam
418 1373 532 1458 opimis
554 1392 662 1438 rerum
684 1371 885 1439 facultatibus
909 1373 992 1457 regis
1016 1371 1192 1442 Salomonis
1215 1373 1264 1440 in·

87 1489 169 1558 felici
193 1489 286 1555 fusus
309 1493 381 1554 ortu
396 1525 440 1534 -
456 1489 558 1554 omnis
581 1507 662 1574 pene
686 1493 836 1574 paternae
850 1487 1011 1556 felicitatis
1027 1509 1151 1577 expers,
1172 1489 1264 1574 lugn-

89 1606 186 1673 briter
211 1604 380 1690 coaequari
404 1609 507 1689 queat.
542 1602 686 1689 Denique
710 1605 786 1687 ageh
803 1604 868 1670 iam
888 1624 971 1670 nunc
987 1605 1175 1692 impleturus
1189 1610 1265 1672 vota

1 1785 2 1788 ,
87 1721 250 1808 persolve,
282 1726 315 1786 et
342 1720 523 1806 incoeptum
552 1717 660 1802 largae
682 1719 891 1786 institutionis
914 1719 1100 1788 beneficium
1123 1721 1284 1804 condus,

1 1825 2 1836 ²
87 1837 215 1924 oonple;
239 1837 354 1920 sciens,
379 1839 411 1902 te
434 1833 511 1901 baut
534 1834 641 1901 dubie'
664 1835 817 1902 maiorem
840 1835 914 1903 inde
931 1841 1103 1924 perpetuae
1116 1856 1263 1904 remune-

88 1953 221 2021 rationis
244 1950 379 2036 gloriam
403 1950 620 2037 adepturum¹,
643 1950 780 2018 Domino
804 1951 1017 2039 adstipulante
1039 1952 1093 2038 qni
1110 1953 1171 2020 ait:
1198 1952 1265 2035 Qaa‘

84 2073 334 2158 perseveraverit
354 2091 454 2155 oeque
475 2071 510 2133 ia
525 2069 641 2152 straena,
666 2069 715 2134 bic
737 2070 843 2134 colasse
867 2063 952 2134 erati

174 2185 260 2252 Huic
287 2189 392 2252 autem
415 2191 543 2250 nostrae
566 2184 733 2270 parvitatis
757 2183 921 2271 epistolae¹
944 2184 1030 2251 trina
1052 2183 1171 2251 cantati
1193 2203 1261 2250 mo·

87 2301 257 2370 dolaminis
276 2301 427 2383 carmina,
449 2299 533 2367 binis
549 2299 716 2384 generibus
732 2300 864 2386 digesta,
881 2300 1086 2368 subdidimus.
1120 2299 1260 2380 Quorum

87 2419 237 2506 primum,
261 2415 406 2483 dactilico
430 2414 546 2483 heroici
568 2415 724 2503 poematis
748 2421 909 2484 exametro
934 2435 970 2482 ao
993 2415 1132 2502 pedestri
1154 2421 1190 2483 ut
1204 2435 1260 2483 au·

86 2535 195 2601 tbumo
219 2532 330 2616 regula
352 2531 514 2598 enucleate
536 2531 724 2597 trutinatum
749 2536 781 2598 et
803 2533 836 2597 in
860 2533 903 2598 lO
925 2533 1165 2618 coaequantium
1188 2551 1260 2599 vor·

87 2671 178 2718 sunm
207 2647 361 2715 formulas
392 2683 432 2694 -
463 2665 538 2713 oasu
566 2647 613 2713 ita
640 2646 856 2731 obtingenteu
889 2654 922 2714 et
949 2652 985 2713 nt
1012 2647 1117 2715 verius
1145 2647 1259 2731 dicam,

86 2786 223 2854 superne
245 2764 492 2851 dispensationis
508 2767 589 2828 nutu
605 2762 789 2829 moderante
804 2797 846 2808 -
862 2762 1014 2845 divisum3
1038 2764 1167 2831 tertium
1183 2782 1259 2849 quo-

86 2905 154 2969 que,
178 2903 245 2948 non
268 2879 386 2967 pedum
409 2897 557 2946 mensura
580 2877 796 2945 elucubratum
819 2878 884 2962 sed,
908 2880 1051 2946 octonisn
1074 2878 1204 2966 syllabis
1224 2879 1259 2945 in

84 3019 146 3067 nno
175 2996 320 3085 quolibet
347 3016 442 3064 vorsu
471 2994 659 3080 conpositis,
687 3014 751 3060 una
774 2995 945 3081 eademque
967 2995 1074 3062 littera
1095 2993 1259 3082 conparis⁰

83 3117 242 3183 linearum
265 3112 446 3180 tramitibus
471 3115 589 3199 aptata,
613 3111 730 3177 cursim
745 3110 867 3177 calamo
883 3115 1050 3197 perarante
1064 3115 1259 3196 caraxatum,

82 3231 150 3317 tbi,
174 3230 383 3315 sagacissime
402 3220 502 3312 baton,
525 3227 742 3294 transmittens
766 3223 896 3294 dioavi'.
932 3226 1072 3294 Medium
1093 3247 1168 3294 vero
1189 3247 1260 3294 meo

4 3427 5 3436 ἵ
83 3355 200 3434 tuoque
218 3346 329 3414 edenti
346 3343 527 3433 Wynfritho
544 3379 586 3390 --
602 3343 642 3410 de
657 3344 862 3410 transmarini
877 3342 1017 3410 scilicet⁹
1031 3343 1154 3410 itineris
1170 3363 1261 3431 pere·

81 3463 263 3548 grinatione
289 3498 330 3508 —
354 3460 523 3528 simillimis
546 3459 657 3527 itidem
687 3465 855 3526 versuum*
885 3464 918 3525 et
945 3459 1139 3545 syllabarum
1167 3458 1260 3526 lineis

80 3582 274 3664 confectum,
298 3582 519 3664 representans
541 3571 696 3663 porrexi⁸.
733 3575 819 3643 Haeo
840 3574 957 3641 idcirco
981 3580 1103 3642 vestrae
1125 3574 1261 3643 beatitu-

81 3699 164 3764 diuis
197 3693 392 3764 venerandis
423 3693 606 3761 obtutunm'
634 3692 806 3760 luminibus
834 3690 1083 3778 representanda
1109 3691 1177 3759 lore
1205 3711 1261 3758 ne·

81 3815 258 3882 somarium
290 3811 386 3894 duxi,
422 3809 505 3895 quod
534 3815 662 3878 nostrae
690 3809 857 3897 parvitatis
887 3807 1003 3874 iudicio
1033 3807 1164 3892 dignum
1192 3827 1261 3875 esse

157 3991 178 4022 a.
201 3971 282 4021 nnllne
301 3971 328 4020 V.
392 3971 414 4018 b.
437 3970 569 4032 adoptivum
588 3973 614 4018 V.
679 3985 698 4016 c.
720 3969 806 4017 emulor
824 3971 850 4018 V.
915 3968 937 4016 d.
957 3967 1067 4016 cbacinno
1085 3969 1113 4016 V.
1176 3983 1196 4016 s.
1212 3969 1261 4028 opi·

81 4057 133 4102 luti
145 4057 174 4102 V.
241 4052 258 4100 l.
275 4053 430 4112 penuriaeque
441 4051 468 4098 V.
532 4065 553 4110 g.
569 4047 646 4097 tniV.
705 4049 729 4095 h.
746 4050 822 4107 augiae
833 4051 860 4096 V.
919 4050 934 4094 i.
950 4048 1033 4095 dubiae
1046 4049 1072 4094 V.
1128 4047 1151 4094 k.
1168 4048 1261 4107 adapta·

81 4149 127 4182 mn
147 4137 175 4182 V.
251 4133 267 4179 L
290 4132 415 4192 espistolae
435 4132 461 4180 V.
535 4143 564 4176 m.
586 4130 701 4187 obtigcnta
720 4131 746 4177 V.
814 4143 837 4176 n.
858 4129 945 4176 octenis
963 4131 989 4177 V.
1054 4143 1074 4174 ο.
1094 4131 1129 4174 stc
1142 4145 1184 4188 pro
1201 4141 1260 4175 oom-

81 4215 172 4273 mnu
191 4216 220 4262 V.
287 4227 310 4272 p.
332 4211 408 4258 silicet
426 4211 454 4259 V.
517 4224 539 4271 q.
560 4223 684 4256 nuorsnnm
702 4209 729 4256 V.
791 4223 809 4255 r.
831 4209 943 4255 obtutium
962 4211 988 4256 V.

152 4323 176 4375 1.
195 4315 413 4384 meantum.
480 4317 506 4371 2.
524 4315 559 4372 V.
573 4313 644 4370 infra
657 4332 684 4384 p.
694 4313 730 4368 45
742 4328 852 4368 carmen
864 4313 912 4369 IV.
978 4313 1003 4368 3.
1023 4313 1083 4367 Hoc
1095 4311 1130 4366 de
1141 4311 1260 4381 peregri·
1343 4297 1346 4306 ’

83 4410 188 4466 natione
207 4406 396 4464 transmarina
408 4421 527 4475 namen,
545 4402 702 4476 Wynlritho
719 4403 883 4472 dedicatum,
902 4402 1015 4458 evanuit
1030 4399 1259 4471 perincommode.
