3164 4842
416 297 464 346 ax
487 299 642 348 ermom
664 300 742 346 vrrs
766 298 986 348 secession
1218 281 1283 350 501

114 437 175 506 sibi
198 439 343 506 vendicet
364 445 490 526 prester
512 440 618 508 sedem
643 440 864 527 apostolicam,
888 441 935 508 its
955 445 1000 525 nt,
1023 439 1085 508 nisi
1109 440 1149 508 ab
1171 440 1286 510 ebbate

113 557 299 624 monosterii
319 557 416 624 inerit
436 557 599 640 invitatus,
622 577 680 624 neo
702 559 871 624 misserom
886 557 1052 624 sollemnia
1064 557 1183 624 ibidem
1199 559 1285 644 qnis-

113 691 208 757 quem
231 679 415 759 praesumat
436 673 610 757 celebrere,
639 673 695 741 sed
717 673 808 742 inxte
829 673 877 758 id,
906 672 989 758 qnod
1012 672 1187 740 subiectum
1210 693 1285 740 con-

112 793 179 856 stet
206 790 398 875 apostolicae
425 789 507 873 sedi,
535 788 685 857 firmitate
713 789 872 876 privilegii
895 791 1079 858 inconcusse
1100 790 1284 858 roboretum

23 877 29 902 ⁸
111 911 306 992 psmeneet.
340 903 433 974 Locis
461 907 557 974 eb'em
585 907 749 990 ottobon,
778 927 857 992 quas
879 911 945 974 mm
968 905 1118 974 moderno
1140 910 1284 993 tempore

111 1026 200 1088 tenet
227 1022 278 1088 vel
305 1023 462 1109 possidet,
496 1043 590 1109 qnam
619 1042 698 1108 qnos
725 1023 841 1090 futuris
868 1020 1063 1110 temporibus
1091 1023 1154 1090 iuri
1181 1023 1284 1110 ipsius

111 1139 296 1205 monasterii
325 1139 433 1206 divine
458 1140 561 1226 pietas
591 1159 704 1224 engere
727 1138 863 1206 voluerit
884 1159 924 1206 ex
948 1139 1038 1206 donis
1062 1143 1094 1206 et
1117 1137 1284 1206 oblationi-

112 1253 170 1320 bos
194 1253 385 1340 decimisque
407 1254 563 1339 fidelium,
591 1255 708 1342 absque
731 1255 826 1322 ullius
849 1275 1003 1342 personec
1026 1255 1282 1340 menedemus,

110 1367 261 1438 firmitate
283 1377 437 1459 perpetue
458 1373 648 1459 perfruatur.
685 1370 719 1438 Si
740 1377 845 1438 anmm
861 1372 1019 1459 quispiam
1034 1379 1161 1440 nostres
1176 1377 1283 1439 eneto-

110 1484 215 1554 ritab's
238 1493 407 1575 praecepto
428 1509 606 1576 repugnere
628 1488 779 1572 voluerit,
808 1489 996 1556 sententiani
1021 1487 1212 1575 spostolicae
1234 1488 1282 1555 di-

111 1603 293 1688 strictionis,
317 1625 397 1690 quse
418 1606 451 1672 in
473 1604 638 1692 privilegio
659 1624 810 1691 expresse
824 1609 882 1689 est
906 1604 1104 1690 experiatnr;
1128 1609 1160 1672 et
1174 1609 1281 1673 tomen

110 1717 185 1802 boo,
214 1720 297 1804 qnod
321 1721 361 1788 ob
384 1741 524 1788 emerem
546 1721 607 1788 Dei
630 1727 662 1788 et
683 1721 916 1788 venerationem
940 1720 1041 1788 sancti
1064 1718 1150 1786 Petri
1174 1727 1281 1788 eucte-

109 1835 205 1902 ritete
227 1841 336 1904 nostra
356 1835 562 1922 firmavimus,
586 1837 699 1904 stabile
720 1842 916 1924 permaneat,
939 1857 1035 1904 menn
1058 1843 1168 1904 nostra
1188 1837 1282 1904 robo-

109 1955 213 2018 retum
237 1958 269 2019 et
290 1957 356 2020 tem
380 1953 466 2020 ennii
486 1955 588 2020 nostri
607 1954 815 2040 impressione
835 1971 930 2038 quem
944 1950 1086 2020 fidelium
1099 1957 1280 2020 nostrornm

109 2067 333 2155 esb'polationc
355 2069 523 2138 subnixum
532 2068 561 2135 “.

198 2182 337 2253 Eodem¹
351 2191 493 2272 tempore
515 2185 656 2270 contigit
681 2190 716 2252 nt
739 2184 867 2271 quidem
890 2183 1022 2252 clericus
1039 2185 1167 2254 nomine
1181 2185 1280 2253 Adai·

108 2319 174 2386 ger,
198 2299 299 2369 bonae
321 2301 567 2370 conversationis
592 2301 654 2386 vir,
685 2306 794 2369 ssnoto
817 2299 978 2368 Boniieoio
1002 2299 1168 2368 adhereret
1189 2303 1280 2388 eique

107 2415 243 2484 fideliter
276 2418 480 2486 ministraret.
521 2416 598 2484 Post
625 2417 784 2484 modicum
812 2437 886 2485 vero
914 2417 1067 2504 temporis
1095 2416 1280 2486 infirmitate

107 2533 197 2618 mvi
219 2539 347 2620 ceptus,
371 2553 443 2601 enm
466 2554 500 2601 se
522 2534 556 2599 in
579 2534 729 2600 extremis
752 2533 845 2600 huius
867 2533 952 2600 vites
975 2535 1114 2619 positum
1137 2537 1278 2620 sentiret

107 2669 179 2716 cnm
202 2648 333 2718 consilio
356 2650 417 2717 viri
431 2649 502 2734 Dei,
526 2669 728 2736 quaecunque
750 2649 882 2736 praedis
900 2670 940 2718 ex
954 2649 1130 2717 hereditate
1143 2655 1280 2737 peteme

105 2765 226 2851 babuit,
250 2766 290 2832 sd
313 2765 464 2834 Senctnm
479 2765 648 2832 Mertinnm
671 2766 812 2833 tradidit.
849 2765 911 2834 Sed
929 2785 967 2832 eo
983 2763 1139 2850 defuncto,
1162 2767 1278 2835 fratres

106 2883 173 2950 eins
196 2882 353 2969 Asperius
376 2888 409 2950 et
423 2882 594 2948 Trntmunt
616 2883 732 2966 omnin,
756 2901 837 2967 quse
858 2881 991 2948 tradidit
1012 2881 1046 2948 in
1069 2881 1146 2948 locis
1169 2883 1277 2950 subter

104 2999 285 3084 nominatis,
299 2999 334 3065 id
348 3003 398 3065 est
411 2999 452 3065 ed
463 2998 668 3082 Amenebnrg
680 2997 720 3066 ed
731 2997 1005 3066 Breitenbrnnnen
1017 3001 1049 3066 et
1060 2996 1227 3084 Seleheim‚
1242 2998 1277 3066 in

104 3135 195 3184 seem
218 3120 407 3203 potestatem
428 3113 622 3198 redigebant.
657 3113 799 3199 Cumque
821 3133 879 3200 pro
902 3113 961 3180 hec
983 3133 1078 3182 cause
1098 3114 1276 3182 adefonso·

103 3231 192 3300 ribus
215 3231 356 3318 episcopi
378 3232 636 3316 admonerentur,
664 3230 909 3318 responderent,
937 3249 971 3296 se
993 3230 1073 3297 velle
1096 3249 1168 3297 cnm
1189 3231 1276 3298 iurn-

103 3353 211 3417 mento
241 3345 414 3432 affirmare,
445 3347 527 3432 quod
557 3347 664 3414 fretris
689 3345 821 3434 praedic
842 3345 955 3412 merito
978 3346 1038 3414 sibi
1061 3347 1273 3415 vendicarent.

103 3463 163 3532 Gni
185 3465 362 3532 iuramento
386 3464 551 3552 episcopus
575 3483 610 3531 ss
627 3461 797 3530 affuturum
812 3463 967 3548 promisit.
1002 3463 1200 3532 Adveniento
1214 3463 1275 3549 igi-

102 3586 156 3648 tnr
178 3581 230 3647 die
252 3584 372 3648 stetnte
393 3587 426 3648 et
447 3585 637 3664 congregate
658 3577 859 3646 multitudine
882 3580 1010 3666 copiose
1024 3581 1274 3668 propinquorum

102 3717 248 3782 suornm,
276 3702 312 3764 nt
340 3697 532 3785 promissum
555 3697 767 3764 iuramentum
790 3693 999 3783 complerent,
1028 3697 1156 3764 advenit
1177 3698 1273 3766 etiem

102 3813 152 3880 vir
166 3813 228 3880 Dei
251 3813 379 3901 pariter.
415 3812 494 3881 Cum
518 3819 623 3880 entem
645 3812 801 3900 praedicti
822 3812 937 3880 fratros
952 3814 1122 3880 iuramenti
1136 3813 1272 3882 feciendi

102 3929 262 3996 adiutores
291 3949 397 3997 secum
427 3930 467 3996 ed
494 3928 594 3996 eltaro
621 3931 807 4013 traxissent,
837 3929 918 3996 dixit
946 3930 987 3996 ed
1014 3949 1066 3997 ees
1090 3929 1270 4017 episcopus:

108 4047 170 4114 Vos
193 4047 257 4112 soli
276 4051 389 4127 taraco,
413 4050 443 4112 sc'
463 4047 574 4123 sulm
603 4045 687 4126 eolo,
711 4059 747 4112 ot
769 4069 873 4112 eomes
894 4047 950 4114 dos
973 4061 1175 4134 eoaprspotos
1192 4067 1269 4133 per·

100 4165 195 4230 dorse.
231 4162 277 4229 At
298 4161 356 4246 illi,
379 4161 458 4228 nibil
481 4168 650 4245 merentes,
673 4137 885 4230 iuramentum
908 4162 1057 4230 iecerunt
1093 4160 1160 4240 Quo
1175 4162 1269 4246 fecto,

101 4279 268 4366 episcopus
291 4277 373 4345 dixit
395 4278 435 4344 ed
449 4277 536 4344 iilos:
560 4278 717 4345 Iurasset?
749 4277 809 4358 Qui
823 4277 1064 4366 respondentes:
1088 4277 1268 4346 locavimus

174 4411 197 4464 l.
222 4407 263 4464 (ti.
282 4409 441 4465 Pessionem
459 4407 487 4464 S.
499 4407 630 4467 Bonifatii
647 4425 730 4482 supra
745 4427 773 4483 p.
786 4411 847 4466 476.
