3176 4846
532 267 612 318 Vm
634 268 829 318 susumus
850 267 876 317 11

163 429 208 477 roo
230 410 291 480 Hie
312 409 474 499 spooulum
496 409 572 477 oleri
595 415 721 497 poterat
741 409 886 494 puerulo
908 410 1019 494 alieri,

232 548 303 594 eum
327 547 431 594 seeum
454 527 562 593 variae
583 526 673 594 doles
696 545 810 593 venem
832 526 970 614 sophias.
1020 542 1023 552 ·

232 643 320 710 Touo
341 663 398 732 per
420 639 651 725 Muellerum)
673 641 825 709 rutilabat
845 642 954 709 lumen
977 647 1132 728 apertum,

231 763 300 826 tola
321 765 485 847 poetarum
507 759 596 826 uenit
617 777 669 825 ars
692 764 725 825 el
745 775 858 824 norma
881 757 1046 826 aeduum.

233 873 304 942 Non
325 875 359 942 iu
382 874 535 962 capsella,
559 879 608 940 sel
629 874 733 941 eordis
754 873 819 940 ixa
839 872 966 958 labella,

166 1007 211 1057 ras
235 989 379 1058 allutea
399 1009 524 1058 morum
546 1009 653 1057 seeum
675 1007 807 1056 oeusura
829 989 1000 1057 bonorum:

233 1112 265 1174 et
287 1107 380 1174 deoor
402 1113 435 1174 st
452 1107 612 1193 probitas,
634 1105 826 1190 reverentia,
851 1105 954 1190 zalus,
978 1105 1135 1189 honoras,

234 1229 364 1290 venerut
384 1229 417 1290 so
438 1239 544 1290 seeum
567 1223 632 1306 ius,
655 1221 793 1305 utililas,
817 1221 933 1306 honor,
957 1241 1101 1307 aequum.

277 1338 414 1425 Postque
436 1337 503 1406 dies
526 1357 643 1426 pauoos
665 1338 778 1424 patriis
800 1338 834 1404 in
857 1336 971 1404 fluibus
993 1343 1081 1404 astos

234 1455 342 1542 presul
362 1455 588 1538 A(delbertoa)‚
612 1455 696 1521 bona
717 1455 907 1541 persuadere
929 1453 1076 1537 diarius,
1098 1493 1100 1498 .

168 1589 214 1638 roo
236 1590 297 1657 quo
320 1571 482 1657 provisore
505 1569 668 1654 Mogontia
689 1571 789 1638 orarit
810 1570 939 1652 honore,

235 1688 336 1755 suasit
356 1686 528 1754 Adelberlo
550 1687 656 1753 iuraui
678 1705 823 1754 sermore
845 1686 978 1754 oleato:

235 1803 361 1871 deseras
380 1807 418 1868 ut
437 1803 591 1889 paulam,
613 1821 744 1889 paragra
765 1802 925 1887 querendo
949 1800 1103 1888 sophiam,

235 1925 268 1988 ol
288 1919 422 2003 logioam
445 1918 561 2004 diseat,
584 1935 636 1985 ars
658 1937 698 1984 ne
721 1923 870 2005 poroepla
892 1917 1027 1985 fatiscat.

279 2034 361 2102 Nam
383 2033 464 2102 solel
485 2033 592 2118 evelli,
616 2033 696 2102 solet
718 2039 751 2101 ot
772 2034 811 2102 de
833 2039 960 2120 peotore
983 2029 1059 2120 pelli

170 2169 216 2217 rso
238 2171 302 2218 nou
325 2150 485 2218 mammon
507 2149 626 2217 habens
647 2149 769 2234 fragilis
792 2149 963 2238 sapientia,
986 2148 1107 2233 labeus,

236 2269 279 2335 sil
301 2268 362 2335 uisi
384 2265 509 2334 firmuis
530 2266 650 2350 logioao
671 2265 723 2333 uel
744 2264 832 2332 olavo
854 2270 967 2332 serula

237 2383 373 2468 Stringit
393 2383 477 2450 euim
500 2382 589 2450 olore
611 2382 730 2449 dietum
753 2381 900 2449 dialoioa
922 2399 1030 2468 praue,

236 2499 269 2566 in
292 2498 405 2566 melius
427 2499 565 2567 referens
588 2499 649 2566 sibi
671 2517 735 2565 uon
757 2498 881 2565 ralioue
903 2497 1063 2566 coherens.

235 2613 296 2683 Ere
317 2616 434 2684 sienim
456 2615 554 2684 daris
576 2615 695 2699 logioae
718 2614 862 2682 doetriua
884 2615 1001 2698 suavis,
1140 2627 1142 2632 “

171 2751 216 2798 roo
239 2736 493 2816 argumentorum
517 2732 691 2798 consistens
714 2731 747 2798 ri
767 2729 951 2814 logioorm

238 2849 345 2915 omnia
366 2845 532 2914 verborum
556 2847 772 2931 mustuugens
796 2844 884 2913 olavo
906 2864 1051 2929 suorum3

237 2969 394 3051 temperat
416 2968 557 3046 austera,
579 2962 658 3029 fauit
678 2960 852 3030 eluoosoere
873 2981 959 3048 vera,

237 3079 316 3148 haee
336 3079 416 3148 boue
439 3098 604 3146 secernens
627 3096 647 3143 a
667 3077 772 3163 falsis,
795 3083 929 3164 uaeque
951 3095 1081 3145 oeruous

239 3195 362 3264 uolenti
383 3195 480 3280 faeie,
504 3213 575 3262 oum
599 3195 641 3260 sil
661 3213 737 3282 pars
759 3194 864 3280 prima
887 3193 1031 3282 Sophiae.
1097 3201 1098 3206 ’
1176 3185 1181 3192 ’

171 3330 217 3379 ros
239 3312 382 3398 Namque
405 3311 507 3378 soiem
530 3316 630 3378 erlem
652 3310 728 3378 ierit
749 3309 927 3398 obpositam
949 3309 1010 3378 sibi
1031 3312 1154 3398 pariam

239 3433 272 3496 ol
291 3427 390 3496 uiohll
412 3428 529 3515 opponi
552 3427 629 3494 sinit
650 3428 830 3514 oppositum
852 3427 978 3512 rationi,

240 3544 323 3629 quod
344 3563 409 3611 nou
432 3543 599 3628 dissolvat,
613 3562 695 3610 eum
716 3542 936 3631 respondenda
957 3542 1113 3625 revolvat3

238 3677 351 3745 resque
373 3657 548 3728 oaulluudo
570 3660 692 3726 ratione
715 3660 764 3727 vel
787 3664 855 3726 urle
876 3657 1050 3746 probando,

238 3775 355 3860 ingerit
376 3795 541 3863 expresse,
566 3775 650 3862 quod
670 3774 740 3841 rull
760 3795 825 3841 uon
847 3795 917 3843 esse
939 3775 990 3842 sel
1013 3795 1092 3860 esse,

170 3907 217 3957 roo
238 3891 338 3960 donee
359 3893 519 3977 matur,
541 3890 701 3958 oouuaria
721 3891 776 3977 qui
797 3892 978 3958 meditatur.

285 4007 372 4076 Haeo
394 4007 449 4075 ubi
472 4026 547 4095 sepe
569 4007 669 4075 bouus
690 4008 815 4074 monuit
836 4008 1007 4096 repetendo
1029 4011 1192 4094 patronus,

238 4123 345 4192 nobile
366 4142 420 4192 oor
441 4124 564 4191 iuvenis
586 4122 676 4191 flexit
696 4125 860 4210 persuasio
882 4123 972 4191 lonis.

283 4239 369 4326 Ergo
391 4240 551 4308 laboratae
573 4245 678 4308 restes
699 4245 773 4307 sunl
795 4245 863 4308 arlo
883 4245 1025 4328 paulae,

177 4439 179 4444 Ι
241 4376 317 4424 auro
339 4356 510 4442 fumantes,
533 4357 684 4424 iuvenilia
706 4356 848 4424 membra
869 4356 1029 4438 deueniss3
