3142 4848
334 260 506 308 crumocr
529 260 771 310 unnooronun
793 261 1077 310 nocununeoaun
1268 249 1285 312 7

119 401 296 488 palentinus
319 400 415 486 Reni,
444 402 622 470 adherendo
645 403 772 469 domino
794 402 945 470 Diethero
968 403 1125 488 predicto,
1150 409 1289 470 castrum

120 517 334 600 Starkenborg
356 537 428 583 eum
451 518 554 602 opidis
568 516 746 604 Bensheym
772 523 804 584 et
817 517 1044 605 Heppenheym
1059 518 1208 600 obtinuit;
1233 519 1288 585 do-

118 633 195 698 mini
215 653 291 698 vero
314 632 455 698 marchio
477 629 649 700 Badensis¹
664 629 881 717 Wirtenberg¹
904 640 936 699 et
958 633 1124 719 episcopus
1147 631 1288 700 Methon-

3 793 4 810 r
118 743 176 814 sis²
198 753 331 834 proptor
354 747 534 814 adesionom
558 747 677 814 domini
693 747 834 834 Adolphi
855 768 913 834 per
934 749 1077 815 dominos
1091 747 1288 834 palentinum

3 911 4 932 r
118 871 148 930 et
168 861 358 930 Dietherum
387 869 460 930 ante
485 863 728 947 Heidelbergam
755 862 965 950 personaliter
992 865 1026 929 in
1055 864 1175 950 campis
1204 866 1288 950 eapti

3 1019 4 1022 =
117 975 206 1046 sunt⁴
228 983 262 1045 ct
290 979 468 1046 carceribus
490 979 524 1046 in
546 978 757 1063 Heidelberga
779 979 961 1066 mancipati.
997 978 1132 1067 Propter
1155 999 1289 1065 quorum

117 1095 333 1180 captivitatem
350 1099 382 1161 et
397 1094 619 1162 relevationem
634 1094 875 1181 indempnitatis
892 1095 1023 1160 ecclesia
1038 1094 1139 1161 multa
1151 1095 1290 1181 dampna

117 1211 275 1276 sustinuit
310 1210 429 1276 Verum
458 1215 490 1277 et
517 1211 557 1277 de
585 1229 666 1276 anno
695 1210 825 1276 Domini
851 1213 935 1276 1462
965 1211 999 1275 in
1027 1211 1078 1277 die
1107 1216 1289 1277 sanctorum
1317 1223 1386 1278 1462

116 1325 254 1392 Simonis
283 1331 317 1393 et
338 1323 414 1392 lude
444 1325 658 1412 apostolorum
681 1327 792 1392 civitas
815 1325 1002 1411 Magantina
1024 1346 1081 1412 per
1103 1327 1289 1394 adherentes
1306 1295 1355 1342 ⁰⁰ss
1368 1299 1398 1342 2⁸

115 1441 241 1508 domino
264 1440 414 1528 Adelpho
440 1447 533 1528 capta
555 1441 624 1507 fuit.
660 1440 729 1519 Qua
750 1463 785 1508 re
809 1441 954 1508 dominns
978 1439 1142 1528 Adolphns
1164 1463 1289 1530 posses-

115 1559 235 1623 sionem
266 1555 398 1624 ecclesie
419 1556 603 1640 Magantine
634 1557 770 1623 obtinuit
793 1563 825 1624 et
848 1557 1102 1644 archiepiscopus
1126 1577 1289 1624 consecra

114 1679 163 1738 tus
193 1673 269 1754 fuit3
300 1672 445 1738 dominus
473 1677 578 1740 sutem
601 1672 771 1740 Dietherus
800 1679 904 1740 castra
926 1673 1020 1740 Hoist
1043 1671 1234 1760 Steynheym
1258 1679 1290 1740 et

113 1787 257 1876 Diepurg
278 1788 318 1855 de
341 1808 495 1856 consensu
516 1793 645 1876 patrum
666 1789 701 1854 in
724 1789 789 1855 vim
804 1789 1042 1877 compositionis
1059 1790 1098 1856 ad
1114 1790 1213 1856 vitam
1229 1789 1289 1856 sibi

112 1905 297 1972 reservavit.

185 2063 208 2116 1.
234 2060 359 2116 Carolus.
431 2062 457 2114 2.
481 2059 588 2115 Ulricus
601 2059 626 2116 V
640 2074 732 2115 comes
743 2059 1002 2130 Wirtenbergensis.
1072 2063 1098 2115 3.
1117 2059 1253 2131 Georgius
1265 2061 1287 2116 1.

112 2151 137 2205 4.
158 2150 187 2206 d,
206 2147 470 2205 sulcatorias.
498 2149 532 2205 V.
551 2147 639 2204 Statio
657 2147 849 2218 Wirtcmborg.
868 2147 1033 2204 Gosohichte
1051 2149 1163 2204 111537.
