3164 4842
491 325 679 374 nrunonrne
700 327 747 374 nn
770 326 796 374 s.
814 325 944 375 snvnno
1234 309 1300 378 mo

134 463 249 548 orfitus,
273 465 402 552 proprio
424 476 495 536 eas·
518 467 656 550 signarit
677 467 790 550 sigillo.
873 466 967 536 Mane
982 471 1088 536 autern
1102 468 1196 553 laeto,
1219 467 1300 534 Hilti
1319 477 1371 532 see

133 585 167 648 et
187 579 343 666 praedicti
364 583 495 650 eomites
517 583 558 650 ad
579 583 774 650 mansionem
797 583 919 668 Otgarii
943 589 1170 668 convenerunt,
1198 585 1301 669 quati·

132 811 269 880 oorditer
295 824 491 899 peragerent
527 814 668 900 Cumque
696 815 880 882 introissent
902 815 1075 901 oellulaml,
1099 816 1153 884 ubl
1175 821 1302 884 sanotae

132 927 167 994 in
189 929 331 996 seriniis·
354 930 560 998 servabantur
581 931 743 1016 reliquiae,
766 930 877 998 horror
900 937 932 998 et
954 932 1049 1000 timor
1070 932 1187 999 nimius
1208 931 1303 999 irruit

132 1061 228 1130 super
251 1065 314 1129 eos,
337 1045 384 1112 ita
405 1053 442 1112 ut
462 1053 598 1114 tremore
621 1047 733 1130 agitati
754 1047 809 1114 vix
830 1046 1014 1114 residerent.
1050 1046 1133 1127 Quos
1154 1047 1302 1133 otgarius

132 1159 292 1246 pallentes·
315 1166 347 1228 et
375 1162 570 1248 trepidantes
599 1163 708 1230 ridens
735 1163 957 1248 interrogarit,
987 1183 1068 1249 quae
1096 1181 1191 1232 eausa
1219 1167 1303 1230 esset

131 1276 213 1342 tsuti
235 1277 368 1344 timoris.
402 1277 448 1344 At
467 1278 530 1344 illi:
554 1279 706 1346 Forsitan
728 1279 875 1363 inquiunt
896 1283 932 1345 eis
954 1281 1013 1346 tac
1036 1281 1190 1367 lepats'one
1203 1281 1303 1365 finem

131 1391 224 1458 saue
246 1397 329 1460 ottae
350 1417 457 1460 werrae
479 1396 633 1472 ameum
655 1418 731 1462 nane
752 1417 808 1460 nee
830 1409 940 1462 eontra
962 1397 1062 1464 loeta
1084 1399 1120 1462 ἐπ
1142 1397 1220 1462 dello
1243 1419 1302 1483 po-

130 1511 206 1574 es'toe
229 1510 303 1576 tale'e
325 1523 489 1596 tantaeque
511 1514 605 1576 timor
626 1533 684 1576 noe
705 1533 857 1597 amquam
870 1516 995 1578 invasit.
1068 1512 1177 1580 Nolite
1199 1511 1304 1596 inquit

132 1622 281 1706 olgerius
309 1629 431 1703 ἄφωνα
462 1627 567 1692 aalma
595 1631 678 1692 enim
705 1630 740 1692 in
770 1628 827 1694 doe
855 1632 982 1710 itiam,
1013 1628 1084 1694 Deo
1111 1651 1169 1694 esee
1196 1641 1302 1715 prote·

129 1754 230 1826 pente,
251 1745 410 1828 portemur
432 1745 604 1828 oopustioe.
640 1741 707 1812 Sed
727 1746 758 1808 ee'
777 1743 872 1810 vultu
885 1757 1048 1831 praearoer
1069 1747 1221 1831 arripere,
1246 1767 1301 1830 epo

130 1858 237 1922 diram
258 1859 345 1924 eolre
368 1881 496 1924 eoseum
519 1860 611 1924 laius
634 1861 765 1926 timoris.
800 1860 956 1926 Heetmso
980 1863 1098 1948 que'prpe
1120 1863 1172 1926 die
1186 1861 1303 1926 allatae

131 1986 204 2039 suot
231 1974 311 2038 miti
337 1987 516 2042 sommum
543 1976 715 2061 reliquiae,
747 1997 826 2061 qaae
853 1997 948 2062 peres
977 1999 1026 2042 me
1055 1979 1090 2041 ia
1113 1977 1301 2068 aristolao

129 2091 274 2166 εονὺιίὼς
305 2091 418 2175 quidue
441 2093 592 2176 quoniam
614 2092 674 2157 leae
695 2093 903 2178 inprede'entee
927 2094 1119 2178 oondo’ymrm
1140 2113 1205 2158 ooo
1223 2113 1301 2179 pre-

130 2203 240 2270 moa
264 2207 426 2288 maan,
455 2211 565 2274 meato
589 2210 744 2274 eamear
766 2210 802 2272 io
825 2212 976 2274 umorem.
1013 2207 1058 2273 At
1081 2206 1130 2272 illi
1149 2206 1228 2272 haee
1247 2227 1302 2272 au·

130 2318 253 2388 dientes
281 2341 383 2405 genua
411 2320 541 2390 flectunt
569 2327 615 2406 et,
645 2322 705 2388 sibi
734 2343 888 2409 prospere
917 2324 1042 2390 evenire
1071 2343 1129 2410 per
1152 2321 1303 2406 suffragia

130 2443 326 2521 sanatorum,
351 2438 560 2524 postulabant.
652 2435 742 2516 Quod
764 2445 797 2504 et
819 2440 937 2506 laetum
961 2446 1017 2506 est.
1053 2438 1135 2506 Nam
1159 2438 1303 2524 sequenti

129 2552 183 2620 die
205 2552 443 2621 aHluothario‘¹
466 2553 634 2620 honodfioe
657 2555 795 2640 suseepti
818 2559 907 2636 sunt3
931 2561 963 2622 et
983 2555 1142 2640 legatione
1164 2560 1302 2642 peraeta

129 2669 195 2734 voti
211 2675 371 2756 eompotes
385 2671 547 2738 redierunt
562 2670 601 2736 ad
617 2671 850 2756 imperatorem,
867 2671 920 2756 qui
938 2672 1067 2738 miserat
1082 2689 1145 2738 eos.
1206 2670 1302 2738 Prae·

129 2785 231 2852 diotus
254 2793 359 2853 autem
381 2785 472 2852 Felix
495 2806 566 2853 oum
590 2787 683 2852 sooiis
706 2787 801 2870 suis·,
831 2787 967 2872 eeoeptis
997 2786 1036 2852 ab
1060 2785 1189 2870 Otgario
1213 2787 1301 2870 equis

129 2907 162 2968 et
180 2901 251 2968 aliis
267 2902 472 2986 muneribus¹‚
495 2903 578 2968 inter
594 2901 736 2968 homines
752 2902 837 2968 illius
852 2901 1012 2985 ladtans‘,
1036 2902 1074 2968 de
1090 2901 1182 2968 ltalia
1197 2921 1301 2985 egres-

128 3038 183 3084 sus
206 3019 273 3086 esth
296 3025 328 3085 et
350 3019 406 3085 sie*
429 3019 580 3086 Italorum
604 3023 810 3105 praeparatas
834 3017 1004 3084 devitavitk
1026 3017 1169 3084 insidias.

219 3133 368 3218 Otgarius
397 3155 487 3218 varo,
520 3139 649 3221 peraeta
677 3133 857 3218 legatione,
886 3134 925 3199 de
952 3133 1069 3220 palatio
1099 3132 1300 3220 imperatoris

128 3249 362 3333 Mogontiacum
389 3251 532 3334 veniens,
563 3257 769 3318 saneurumr
792 3249 941 3333 reliquias
965 3269 1035 3316 oum
1059 3269 1184 3317 summa
1208 3269 1301 3315 vene·

128 3365 251 3434 ratione
279 3366 397 3451 suseipi
425 3387 445 3432 e
472 3367 555 3434 olero
584 3372 617 3434 et
642 3366 760 3453 populo
784 3367 955 3451 praeoepit
995 3364 1062 3443 Quo
1085 3365 1204 3449 fartor,
1229 3385 1302 3431 osse

128 3482 230 3550 saneti
245 3481 354 3548 Severi
377 3482 467 3548 iuxta
489 3483 587 3550 altare
607 3483 709 3550 saneti
723 3480 840 3548 Albani
855 3481 889 3546 in
905 3480 1007 3546 looulo
1024 3481 1139 3567 posuit,
1163 3487 1195 3548 et
1210 3500 1300 3548 sano-
1321 3567 1324 3572 Ι

128 3603 180 3666 tae
198 3597 382 3666 Vineeutiae
405 3599 445 3666 ad
469 3598 639 3666 australem
662 3598 799 3684 plagam,
825 3603 1014 3682 sanctaeque
1036 3596 1236 3664 innoeentiae
1260 3597 1300 3664 ad

128 3713 406 3800 septentrionalem
428 3714 573 3801 plagamn
596 3714 736 3780 eiusdem
760 3713 938 3796 aecclesiae,
962 3718 998 3779 ut
1019 3713 1053 3778 in
1074 3713 1179 3798 priore
1194 3712 1299 3780 libello

127 3830 263 3918 praefati
286 3851 403 3914 sumus,
427 3831 676 3898 honestissimis⁰
699 3831 732 3896 in
755 3829 832 3896 loeis
855 3831 946 3897 iuxta
968 3827 1092 3912 singula
1108 3827 1221 3896 altaria
1236 3828 1299 3894 ool·

125 3946 253 4030 loeavit,
269 3948 456 4014 construatis
472 3947 606 4033 desuper
620 3945 752 4030 lectulis,
777 3966 855 4032 quos
871 3944 998 4012 vestivit
1012 3963 1089 4013 auro
1104 3949 1136 4011 et
1151 3949 1297 4028 argentm

128 4063 210 4130 deut
231 4083 331 4148 usque
354 4064 414 4130 huo
436 4063 635 4130 sernentibus
658 4062 766 4146 liquet

201 4210 222 4244 ι.
241 4209 269 4244 es
284 4215 304 4244 e.
370 4196 393 4243 b.
415 4195 495 4244 oollam
510 4198 546 4243 ed.
612 4209 632 4243 o.
652 4197 676 4242 in
692 4195 782 4242 scriniis
798 4213 841 4241 oss.
858 4213 877 4240 e.
940 4193 963 4240 d.
982 4193 1090 4240 Lethario
1106 4193 1143 4240 ed.
1206 4205 1227 4238 e.
1247 4205 1297 4238 ourn

128 4277 197 4324 roelir
213 4277 261 4324 sais
278 4293 320 4322 om.
336 4295 356 4323 c.
434 4275 450 4322 i.
471 4277 494 4323 et
509 4275 561 4322 eliis
577 4275 707 4322 muneribus
724 4293 766 4322 om.
783 4293 803 4321 e.
883 4287 903 4331 g.
925 4273 1041 4320 latitantes
1058 4274 1093 4320 ed.
1167 4271 1189 4318 ln.
1211 4272 1297 4329 egressi

128 4359 181 4404 sunt
195 4357 233 4404 ed.
325 4357 340 4403 i.
361 4357 395 4404 eie
411 4373 453 4402 om.
469 4356 506 4401 ed
598 4354 621 4402 ln
642 4355 799 4402 devitaverunt
814 4355 850 4400 erl.
943 4354 960 4400 l.
979 4355 1072 4411 pernota
1087 4352 1200 4410 legatione
1217 4369 1260 4398 ors.
1276 4370 1297 4398 e.

129 4449 157 4483 m.
178 4439 307 4484 sueorum
322 4459 344 4466 -
358 4437 419 4482 hoto
435 4453 477 4481 orn.
494 4453 514 4482 e.
591 4449 614 4480 n.
635 4451 678 4480 om.
694 4435 730 4482 ed.
809 4447 831 4478 o.
851 4433 1019 4480 honestissimis
1034 4456 1058 4464 -
1072 4432 1152 4480 uaria
1168 4449 1211 4478 ou.
1226 4450 1247 4478 e.

1022 4516 1084 4574 33*
