3142 4848
317 239 360 306 58
566 257 593 304 s.
609 255 786 304 mamam
807 258 852 304 nr
873 257 976 306 nuum
997 257 1184 306 memnonis
1207 259 1238 306 1o

157 400 299 458 tlt-⁷18
318 398 510 486 splendoris,
539 397 713 485 stupendae
739 397 945 482 longitudinis
974 403 1007 466 et
1029 398 1205 466 altitudinis
1226 399 1397 468 inmensae.
1440 397 1478 466 Et

318 519 443 580 sanctos
473 512 601 597 angelos
629 514 766 579 dixisse:
797 515 886 580 Haec
913 528 958 580 est
984 518 1067 581 oraim
1093 516 1152 582 aa
1178 529 1289 582 sonata
1317 528 1347 582 et
1374 515 1479 582 1111111

317 633 444 711 deitas,
469 631 609 696 caelestia
631 630 848 712 Hieracem,
872 635 906 696 ia
931 651 995 716 qud
1016 634 1095 698 eatae
1114 631 1338 718 perpetualiter
1360 643 1479 698 ecanae

313 747 495 833 pandebant
523 749 657 812 animae.
747 744 820 812 lllas
849 746 957 830 itaque
992 746 1113 812 animas
1146 751 1179 812 et
1210 746 1302 812 istius
1329 744 1479 830 gloriosae

315 861 453 928 deitatis
482 880 605 944 muros,
635 861 675 926 ad
703 881 798 946 quam
825 865 899 947 post
925 862 1096 930 transitum
1121 860 1259 928 fluminis
1281 861 1479 943 festinabant,

315 981 382 1042 tam
404 995 520 1059 magna
541 977 677 1043 inmensi
699 977 828 1043 luminis
851 977 994 1044 claritate
1017 982 1050 1044 et
1062 976 1184 1060 fulgore
1199 976 1400 1064 splendentes
1415 995 1480 1044 eme

316 1091 407 1175 dixit,
431 1096 476 1176 ut,
500 1091 709 1158 reverberatis
731 1091 893 1159 oculorum
916 1093 1056 1181 pupillis,
1078 1113 1137 1180 pro
1153 1092 1251 1160 nimio
1268 1091 1436 1179 splendore
1449 1092 1481 1158 in

316 1227 369 1274 eos
391 1207 572 1274 nullatenus
594 1209 735 1293 aspicere
756 1209 921 1295 potuisset

403 1323 553 1389 Narravit
580 1341 718 1408 quoque,
749 1323 789 1389 ad
816 1323 906 1389 illum
934 1329 1120 1391 merentum
1149 1323 1233 1390 inter
1259 1322 1336 1390 alias
1359 1322 1482 1390 vennae

315 1438 478 1506 cuiusdam
499 1437 635 1504 hominis
659 1440 807 1522 animam,
831 1441 885 1524 qui
906 1441 941 1506 in
963 1440 1086 1508 abbatis
1109 1437 1211 1506 officio
1234 1438 1398 1506 defunctus
1419 1444 1482 1520 est3

316 1574 395 1640 quae
424 1555 566 1642 spaciosa
592 1553 688 1620 nimis
717 1559 749 1620 et
775 1554 915 1624 formosa
945 1575 1014 1623 esse
1036 1556 1105 1622 visa
1130 1559 1188 1622 est.
1228 1553 1330 1632 Quam
1351 1553 1484 1637 maligni

315 1670 445 1757 spiritus
464 1670 624 1756 rapientes
644 1669 875 1737 contendebant
889 1673 982 1737 sortis
998 1691 1106 1738 eorum
1122 1675 1155 1738 et
1168 1669 1359 1736 condicionis
1374 1669 1483 1736 fuisso.

314 1784 488 1872 Respondit
510 1804 585 1868 ergo
608 1805 688 1851 nnus
713 1805 751 1852 ex
768 1785 863 1852 choro
879 1785 1062 1870 angelorum
1077 1787 1199 1854 dicens:
1225 1785 1412 1853 Ostendam·
1427 1807 1483 1852 vo-

314 1902 362 1969 to
390 1905 467 1982 etto,
496 1904 668 1967 miserrimi
692 1905 839 1990 spiritua,
873 1905 950 1989 qaia
971 1916 1090 1970 vestm
1108 1904 1271 1990 potestates
1294 1904 1403 1968 ancora
1425 1901 1487 1968 tlte

308 2018 467 2106 probata·
488 2039 553 2082 ooo
575 2039 648 2082 esee.
682 2015 726 2083 Et
747 2017 797 2084 his
820 2017 922 2102 dictis,
949 2024 1080 2105 repente
1101 2018 1273 2085 intervenit
1292 2037 1411 2100 magna
1432 2036 1486 2083 co-

312 2131 405 2200 hors*
428 2131 634 2199 candidarum
663 2132 855 2218 animarum,
886 2153 966 2219 quae
991 2132 1153 2202 dicebant:
1185 2132 1301 2201 Senior
1323 2146 1351 2200 et
1371 2135 1485 2200 domos

312 2263 418 2316 aester
431 2249 503 2335 soit
523 2251 597 2329 iate,
626 2260 656 2314 et
675 2271 734 2314 ace
757 2271 861 2315 moneo
883 2271 940 2316 eoo
954 2253 1141 2337 mapdeerio
1165 2249 1304 2317 lucratae
1325 2263 1371 2317 cot
1390 2249 1486 2327 Deo,·

314 2378 344 2432 et
364 2366 423 2430 doc
439 2367 544 2452 pretio
568 2365 744 2451 redonatiaco
768 2379 825 2446 eat,
854 2379 882 2432 at
903 2369 999 2432 cesai
1017 2369 1099 2432 iord
1121 2389 1186 2433 ooo
1208 2388 1271 2432 esse
1293 2368 1485 2446 dinoscitur,

314 2484 363 2548 et⁶
386 2479 477 2565 quasi
499 2497 571 2546 cum
595 2479 714 2563 angelis
738 2486 848 2547 ccntm
868 2481 1036 2548 daemones
1053 2501 1192 2569 pugnam
1206 2479 1333 2548 inirent
1366 2481 1412 2548 Et
1427 2481 1488 2548 ad·

313 2594 462 2662 miniculo
492 2594 674 2678 augelorum
702 2596 872 2683 eripientes
899 2595 988 2664 illam
1012 2597 1151 2664 animam
1173 2597 1212 2664 de
1234 2601 1389 2684 potestate
1412 2617 1489 2664 ma

312 2709 471 2794 lignorum
493 2710 662 2797 spirituum
679 2710 901 2780 liberaverunt
935 2711 1064 2780 Etcum
1078 2714 1245 2800 increpans
1261 2712 1389 2797 angelus
1405 2713 1489 2780 dae-

312 2845 421 2893 mones
451 2825 549 2893 dixit:
580 2827 697 2895 Scitote
719 2830 812 2895 modo
842 2842 871 2896 et
896 2829 1076 2916 tntetleyite,
1107 2832 1193 2916 qaod
1220 2832 1360 2896 animum
1386 2831 1490 2896 atam

312 2946 379 3008 a'eso
405 2947 475 3009 iare
501 2946 672 3031 capadoces
702 2958 732 3010 et
758 2947 920 3026 decadae,
949 2948 1121 3011 maaianai
1140 2948 1288 3033 spiritus,
1317 2948 1353 3012 ia
1374 2947 1491 3032 ionem

312 3072 480 3125 amara.
571 3057 650 3125 Onm
672 3079 747 3125 voro
770 3059 829 3126 hoc
850 3059 984 3126 dixisset
1005 3059 1145 3144 angelus,
1168 3060 1240 3127 ilico
1263 3059 1395 3144 maligni
1415 3061 1491 3149 spi·

311 3174 392 3239 ritus
419 3172 605 3241 levaverunt
632 3173 740 3241 fletum
768 3180 801 3242 et
828 3175 981 3241 ululatum
1008 3195 1174 3260 maguum3
1203 3176 1237 3242 in
1264 3181 1429 3244 momento
1456 3183 1494 3246 et

313 3289 403 3373 qnasi
429 3289 463 3355 in
485 3290 550 3356 ictu
573 3286 672 3357 oculi¹
694 3291 815 3378 pernici
837 3289 944 3358 volatu
965 3292 1126 3359 iactabant
1148 3312 1182 3358 se
1202 3291 1237 3358 in
1260 3312 1358 3378 supra
1378 3291 1494 3360 dictos

311 3409 423 3492 puteos
446 3404 529 3488 ignis
553 3407 707 3488 ardentis;
732 3411 764 3472 et
785 3413 859 3492 post
873 3406 1031 3474 modicum
1047 3407 1250 3474 intervallum
1265 3407 1388 3490 emersi,
1413 3427 1494 3477 ccr-

311 3525 415 3586 tantes
438 3521 471 3587 in
493 3519 548 3586 illo
571 3527 727 3588 conventu
748 3522 863 3587 iterum
881 3523 920 3588 de
936 3522 1111 3590 animarum
1127 3523 1248 3590 meritis
1263 3523 1493 3610 disputabant.

400 3635 444 3702 Et
465 3635 661 3704 diversorum
681 3637 796 3704 merita
809 3637 981 3723 hominum,
1004 3639 1038 3704 in
1052 3637 1193 3705 haesita
1206 3640 1494 3727 commorantium,

311 3750 437 3818 dicebat
457 3771 492 3818 se
513 3751 568 3818 illo
590 3753 625 3819 in
647 3757 789 3838 tempore
811 3753 967 3840 speculari
989 3755 1140 3841 potuisse.
1173 3753 1217 3822 Et
1237 3753 1320 3841 illos,
1344 3755 1398 3840 qui
1413 3775 1496 3824 ace-

310 3866 428 3935 lcribus
451 3867 580 3935 obnoxii
601 3887 665 3934 non
686 3867 814 3934 fuerunt
835 3874 868 3936 et
889 3871 953 3956 qui,
977 3870 1093 3936 sanan
1108 3870 1278 3938 virtutibus
1298 3871 1382 3954 freti,
1404 3891 1496 3958 pro-

309 3984 425 4070 pitium
453 3984 702 4070 omnipotentem
729 3982 834 4050 Deum
861 3984 1008 4052 habuisse
1034 3985 1260 4071 noscebantur,
1290 3987 1329 4054 ab
1358 3989 1497 4071 angelis

311 4119 437 4188 sempor
459 4104 545 4166 tutos
568 4119 606 4167 ac
629 4100 787 4185 defensos,
818 4107 851 4168 et
872 4101 918 4168 eis
940 4101 1071 4169 caritate
1094 4107 1127 4168 et
1146 4104 1383 4190 propinquitate
1405 4121 1500 4174 con-

381 4256 402 4290 a
423 4241 576 4290 Ostendemus
593 4244 619 4289 C.
696 4241 720 4290 b.
740 4241 822 4290 choors
838 4244 896 4292 MV.
974 4257 994 4291 c.
1014 4246 1038 4290 et
1053 4245 1167 4292 Mamm
1183 4255 1216 4292 ere
1231 4247 1256 4292 ta
1272 4247 1298 4294 C.

381 4348 406 4402 1.
431 4349 446 4402 1
460 4345 581 4403 00111111.
596 4347 637 4418 15,
650 4347 698 4402 52:
719 4347 772 4418 „ln
790 4351 936 4420 momento,
954 4347 983 4404 in
1000 4347 1057 4404 ictu
1073 4345 1176 4405 oculi¹‘.
