3144 4852
319 289 398 336 vira
421 287 575 337 nnaonm
596 287 858 338 ancmrmcorr
881 288 1077 338 noonnrmr
1215 271 1280 338 673

110 429 155 495 ris
183 427 345 513 suffultus,
373 431 559 516 perveniens
583 467 624 476 —
648 435 758 498 octavo
787 430 836 496 sni
864 431 1159 518 metropolitanatus
1188 451 1280 515 anno,
1309 439 1379 495 1160

110 543 174 610 iam
203 545 380 629 grandevus
408 551 441 612 et
462 545 574 633 plenus
597 547 736 631 dierum,
765 546 919 631 gloriosus
943 553 975 614 ct
997 547 1128 613 decorus
1150 547 1184 613 in
1207 567 1281 613 con·
1297 512 1387 560 Μ

111 667 220 748 spectu
249 661 394 750 Domini,
428 663 645 748 Magnntinam
676 663 840 730 ecclesiam
869 665 920 729 cui
947 668 1074 750 preerat
1101 663 1141 730 ab
1172 663 1280 750 impiis

110 797 238 844 suorum
267 779 381 845 civium
413 781 534 867 eripere
557 779 664 846 volens
686 777 844 862 lancibus,
874 778 1018 845 ultimam
1042 779 1091 845 sui
1114 779 1281 846 sacerdotii

110 893 224 960 stolam
246 893 356 962 lavans
379 897 413 962 in
436 896 587 980 sanguine
604 895 688 979 agni,
712 894 867 981 apertida
882 894 972 982 plebe
988 896 1124 978 occisam
1147 895 1279 962 infidam

109 1016 296 1096 perpetuam
319 1032 339 1077 a
362 1012 489 1078 domino
512 1011 583 1078 lesu
606 1010 748 1095 Christo,
777 1031 835 1098 pro
864 1011 952 1077 cuins
974 1011 1093 1078 bonore
1116 1013 1280 1099 proprium

110 1128 295 1210 sangninem
322 1127 418 1213 fudit,
448 1148 530 1194 anno
560 1129 715 1194 dominice
738 1128 963 1194 incarnationis
980 1126 1153 1194 millasimo
1177 1132 1281 1193 cente

110 1243 190 1308 simo
219 1245 414 1327 sexagesimo
438 1247 478 1310 8·
500 1243 632 1311 Kalend.
657 1243 728 1310 lolii
756 1244 890 1310 feliciter
913 1248 945 1311 et
967 1242 1102 1310 fideliter
1125 1249 1174 1310 est
1196 1263 1280 1310 osse·

110 1363 211 1424 cutus.
826 1409 828 1412 -

198 1473 289 1542 Nunc
312 1481 417 1542 autem
439 1477 574 1563 prolana
596 1481 628 1544 st
649 1475 800 1562 pestilens
824 1474 992 1541 multitudo
1015 1475 1216 1560 Magantina‚
1246 1480 1282 1542 ut

109 1591 269 1677 copiosius
296 1591 376 1658 iram
399 1591 460 1658 Dei
488 1599 521 1659 et
549 1593 690 1659 omnium
711 1597 899 1684 *sanctornm
923 1595 955 1658 et
976 1597 1161 1659 cunctorum
1184 1591 1281 1660 bono·

108 1727 181 1772 rum
204 1707 366 1774 hominnm
389 1708 502 1794 super*
525 1729 559 1776 se
582 1714 783 1795 provocaret,
807 1708 845 1773 de
868 1707 940 1794 ipsa
962 1708 1109 1792 ecclesie,
1132 1708 1187 1774 nbi
1209 1727 1281 1773 enm

109 1823 208 1909 impia
241 1831 273 1890 st
299 1825 470 1891 inhumane
500 1825 753 1907 interemerant,
782 1829 941 1890 mortuum
971 1829 1003 1890 et
1032 1829 1196 1890 enecatum
1223 1842 1281 1909 per

109 1939 222 2026 pedes,
250 1945 412 2025 mmqnam
434 1961 561 2025 canem,
591 1943 625 2007 in
647 1941 770 2006 foveam
795 1939 953 2024 qnondam
975 1939 1151 2026 platearum
1176 1945 1281 2005 traxe·

109 2060 193 2120 runt.
228 2055 272 2122 Et
294 2055 524 2123 subsannantes
547 2058 586 2141 ei,
610 2058 812 2141 iurantesque
830 2077 886 2141 per
900 2055 1073 2141 impietatis
1089 2055 1279 2140 nequitiam:

110 2172 194 2256 quod
216 2170 269 2238 ille
292 2171 511 2257 mortificator,
543 2193 640 2239 senex
663 2174 833 2259 pessimus,
857 2192 1018 2257 nunqnam
1041 2171 1141 2238 emori
1163 2176 1280 2258 posset,

110 2287 207 2353 immo
231 2288 387 2372 quendam
404 2289 602 2375 capellanum
618 2309 709 2354 sunm
726 2287 786 2354 sibi
802 2289 948 2371 similem,
972 2309 1035 2354 non
1051 2289 1167 2373 ipsum,
1190 2288 1281 2370 iugo·

109 2403 263 2486 lassent‘3
294 2405 408 2470 iterum
431 2406 592 2472 irruerunt
613 2405 646 2470 in
669 2404 783 2491 ipsum.
819 2405 934 2472 lntima
956 2405 1076 2489 cordis,
1100 2403 1281 2488 ventrisque

108 2520 206 2586 totius
229 2519 333 2602 gabda
355 2521 531 2607 penetralia
553 2521 653 2608 ipsius
676 2541 735 2606 per
756 2521 855 2604 gladii
870 2521 1019 2588 sevientis
1036 2520 1281 2588 animadversio·

108 2655 182 2702 nom
204 2636 327 2721 mmet,
357 2637 600 2722 circumquaque
623 2637 812 2721 concisum„
828 2658 898 2703 eum
923 2637 1042 2719 denno,
1071 2641 1224 2721 qnantum
1247 2637 1280 2701 in

108 2752 204 2838 ipsis,
239 2752 377 2820 occisum
412 2753 602 2820 occiderunt.
647 2753 689 2818 Et
722 2753 835 2819 exinde
863 2753 981 2818 nudum
1010 2757 1042 2818 et
1070 2752 1278 2832 inhumatum,

1 2941 2 2958 χ
108 2868 300 2934 miserabili·
322 2869 433 2936 funere
456 2869 616 2935 volucrum
637 2868 884 2953 latrantinmque
898 2869 1010 2934 rostris
1027 2868 1224 2950 trahendum,
1247 2868 1280 2932 in

1 2965 2 2976 ἵ
108 3004 276 3050 cavearum
313 3005 522 3071 agrorumque
552 2985 707 3051 horrenda
733 2983 952 3070 inoptataquo‘
982 2983 1149 3050 solitudine
1178 2983 1279 3050 solum
1329 3003 1331 3008 ·

108 3105 142 3166 et
163 3101 418 3186 inexeqniatum⁸
441 3101 650 3182 dimittentes3
680 3121 737 3187 per
760 3100 900 3165 triduum
924 3100 1117 3186 sepulturam
1141 3101 1174 3165 in
1197 3103 1280 3166 este-
1300 3117 1449 3164 ruam-se

108 3217 151 3282 tis
173 3217 244 3304 ipso
266 3216 413 3301 flagranti
435 3217 558 3284 fervore
581 3216 641 3283 sibi
665 3221 868 3299 negaverunt.

199 3332 262 3400 Sed
289 3334 357 3402 sine
385 3333 536 3420 publicisl
566 3333 707 3416 exequiis
730 3332 874 3398 Christus
905 3334 1067 3399 martirem
1096 3351 1186 3398 suum
1217 3351 1280 3397 non

108 3451 239 3518 dimisit
280 3451 363 3516 Nam
390 3449 422 3514 in
451 3451 521 3536 ipso
548 3447 743 3516 imminentis
772 3450 873 3514 noctis
903 3447 1045 3531 silentio,
1075 3448 1159 3531 qnod
1189 3467 1280 3514 suum

107 3573 183 3653 poet
210 3567 329 3634 obitum
359 3566 581 3652 peremptorie¹
604 3564 790 3632 succedebat
813 3565 875 3630 diei
886 3561 902 3648 ¹,
939 3562 1186 3630 circumstabant
1208 3585 1279 3630 eum

1 3679 2 3686 '
108 3703 285 3770 pauperum
307 3682 472 3748 viduarum
495 3680 687 3768 pupillorum
711 3681 984 3766 orphanorumque
1004 3680 1172 3746 multitudo
1188 3680 1280 3745 innn-

108 3817 213 3884 mera,
244 3819 321 3884 quos
350 3819 475 3886 semper
503 3799 588 3863 victu
619 3796 796 3881 vestituque
825 3797 942 3877 alebat3
979 3797 1146 3882 ymnidicis
1176 3794 1279 3862 choris

181 4045 203 4078 e.
224 4033 298 4079 eom.
314 4034 336 4090 1,
353 4033 375 4078 2.
450 4029 472 4076 b.
494 4047 537 4076 err.
553 4031 575 4076 θ.
652 4041 672 4075 c.
693 4028 833 4075 interimeret
849 4029 871 4074 1.
942 4026 963 4073 d.
985 4026 1126 4084 inquirerent
1141 4029 1225 4086 scripsi
1236 4043 1279 4086 pro

108 4111 263 4172 :gladiansent
279 4114 300 4168 1,
317 4112 339 4158 2.
431 4124 451 4156 e.
472 4108 601 4156 miserabile
618 4110 639 4155 1.
727 4109 742 4154 l.
765 4109 910 4167 inoptatrque
926 4109 1009 4166 scripsi
1021 4123 1064 4166 pro
1080 4107 1201 4167 ineptaque
1218 4108 1239 4162 1,
1257 4107 1278 4152 2.

1 4213 3 4238 r
108 4206 130 4252 g.
150 4191 327 4252 inersquitatnur
344 4191 365 4246 1.
381 4189 548 4250 inereqniatnm
564 4191 586 4235 2.
672 4185 695 4234 b.
716 4187 806 4248 pudicis
824 4190 845 4234 1.
931 4187 946 4232 i.
967 4187 1118 4248 peremptorie
1134 4189 1218 4246 reriprr'
1235 4203 1278 4246 pro

108 4273 226 4332 perempto
243 4273 265 4326 1,
281 4271 393 4330 perempti
409 4272 431 4316 2.

182 4395 206 4448 1.
229 4391 247 4447 i.
261 4406 285 4447 e.
304 4407 338 4447 ea
356 4397 445 4460 nocte,
463 4405 534 4460 quae
551 4390 623 4445 inter
640 4388 712 4444 diem
732 4389 768 4443 24
786 4393 814 4443 et
833 4391 868 4444 25
886 4405 921 4442 rn.
935 4387 1005 4442 lunii
1023 4387 1186 4442 intercessit.

153 4487 233 4540 Jarrr'.
250 4491 393 4535 Bibliotheca
409 4490 447 4534 ill.
1029 4485 1065 4539 43
