3164 4842
319 317 524 368 vmnmrnnr
545 319 626 366 vrrs
648 317 675 368 s.
692 317 866 366 nomem
887 317 962 366 err.
976 319 1036 366 vm
1194 301 1259 367 tot

94 462 192 544 teret,
220 464 350 546 repente
372 459 553 544 ebusitani,
582 459 739 546 eorporuli
761 463 928 546 eonperte·
949 463 1125 545 mmmm
1147 463 1260 544 morte,
1279 469 1331 524 too

94 575 266 642 maximum
293 581 517 660 congregantes
545 575 777 662 expeditionem
806 575 978 658 exereitus,
1007 573 1175 642 eontinium
1197 579 1261 642 ter·
1280 542 1328 590 ¹⁸²

93 690 207 775 minos,
228 691 386 779 prompti*
408 692 609 780 postmodum
631 691 736 758 future
757 691 886 758 ultionis
909 689 1086 774 bebetores,
1109 695 1261 778 expetunt

93 811 135 890 et,
157 807 300 874 revolute
323 827 420 894 supro
442 809 526 876 diets
547 807 669 874 dierum
692 807 929 894 supputatione,
952 804 1136 890 infidelium,
1159 805 1260 893 sospi-

94 927 142 990 tes
164 923 219 990 sed
241 922 382 990 indevoti
404 924 554 1011 hospites,
578 922 803 1006 adgrediuntur
825 927 960 1003 terrem3
984 941 1021 990 oe
1042 941 1192 1009 paganos,
1215 923 1260 988 eis

50 1101 53 1109 .
93 1037 258 1106 ediverso
280 1039 452 1124 obviantes,
475 1041 597 1124 ingenti
618 1045 723 1124 strage
745 1043 993 1125 prostraverunt
1030 1037 1092 1104 Sed
1116 1037 1190 1124 quie
1204 1057 1261 1124 ps-

91 1155 167 1236 geni
189 1153 309 1241 primo·
325 1154 433 1242 populi
455 1155 618 1222 ehristieni
636 1154 787 1242 impetui‘
803 1155 954 1222 obsistere
969 1173 1033 1220 non
1048 1153 1203 1238 velebant,
1226 1154 1261 1220 in

90 1269 199 1353 iugum
227 1270 382 1356 siquidem
411 1271 511 1354 versi,
539 1291 655 1355 mma
682 1271 776 1338 etium
800 1269 889 1337 elude
911 1275 1096 1338 oorrnerunt
1118 1277 1151 1338 et
1172 1275 1261 1354 terge

91 1391 251 1454 vertentes
272 1388 371 1454 vitem
394 1386 489 1454 simul
510 1405 582 1454 enm
604 1387 756 1454 intestino
775 1405 884 1452 eorum
899 1385 1110 1472 suppelleotili
1125 1391 1157 1452 et
1171 1386 1260 1454 bere·

1 1517 2 1522 ’
91 1500 184 1570 dibus
212 1502 425 1589 perdiderunt
473 1501 586 1588 Sisque
620 1502 726 1570 saltim
756 1503 936 1585 christiani,
971 1484 1260 1588 superstitiosorum

90 1623 158 1684 tum
186 1619 336 1686 uxoribus
365 1639 459 1704 quem
488 1619 584 1686 etiem
612 1617 686 1686 filiis
713 1637 771 1686 nee
800 1637 862 1684 non
886 1619 984 1684 servis
1007 1624 1040 1685 et
1062 1617 1184 1684 uneillis
1207 1617 1261 1684 de·

91 1734 263 1820 praedam,
286 1735 327 1800 ed
347 1734 476 1822 propriu
489 1733 660 1800 redierunt
695 1733 808 1819 Fitque
823 1733 916 1800 modo
930 1732 1078 1816 mirabili,
1101 1737 1137 1798 ut
1152 1753 1262 1820 super·

90 1851 182 1916 stites
203 1849 369 1933 gentilium
392 1847 506 1933 eenole,
530 1849 747 1936 praesentibus
769 1849 921 1915 eonfrueti
936 1848 1039 1932 mulis,
1062 1853 1191 1916 aeterno
1204 1869 1262 1936 po-

89 1965 155 2032 b'us
184 1969 357 2049 tormento,
385 1964 461 2052 fidei
482 1964 604 2049 fulgore
626 1965 822 2048 inluminati,
853 1964 1049 2030 devitarunt·
1072 1970 1105 2032 et
1125 1964 1261 2052 praefati

89 2079 264 2148 moestus
285 2080 447 2148 emotum
474 2081 710 2164 doenmentum,
739 2081 821 2166 quod
849 2100 886 2148 eo
909 2080 1033 2148 vivente
1056 2085 1260 2164 rennuerunt,

89 2195 190 2284 etium
223 2196 392 2282 moriente,
427 2197 551 2266 divinae
584 2196 808 2284 inereputionis
840 2197 1056 2264 moderamine
1089 2196 1259 2283 perterriti,

89 2313 319 2399 suseipernntt

180 2427 303 2515 Corpus
330 2447 404 2496 sero
435 2427 519 2496 boeti
551 2427 707 2514 pontilieis
735 2427 896 2514 prosperis
926 2427 1005 2494 velis
1032 2431 1260 2512 ventorumque

87 2543 217 2611 fletibus
244 2550 333 2610 trem
360 2543 476 2611 fretum
505 2543 587 2629 quod
613 2543 728 2610 dieitur
751 2543 917 2610 demere*
935 2542 1049 2612 -sed
1072 2550 1105 2610 et
1127 2543 1259 2610 eliorum

88 2665 268 2746 martyrum
284 2695 325 2708 —
342 2665 415 2746 post
436 2660 504 2728 dies
526 2680 588 2727 non
613 2658 727 2726 multos
751 2659 938 2746 perdnetnm
961 2665 1010 2726 est
1027 2659 1068 2726 ed
1084 2679 1180 2745 snprs
1196 2659 1260 2724 die·

88 2781 157 2844 tum
179 2776 300 2858 urbem,
323 2795 404 2861 quse
426 2775 541 2842 dieitur
561 2775 696 2859 Treote,
720 2774 825 2860 ibique
848 2775 1009 2842 eonditum
1032 2793 1069 2840 ee
1091 2774 1258 2861 sepultum.

88 2891 200 2960 Donee
222 2890 421 2976 ellegouois
441 2891 587 2976 relemosi
609 2895 642 2958 et
662 2889 770 2958 fideles
785 2891 820 2958 in
834 2890 970 2960 Domino
986 2891 1111 2973 raes,
1135 2888 1260 2956 eLullo
1351 2949 1357 2972 ,

90 3007 239 3095 episeopo
269 3025 449 3074 sueeessore
477 3007 603 3093 quidem
631 3005 725 3074 buius
753 3009 854 3074 saneti
875 3005 1033 3094 pontilicis
1057 3010 1089 3073 et
1110 3005 1260 3092 martyris

90 3123 211 3192 Christi
239 3123 350 3190 direnti
377 3123 503 3206 navigio
526 3159 568 3172 -
597 3122 638 3190 ud
664 3122 898 3209 perduoendnm
927 3122 1010 3190 beuti
1036 3121 1099 3188 viri
1127 3121 1262 3188 oedever

90 3239 132 3306 ud
154 3239 397 3324 monesterium,
420 3239 504 3324 quod
526 3257 563 3305 eo
585 3237 711 3306 vivente
734 3243 967 3322 eonstruxeret,
992 3242 1023 3304 et
1045 3255 1134 3304 seons
1156 3237 1259 3322 ripum

88 3352 230 3422 llnminis
252 3355 336 3439 quod
359 3354 474 3422 dieitur
494 3353 613 3422 Fures*
628 3354 725 3420 situm
747 3359 854 3422 est-
870 3354 1085 3422 advenernnt'.
1120 3352 1260 3432 Quorum

90 3489 184 3554 nnus,
207 3471 261 3556 qui
284 3477 317 3538 et
338 3476 447 3538 enetor
469 3471 598 3538 iteneris
620 3471 850 3556 eomitetusque
866 3470 999 3538 eliorum
1015 3471 1172 3552 extiterat
1196 3469 1261 3534 sin-

90 3585 233 3670 gularem
256 3587 482 3654 metuentes
504 3607 542 3654 ue
563 3587 719 3672 privetnm
744 3586 947 3652 testimonias
962 3585 1259 3670 eontinentieeqne¹¹¹

91 3701 221 3786 gerebat
243 3702 357 3786 vitum,
386 3702 513 3770 nomine
534 3701 675 3786 Hsdds¹¹‚
706 3702 757 3769 eui
779 3701 928 3790 privatim
951 3701 1110 3787 prostatus
1133 3699 1261 3788 praesul

91 3817 258 3902 legationis
290 3818 384 3886 buius
411 3819 558 3888 emtum
585 3817 748 3902 senetique
775 3817 916 3904 eorporis
945 3815 1159 3884 edvedionem
1187 3835 1260 3883 eum

90 3933 242 4002 fretibus
270 3953 377 4002 seeum
405 3933 673 4022 proioiseentibus
696 3933 852 4020 inposuit3
881 3939 917 4000 ut
938 3933 1039 4000 maior
1062 3937 1188 3999 sanetus
1211 3951 1260 3998 re·
1395 3989 1400 3998 .

92 4049 253 4118 tuentius
274 4051 343 4118 viro
360 4050 535 4118 devotionis
551 4049 775 4136 inpenderetur
789 4049 898 4133 bonor,
922 4055 955 4116 et
969 4049 1176 4135 plurimorum
1192 4067 1259 4113 em·

164 4197 186 4231 r.
205 4185 313 4244 rouperto
330 4186 356 4231 F.
443 4181 466 4232 b.
486 4183 586 4243 prompti
603 4187 628 4230 F.
713 4195 733 4230 e.
754 4183 822 4243 primi
838 4185 863 4239 F,
884 4182 958 4243 primo
974 4185 1002 4230 A.
1088 4181 1110 4228 d
1130 4181 1217 4240 impetn
1232 4182 1258 4236 t,

91 4262 187 4324 inpelli
202 4267 232 4312 A.
309 4278 330 4311 e.
350 4263 477 4311 deviterunt
491 4267 522 4312 Δ.
598 4263 615 4310 t.
635 4263 744 4310 untirtltir
759 4268 787 4310 A.
859 4275 881 4320 κ.
902 4263 1051 4322 rumeperunt
1066 4263 1094 4308 A.
1162 4259 1184 4307 b.
1205 4259 1258 4305 Ael-

92 4355 168 4392 ωηο
183 4347 213 4391 A.
282 4341 402 4392 ttntet
415 4347 443 4392 A.
510 4341 621 4392 ternu
636 4345 659 4390 is
674 4345 743 4392 ὶίειιω
758 4345 787 4390 A.
854 4341 1030 4390 ledrenerunt
1046 4343 1073 4388 A.
1135 4353 1165 4387 m.
1185 4339 1257 4388 eond-

92 4424 184 4471 nntiu
199 4435 244 4484 qur
259 4426 285 4471 F.
362 4437 384 4472 ι.
405 4421 487 4472 Hsddo
503 4425 530 4470 A.

987 4505 1046 4561 301
