3176 4846
296 279 363 348 580
708 297 788 346 vrrs
811 297 1004 346 annueram
1026 296 1052 345 n

341 459 386 505 eso
409 440 457 506 his
481 459 544 505 non
566 459 679 520 usura,
704 441 833 506 venient
855 441 916 505 nisi
940 445 1083 524 tempora
1105 439 1186 505 dure

406 556 536 623 brumae
559 555 721 622 candentis
743 561 906 640 terrasque
928 555 1032 639 rigore
1054 555 1243 641 prementis;

405 676 480 737 tuno
502 671 635 758 dapibus
658 672 757 758 pertis
780 671 911 754 utendo,
936 671 1089 737 cubilibus
1113 671 1190 736 artis

404 807 468 853 nou
491 785 580 853 effert
600 807 737 871 messus,
760 788 841 853 imos
864 786 1018 852 servando
1041 805 1192 852 recessus.

405 902 601 970 Conveniens
623 902 680 969 tali
702 903 860 987 quoddam
882 921 980 985 genus
1003 907 1052 967 est
1075 900 1214 984 animali,

338 1037 383 1082 see
406 1018 504 1104 quod,
529 1019 604 1104 quia
625 1017 787 1104 compellit
807 1023 995 1104 paupertas,
1017 1018 1089 1084 ocis
1110 1015 1201 1104 pellit

406 1134 500 1218 inque
523 1135 735 1220 sophistarum
759 1153 924 1200 numerum
948 1133 1050 1214 venit3
1075 1153 1187 1216 agmen
1211 1151 1351 1216 avarum,

407 1256 474 1315 arte
497 1249 600 1316 colens
624 1270 768 1332 sensum,
793 1250 846 1316 det
868 1254 904 1314 ut
925 1251 996 1336 ipsa
1019 1249 1152 1315 scientia
1174 1267 1313 1314 censum.

405 1364 494 1442 Quod
517 1385 615 1449 genus
637 1367 825 1433 instructum
848 1366 910 1432 fert
932 1385 994 1431 nou
1018 1365 1086 1431 sine
1108 1364 1240 1432 crimine
1262 1364 1410 1446 fructum,

407 1481 560 1566 quadrivii
584 1488 690 1568 partes
713 1483 799 1548 trivii
822 1481 985 1548 vendendo
1008 1481 1058 1548 vel
1081 1487 1175 1546 artes.

214 1613 216 1620 ·
337 1615 382 1660 sao
405 1595 473 1664 Hoc
495 1603 527 1664 et
548 1605 641 1684 turpe
663 1617 777 1681 genus,
802 1598 930 1664 solitum
952 1597 1136 1681 conquirere
1158 1596 1250 1664 fenus

406 1713 506 1799 ipsius
529 1733 567 1780 ex
592 1719 676 1797 arte,
699 1713 787 1779 nullu
809 1712 966 1779 luudabile
989 1717 1091 1799 parte,

406 1849 463 1914 pro
486 1826 573 1894 lucro
596 1828 737 1912 discens,
761 1849 780 1894 a
802 1829 888 1894 lucro
911 1849 971 1894 nec
992 1828 1192 1914 resipiscens,

406 1951 511 2010 servet
533 1964 627 2030 apum
651 1964 769 2027 moves,
793 1943 912 2010 similes
935 1943 1087 2011 imitando
1110 1942 1242 2011 labores.

406 2059 534 2143 Colligit
555 2061 589 2125 iu
611 2080 682 2126 rore
706 2060 768 2126 mel
792 2061 878 2145 epis,
902 2060 985 2145 quod
1009 2059 1142 2146 suscipit
1164 2077 1228 2142 ore,

337 2195 382 2240 eae
405 2183 436 2242 et
457 2175 556 2242 trahit
579 2196 618 2241 ex
640 2173 716 2242 flore
739 2194 848 2242 sucum
872 2195 935 2241 non
959 2175 1077 2261 absque
1099 2173 1207 2240 labore

406 2313 442 2357 ac
463 2291 610 2358 brevibus
634 2290 721 2357 cellis
745 2291 843 2377 stipat
866 2291 997 2358 donaria
1018 2290 1138 2372 mellis3

407 2406 549 2493 donaque
573 2427 644 2472 cum
667 2405 769 2472 mellis
792 2406 847 2472 det
869 2427 964 2493 apum
988 2427 1062 2493 pars
1086 2425 1149 2471 una
1170 2404 1305 2487 rebellis,

404 2521 565 2589 alterode
588 2543 676 2588 move
698 2523 889 2589 venientium
914 2523 1011 2588 sumit
1033 2523 1073 2588 ab
1097 2541 1151 2588 ore

404 2638 526 2724 pondus
550 2639 641 2706 dulce
663 2639 744 2721 favi,
767 2657 823 2702 vus
846 2636 982 2724 implens
1004 2637 1097 2704 melle
1120 2637 1220 2719 suavi,

335 2772 381 2818 roo
404 2754 520 2837 gaudet
542 2760 574 2821 et
595 2755 629 2822 in
652 2753 739 2822 cellis
764 2753 909 2820 distentis
933 2759 1059 2821 nectare
1081 2751 1194 2819 mellis.

404 2868 518 2936 Fervet
540 2869 573 2934 in
596 2869 679 2937 hunc
701 2889 821 2935 morem
844 2889 921 2953 gens
946 2873 1021 2934 nate
1043 2869 1149 2936 subire
1171 2867 1327 2949 laborem3

405 2988 486 3051 siout
509 3005 584 3072 apes
607 3005 709 3052 rorem
734 2991 850 3069 sugunt
871 2985 921 3051 vel
944 2986 978 3050 in
1001 2982 1113 3052 arbore
1134 2983 1254 3067 florem,

405 3121 469 3167 non
492 3121 581 3166 secus
605 3101 755 3183 ardescit3
778 3101 882 3185 logica
904 3120 962 3167 nec
985 3099 1024 3166 ab
1048 3105 1116 3166 arte
1139 3099 1280 3185 quiescit,

269 3267 273 3274 .
406 3223 473 3284 arte
497 3237 629 3303 sequens
653 3223 813 3302 questum,
838 3217 883 3283 sic
905 3217 1031 3282 fuscans
1055 3235 1169 3282 nomen
1191 3214 1368 3281 honestum.

341 3351 386 3397 soe
455 3333 511 3400 Set
532 3334 604 3418 pius
626 3332 819 3416 Allbertus),
843 3333 911 3399 sine
933 3332 1013 3399 lucri
1036 3336 1125 3419 peste
1147 3337 1302 3418 repertus,

406 3469 469 3514 non
492 3447 597 3531 regale
619 3469 717 3531 genus
740 3449 872 3516 violavit
893 3449 975 3516 sicut
997 3469 1123 3532 egsum,

407 3583 464 3630 nec
486 3565 592 3630 meriti
615 3564 692 3630 clari
714 3567 762 3630 vis
785 3564 898 3650 polluit
921 3565 1021 3631 inetur
1044 3565 1149 3646 avari3

405 3679 519 3745 indolis
542 3680 611 3766 ipse
634 3680 734 3746 bonne
756 3680 835 3747 liber
856 3679 918 3745 fuit
940 3680 1121 3764 ambitione,

406 3795 486 3862 liber
510 3796 664 3879 avaricia,
689 3815 782 3881 quam
805 3795 905 3862 nescit
928 3816 1035 3862 umore
1058 3796 1177 3881 sophia

339 3930 385 3975 410
407 3910 474 3978 Neo
495 3913 598 3979 luerat
620 3909 770 3997 Cynicus,
795 3931 853 3977 nec
875 3912 1045 3977 corrosoris
1070 3910 1206 3993 amious3

407 4047 465 4094 nec
488 4028 578 4094 dolus
602 4029 762 4111 inventus,
786 4033 835 4094 set
856 4047 949 4094 verus
973 4047 1075 4094 sermo
1100 4031 1241 4093 retentus

408 4145 475 4211 eius
498 4145 531 4210 in
555 4163 608 4209 ore
630 4143 699 4209 fuit
735 4142 873 4210 Verbum
897 4164 955 4212 nec
976 4141 1088 4209 inutile
1111 4143 1193 4227 fugit

407 4260 492 4325 illius
515 4280 554 4326 ex
577 4279 646 4343 ovc3
669 4278 727 4326 neo
749 4279 810 4325 vox
833 4260 894 4325 luit
916 4259 1033 4345 absque
1056 4259 1170 4343 rigore,

409 4381 457 4441 set
480 4395 575 4460 quam
598 4375 736 4460 dicebat,
759 4375 860 4443 oratio
883 4376 1006 4462 pondus
1028 4374 1174 4443 habebat
