3164 4842
309 255 376 322 476
712 271 830 322 rasere
852 271 878 320 s.
894 271 1069 320 normann

310 415 425 482 simum
454 433 601 501 eampum
628 431 686 480 nee
707 433 771 480 nen
794 418 827 480 et
846 411 979 497 flumen,
1006 411 1141 480 ineundo
1169 410 1258 478 ulvae
1286 410 1460 493 deemreus3

309 530 416 615 ibique
436 528 509 596 fixis
531 530 675 597 tentoriis
696 529 910 616 pemeetabat.
955 528 1075 596 Eadem
1104 528 1220 615 quippe
1241 531 1331 594 neete
1351 526 1407 593 iux
1427 526 1464 593 de

309 645 375 714 eele
398 644 609 714 habitaculum
632 646 699 712 eius
714 645 930 729 eireumfnlsit,
953 649 985 712 et
1000 645 1141 729 angelica
1153 643 1333 710 visitatione
1347 653 1380 710 et
1393 641 1465 709 adle-

309 761 433 830 eutieue
460 760 577 829 ibidem
599 761 719 848 perfrui
740 761 870 843 meruit3
901 762 982 846 qued
1005 781 1044 828 ex
1068 781 1105 828 ee
1128 761 1224 828 etiarn
1245 757 1345 826 eeniei
1367 756 1465 842 datur,

310 878 384 963 qnia
412 882 445 946 et
470 877 571 944 loenm
600 883 632 944 et
655 876 817 944 eeclesiam
839 877 874 944 in
895 877 1013 944 benere
1036 877 1137 944 saneti
1158 874 1273 960 Augeli
1294 874 1360 942 illie
1383 873 1466 942 dedi·

308 993 401 1061 eavit
435 991 529 1059 Mane
551 1001 656 1059 autem
677 993 771 1078 seete,
794 995 890 1060 misse
913 993 1145 1080 sollempnitate
1159 998 1296 1079 peraeta,
1319 989 1465 1078 prorepit

309 1108 369 1176 sibi
396 1128 537 1176 mensam
568 1109 684 1195 apponi
712 1129 877 1196 areamque
905 1108 1030 1176 deferri.
1063 1109 1196 1176 Dicente
1218 1123 1292 1192 erge
1314 1106 1466 1190 ministre,

191 1214 193 1216 ’
309 1245 370 1310 qao
392 1223 446 1290 itte
468 1229 656 1309 vesceretur,
680 1245 714 1292 se
735 1245 798 1292 nen
814 1225 929 1292 babere
944 1224 1064 1307 eibum3
1087 1223 1263 1310 respondit:
1286 1223 1402 1292 Nonne
1416 1226 1470 1310 qai

308 1341 537 1408 multitadbtem
560 1343 680 1429 pepuli
705 1346 740 1407 a'ra
769 1345 887 1410 deme
917 1344 1131 1430 quadrapiata
1156 1343 1264 1421 annm,
1293 1363 1413 1406 urenae
1433 1341 1469 1406 ds

309 1458 372 1524 eale
394 1461 500 1538 meere,
524 1461 631 1545 petest
651 1480 789 1544 peecare,
817 1458 913 1522 misdi
933 1459 1043 1524 adame
1066 1458 1186 1523 amalo
1209 1479 1264 1522 rrae
1286 1478 1351 1522 aea
1372 1468 1470 1543 petet

308 1575 353 1640 ed
378 1576 472 1640 eata
500 1575 566 1640 diei
592 1573 804 1658 refectionem·
822 1575 979 1661 pedalem
999 1573 1200 1640 ministrare?
1231 1572 1392 1659 Apposita
1412 1571 1468 1638 its·

309 1709 369 1773 que
398 1707 507 1756 mensa
532 1693 564 1754 et
589 1688 682 1754 laude
704 1688 765 1755 Dei
792 1692 865 1754 ante
894 1688 999 1755 eibum
1028 1688 1208 1772 decantata,
1244 1705 1315 1754 eeee
1344 1687 1470 1773 quidam

309 1803 407 1888 aliger
428 1803 562 1870 rolando
585 1804 733 1890 portabat
754 1823 849 1870 unam
867 1808 1008 1889 truttam,
1033 1803 1239 1872 sufficientem
1254 1803 1295 1870 ad
1308 1802 1396 1869 illius
1412 1803 1470 1868 diei

308 1919 526 2004 reieetienem‚
550 1925 581 1986 et
604 1925 677 1986 aute
698 1918 860 1986 mensam⁸
881 1919 1037 2004 unguibus
1061 1920 1202 2007 elapsam
1221 1920 1256 1987 in
1278 1924 1400 1986 terram
1421 1918 1471 1987 de-

307 2036 391 2104 ieeit
428 2035 515 2103 Tune
536 2035 604 2103 Dee
634 2036 753 2119 gratim
783 2041 890 2102 saneta
919 2035 1089 2121 referente,
1117 2035 1221 2110 levata
1248 2039 1280 2101 st
1305 2039 1413 2102 assata
1435 2033 1471 2100 ed

308 2171 450 2222 mensam
471 2151 641 2221 benerifiee
662 2155 788 2238 portata
810 2155 867 2218 est

360 2357 414 2424 De
442 2355 668 2443 prophetia,
700 2374 811 2440 quem
841 2375 879 2422 se
908 2354 1207 2442 periurantibus
1235 2354 1423 2442 predixit

398 2498 538 2582 Contigit
565 2498 661 2564 edam
689 2504 762 2585 pest
788 2496 945 2564 medieum
974 2503 1114 2584 tempus,
1144 2497 1291 2565 elerieum
1318 2495 1470 2582 quendam

307 2615 500 2684 Adelherum
523 2613 650 2682 nemine
672 2615 837 2700 ingruente
851 2612 1001 2696 languere
1015 2611 1179 2680 infirmari.
1214 2612 1274 2680 Hie
1286 2633 1364 2680 rere
1380 2613 1471 2680 enada

307 2731 447 2802 menibus
472 2731 618 2817 episeopo
640 2730 811 2798 ferventius
829 2728 994 2796 inherebat
1008 2736 1049 2813 et
1073 2735 1264 2798 saereterum
1278 2728 1381 2816 ipsius
1396 2729 1472 2795 seie-

307 2848 367 2932 lus,
390 2849 520 2916 beneste
543 2847 672 2914 servitia
695 2847 756 2913 sibi
777 2845 940 2932 impendit
976 2845 1117 2931 Cumque
1139 2849 1282 2914 eerneret
1303 2844 1472 2932 apprepin-

307 2968 455 3050 quantem
480 2964 564 3030 diem
586 2961 697 3028 mertis
720 2979 785 3044 sue,
808 2980 879 3028 eum
902 2962 1032 3028 eeusilie
1055 2961 1116 3028 viri
1130 2961 1191 3029 Dei
1212 2981 1301 3028 suam
1316 2960 1472 3029 heredita·

306 3086 370 3148 tem
399 3079 440 3144 ad
463 3077 611 3146 Sanctum
634 3075 807 3144 Martinam
828 3075 1009 3160 Megrmtiae
1030 3077 1171 3145 tradidit
1205 3077 1328 3161 Postea,
1356 3077 1473 3161 egritu-

307 3196 380 3262 dine
395 3195 641 3278 iugrareseente,
664 3193 763 3260 uitam
777 3191 889 3261 finivit
923 3193 968 3260 Et
982 3193 1091 3262 statim
1107 3194 1221 3260 iratres
1237 3193 1303 3262 eius
1319 3192 1472 3280 preripie-

306 3311 399 3393 bant,
426 3309 573 3395 quiequid
595 3310 694 3376 frater
716 3329 825 3377 eemm
847 3307 962 3376 Sancte
984 3309 1121 3378 Muttine
1144 3309 1319 3376 tradideret
1339 3308 1375 3376 iu
1396 3307 1472 3375 letis

308 3426 414 3494 subter
436 3425 621 3491 nominatis:
646 3425 684 3490 ad
708 3423 915 3509 Amanabnrg
937 3433 968 3492 et
990 3426 1031 3491 ad
1045 3424 1318 3494 Prettenbrunuen
1340 3429 1374 3491 et
1388 3423 1473 3490 Sele-

307 3542 401 3609 heim.
433 3540 516 3607 ¹(tum
539 3546 645 3608 autem
666 3540 769 3606 veeati
792 3545 824 3606 et
844 3540 1037 3628 interpellati
1051 3543 1185 3608 fuissent
1199 3541 1292 3608 huius
1306 3539 1352 3608 rei
1368 3559 1472 3622 eausa,

307 3657 570 3745 spoponderunt⁰,
600 3677 635 3723 se
662 3657 837 3723 iuramento
864 3657 921 3723 illa
947 3659 980 3724 in
1008 3657 1058 3724 ins
1086 3657 1250 3744 preprium
1273 3655 1471 3736 ereudieer03

308 3779 340 3840 et
367 3774 532 3860 episeopus
560 3793 594 3839 se
622 3772 739 3840 ibidem
761 3779 940 3859 presentem
963 3772 1134 3840 affuturum
1156 3773 1312 3860 premisit
1402 3771 1472 3838 Sta·

307 3894 436 3975 tuteque
458 3889 509 3958 die
530 3889 699 3956 iuramenti
721 3895 991 3972 eengregsreruut
1008 3889 1242 3957 multitudinem
1256 3907 1385 3955 suerum
1399 3907 1472 3974 pre·

307 4007 505 4093 pinquerum.
541 4005 644 4072 Affuit
664 4004 760 4072 etiam
783 4004 831 4070 vir
853 4004 913 4072 Dei
935 4005 1070 4091 pariter,
1101 4025 1233 4091 eumque
1255 4025 1362 4072 seeum
1384 4003 1471 4070 adiu·

307 4127 428 4188 ratores
455 4121 495 4188 ad
518 4120 617 4190 altare
639 4121 825 4204 traxissent,
854 4120 971 4188 dixisse
993 4119 1111 4188 femur:
1134 4123 1194 4189 Ver
1217 4123 1278 4189 soti
1298 4126 1415 4201 erata,
1442 4121 1472 4185 α’

307 4239 417 4315 ealda·
439 4238 523 4319 neto,
547 4251 583 4304 aa
603 4239 658 4304 tos
682 4259 785 4304 ermes
799 4239 950 4324 perdatis.
986 4236 1036 4303 Illi
1053 4241 1159 4304 autem
1176 4239 1367 4306 iuraverunt
1401 4233 1469 4302 Sta·

380 4391 400 4425 ι.
420 4378 556 4425 rdeeienem
572 4397 592 4425 c.
668 4377 691 4424 b.
711 4390 790 4425 mensa
805 4395 826 4424 ο.
903 4391 922 4425 e.
944 4378 1128 4438 sposponderunt
1143 4397 1163 4426 r.
