<?xml version="1.0" encoding="UTF-8"?>
<!DOCTYPE html PUBLIC "-//W3C//DTD XHTML 1.0 Transitional//EN"
    "http://www.w3.org/TR/xhtml1/DTD/xhtml1-transitional.dtd">
<html xmlns="http://www.w3.org/1999/xhtml" xml:lang="en" lang="en">
 <head>
  <title>
</title>
<meta http-equiv="Content-Type" content="text/html;charset=utf-8" />
  <meta name='ocr-system' content='tesseract 3.04.00' />
  <meta name='ocr-capabilities' content='ocr_page ocr_carea ocr_par ocr_line ocrx_word'/>
</head>
<body>
  <div class='ocr_page' id='page_1' title='image "./bibliothecareru03jaffgoog_0438.png"; bbox 0 0 3148 4846; ppageno 0'>
   <div class='ocr_carea' id='block_1_1' title="bbox 309 279 1139 346">
    <p class='ocr_par' dir='ltr' id='par_1_1' title="bbox 309 279 1139 346">
     <span class='ocr_line' id='line_1_1' title="bbox 309 279 1139 346; baseline 0 0"><span class='ocrx_word' id='word_1_1' title='bbox 309 279 376 346; x_wconf 72' lang='lat'><strong>420</strong></span> <span class='ocrx_word' id='word_1_2' title='bbox 648 295 835 346; x_wconf 62' lang='lat' dir='ltr'><strong>murronis</strong></span> <span class='ocrx_word' id='word_1_3' title='bbox 856 295 1085 345; x_wconf 77' lang='lat' dir='ltr'><strong>uoonrnnras</strong></span> <span class='ocrx_word' id='word_1_4' title='bbox 1107 293 1139 346; x_wconf 82' lang='grc' dir='ltr'><strong>ιι</strong></span> 
     </span>
    </p>
   </div>
   <div class='ocr_carea' id='block_1_2' title="bbox 143 433 1475 3540">
    <p class='ocr_par' dir='ltr' id='par_1_2' title="bbox 143 433 1469 1572">
     <span class='ocr_line' id='line_1_2' title="bbox 143 433 1462 525; baseline 0.005 -25"><span class='ocrx_word' id='word_1_5' title='bbox 143 436 501 506; x_wconf 69' lang='lat' dir='ltr'><strong>roeo-normarum.</strong></span> <span class='ocrx_word' id='word_1_6' title='bbox 547 437 638 508; x_wconf 85' lang='lat' dir='ltr'><strong>Hane</strong></span> <span class='ocrx_word' id='word_1_7' title='bbox 658 439 766 525; x_wconf 85' lang='lat' dir='ltr'><strong>itaque</strong></span> <span class='ocrx_word' id='word_1_8' title='bbox 795 439 1001 523; x_wconf 68' lang='lat' dir='ltr'><strong>semaam,</strong></span> <span class='ocrx_word' id='word_1_9' title='bbox 1030 457 1102 506; x_wconf 86' lang='lat' dir='ltr'><strong>cum</strong></span> <span class='ocrx_word' id='word_1_10' title='bbox 1122 433 1171 506; x_wconf 79' lang='lat' dir='ltr'><strong>&#39;ab</strong></span> <span class='ocrx_word' id='word_1_11' title='bbox 1201 458 1240 505; x_wconf 82' lang='lat' dir='ltr'><strong>aa</strong></span> <span class='ocrx_word' id='word_1_12' title='bbox 1266 436 1307 504; x_wconf 91' lang='lat' dir='ltr'><strong>ad</strong></span> <span class='ocrx_word' id='word_1_13' title='bbox 1331 443 1462 506; x_wconf 85' lang='lat' dir='ltr'><strong>nostrum</strong></span> 
     </span>
     <span class='ocr_line' id='line_1_3' title="bbox 309 552 1464 642; baseline 0 -22"><span class='ocrx_word' id='word_1_14' title='bbox 309 553 500 622; x_wconf 75' lang='lat' dir='ltr'><strong>auditorium</strong></span> <span class='ocrx_word' id='word_1_15' title='bbox 522 555 564 622; x_wconf 91' lang='lat' dir='ltr'><strong>sit</strong></span> <span class='ocrx_word' id='word_1_16' title='bbox 586 555 790 642; x_wconf 87' lang='lat' dir='ltr'><strong>appellatum,</strong></span> <span class='ocrx_word' id='word_1_17' title='bbox 814 555 854 622; x_wconf 91' lang='lat' dir='ltr'><strong>de</strong></span> <span class='ocrx_word' id='word_1_18' title='bbox 875 555 1103 622; x_wconf 84' lang='lat' dir='ltr'><strong>oommunieato</strong></span> <span class='ocrx_word' id='word_1_19' title='bbox 1126 552 1315 641; x_wconf 78' lang='lat' dir='ltr'><strong>prudentum</strong></span> <span class='ocrx_word' id='word_1_20' title='bbox 1336 553 1464 621; x_wconf 80' lang='lat' dir='ltr'><strong>virorum</strong></span> 
     </span>
     <span class='ocr_line' id='line_1_4' title="bbox 308 667 1465 757; baseline 0 -21"><span class='ocrx_word' id='word_1_21' title='bbox 308 670 438 737; x_wconf 82' lang='lat' dir='ltr'><strong>oonsilio</strong></span> <span class='ocrx_word' id='word_1_22' title='bbox 473 673 659 740; x_wconf 81' lang='lat' dir='ltr'><strong>auctoritate</strong></span> <span class='ocrx_word' id='word_1_23' title='bbox 686 670 871 757; x_wconf 78' lang='lat' dir='ltr'><strong>Magantine</strong></span> <span class='ocrx_word' id='word_1_24' title='bbox 905 671 989 738; x_wconf 90' lang='lat' dir='ltr'><strong>sedis</strong></span> <span class='ocrx_word' id='word_1_25' title='bbox 1023 667 1259 752; x_wconf 85' lang='lat' dir='ltr'><strong>eonfirmamus;</strong></span> <span class='ocrx_word' id='word_1_26' title='bbox 1293 675 1465 754; x_wconf 71' lang='lat' dir='ltr'><strong>deluentes,</strong></span> 
     </span>
     <span class='ocr_line' id='line_1_5' title="bbox 307 785 1466 875; baseline -0.002 -21"><span class='ocrx_word' id='word_1_27' title='bbox 307 785 396 854; x_wconf 86' lang='lat' dir='ltr'><strong>illam</strong></span> <span class='ocrx_word' id='word_1_28' title='bbox 418 785 545 855; x_wconf 86' lang='lat' dir='ltr'><strong>firmum</strong></span> <span class='ocrx_word' id='word_1_29' title='bbox 566 788 780 856; x_wconf 74' lang='lat' dir='ltr'><strong>inviolabilem</strong></span> <span class='ocrx_word' id='word_1_30' title='bbox 804 795 837 856; x_wconf 90' lang='lat' dir='ltr'><strong>et</strong></span> <span class='ocrx_word' id='word_1_31' title='bbox 855 792 1043 875; x_wconf 89' lang='lat' dir='ltr'><strong>perpetuum</strong></span> <span class='ocrx_word' id='word_1_32' title='bbox 1058 786 1091 852; x_wconf 90' lang='lat' dir='ltr'><strong>iu</strong></span> <span class='ocrx_word' id='word_1_33' title='bbox 1107 786 1202 853; x_wconf 89' lang='lat' dir='ltr'><strong>verbo</strong></span> <span class='ocrx_word' id='word_1_34' title='bbox 1219 785 1347 853; x_wconf 85' lang='lat' dir='ltr'><strong>Domini</strong></span> <span class='ocrx_word' id='word_1_35' title='bbox 1361 785 1466 853; x_wconf 89' lang='lat' dir='ltr'><strong>babere</strong></span> 
     </span>
     <span class='ocr_line' id='line_1_6' title="bbox 307 901 1467 992; baseline -0.002 -22"><span class='ocrx_word' id='word_1_36' title='bbox 307 903 465 988; x_wconf 81' lang='lat' dir='ltr'><strong>rigorem,</strong></span> <span class='ocrx_word' id='word_1_37' title='bbox 497 905 560 972; x_wconf 88' lang='lat' dir='ltr'><strong>nisi</strong></span> <span class='ocrx_word' id='word_1_38' title='bbox 589 906 780 992; x_wconf 69' lang='lat' dir='ltr'><strong>competenti</strong></span> <span class='ocrx_word' id='word_1_39' title='bbox 807 905 887 972; x_wconf 89' lang='lat' dir='ltr'><strong>iuris</strong></span> <span class='ocrx_word' id='word_1_40' title='bbox 915 901 1117 970; x_wconf 74' lang='lat' dir='ltr'><strong>amminiculo</strong></span> <span class='ocrx_word' id='word_1_41' title='bbox 1146 902 1185 970; x_wconf 89' lang='lat' dir='ltr'><strong>ab</strong></span> <span class='ocrx_word' id='word_1_42' title='bbox 1215 901 1315 970; x_wconf 88' lang='lat' dir='ltr'><strong>ultera</strong></span> <span class='ocrx_word' id='word_1_43' title='bbox 1336 903 1467 990; x_wconf 84' lang='lat' dir='ltr'><strong>partium</strong></span> 
     </span>
     <span class='ocr_line' id='line_1_7' title="bbox 307 1017 1467 1106; baseline -0.001 -20"><span class='ocrx_word' id='word_1_44' title='bbox 307 1027 470 1105; x_wconf 89' lang='lat' dir='ltr'><strong>tamquam</strong></span> <span class='ocrx_word' id='word_1_45' title='bbox 491 1019 638 1087; x_wconf 78' lang='lat' dir='ltr'><strong>inefficax</strong></span> <span class='ocrx_word' id='word_1_46' title='bbox 659 1025 849 1088; x_wconf 71' lang='lat' dir='ltr'><strong>retractetur</strong></span> <span class='ocrx_word' id='word_1_47' title='bbox 870 1019 1035 1087; x_wconf 84' lang='lat' dir='ltr'><strong>sententie.</strong></span> <span class='ocrx_word' id='word_1_48' title='bbox 1080 1017 1223 1104; x_wconf 84' lang='lat' dir='ltr'><strong>Equitati</strong></span> <span class='ocrx_word' id='word_1_49' title='bbox 1244 1018 1383 1106; x_wconf 78' lang='lat' dir='ltr'><strong>predicte</strong></span> <span class='ocrx_word' id='word_1_50' title='bbox 1404 1037 1467 1084; x_wconf 86' lang='lat' dir='ltr'><strong>een·</strong></span> 
     </span>
     <span class='ocr_line' id='line_1_8' title="bbox 307 1135 1468 1223; baseline -0.001 -22"><span class='ocrx_word' id='word_1_51' title='bbox 307 1135 406 1202; x_wconf 84' lang='lat' dir='ltr'><strong>lentie</strong></span> <span class='ocrx_word' id='word_1_52' title='bbox 429 1141 573 1203; x_wconf 88' lang='lat' dir='ltr'><strong>nostrum</strong></span> <span class='ocrx_word' id='word_1_53' title='bbox 594 1136 735 1205; x_wconf 80' lang='lat' dir='ltr'><strong>favorem</strong></span> <span class='ocrx_word' id='word_1_54' title='bbox 756 1137 920 1204; x_wconf 85' lang='lat' dir='ltr'><strong>inelinavit</strong></span> <span class='ocrx_word' id='word_1_55' title='bbox 934 1137 1057 1223; x_wconf 82' lang='lat' dir='ltr'><strong>precise</strong></span> <span class='ocrx_word' id='word_1_56' title='bbox 1071 1137 1201 1203; x_wconf 84' lang='lat' dir='ltr'><strong>verbnm</strong></span> <span class='ocrx_word' id='word_1_57' title='bbox 1216 1135 1468 1222; x_wconf 86' lang='lat' dir='ltr'><strong>eomprebemum</strong></span> 
     </span>
     <span class='ocr_line' id='line_1_9' title="bbox 307 1249 1468 1340; baseline -0.002 -22"><span class='ocrx_word' id='word_1_58' title='bbox 307 1249 422 1318; x_wconf 85' lang='lat' dir='ltr'><strong>litteris</strong></span> <span class='ocrx_word' id='word_1_59' title='bbox 444 1253 569 1336; x_wconf 86' lang='lat' dir='ltr'><strong>vestris,</strong></span> <span class='ocrx_word' id='word_1_60' title='bbox 593 1252 713 1320; x_wconf 88' lang='lat' dir='ltr'><strong>seilioet</strong></span> <span class='ocrx_word' id='word_1_61' title='bbox 735 1253 819 1338; x_wconf 89' lang='lat' dir='ltr'><strong>quod</strong></span> <span class='ocrx_word' id='word_1_62' title='bbox 841 1272 938 1339; x_wconf 90' lang='lat' dir='ltr'><strong>penes</strong></span> <span class='ocrx_word' id='word_1_63' title='bbox 961 1253 1157 1340; x_wconf 83' lang='lat' dir='ltr'><strong>prepositum</strong></span> <span class='ocrx_word' id='word_1_64' title='bbox 1179 1249 1468 1318; x_wconf 77' lang='lat' dir='ltr'><strong>amministrationis</strong></span> 
     </span>
     <span class='ocr_line' id='line_1_10' title="bbox 308 1365 1469 1454; baseline -0.003 -19"><span class='ocrx_word' id='word_1_65' title='bbox 308 1386 385 1435; x_wconf 90' lang='lat' dir='ltr'><strong>oura</strong></span> <span class='ocrx_word' id='word_1_66' title='bbox 406 1373 564 1451; x_wconf 81' lang='lat' dir='ltr'><strong>maneret3</strong></span> <span class='ocrx_word' id='word_1_67' title='bbox 588 1369 672 1454; x_wconf 91' lang='lat' dir='ltr'><strong>quod</strong></span> <span class='ocrx_word' id='word_1_68' title='bbox 693 1373 799 1436; x_wconf 87' lang='lat' dir='ltr'><strong>tamen</strong></span> <span class='ocrx_word' id='word_1_69' title='bbox 823 1389 912 1436; x_wconf 87' lang='lat' dir='ltr'><strong>saeue</strong></span> <span class='ocrx_word' id='word_1_70' title='bbox 935 1373 985 1435; x_wconf 90' lang='lat' dir='ltr'><strong>est</strong></span> <span class='ocrx_word' id='word_1_71' title='bbox 997 1369 1032 1435; x_wconf 89' lang='lat' dir='ltr'><strong>in</strong></span> <span class='ocrx_word' id='word_1_72' title='bbox 1048 1367 1234 1454; x_wconf 86' lang='lat' dir='ltr'><strong>quibusdam</strong></span> <span class='ocrx_word' id='word_1_73' title='bbox 1249 1366 1399 1451; x_wconf 83' lang='lat' dir='ltr'><strong>eoelesiis,</strong></span> <span class='ocrx_word' id='word_1_74' title='bbox 1420 1365 1469 1432; x_wconf 92' lang='lat' dir='ltr'><strong>ubi</strong></span> 
     </span>
     <span class='ocr_line' id='line_1_11' title="bbox 307 1483 1224 1572; baseline -0.001 -22"><span class='ocrx_word' id='word_1_75' title='bbox 307 1485 487 1572; x_wconf 87' lang='lat' dir='ltr'><strong>prepositus</strong></span> <span class='ocrx_word' id='word_1_76' title='bbox 509 1485 626 1552; x_wconf 88' lang='lat' dir='ltr'><strong>divisas</strong></span> <span class='ocrx_word' id='word_1_77' title='bbox 650 1505 669 1551; x_wconf 88' lang='lat' dir='ltr'><strong>a</strong></span> <span class='ocrx_word' id='word_1_78' title='bbox 690 1484 841 1552; x_wconf 80' lang='lat' dir='ltr'><strong>trabibus</strong></span> <span class='ocrx_word' id='word_1_79' title='bbox 864 1483 980 1552; x_wconf 86' lang='lat' dir='ltr'><strong>exeolit</strong></span> <span class='ocrx_word' id='word_1_80' title='bbox 1000 1485 1224 1571; x_wconf 87' lang='lat' dir='ltr'><strong>possessiones.</strong></span> 
     </span>
    </p>

    <p class='ocr_par' dir='ltr' id='par_1_3' title="bbox 306 1599 1472 2152">
     <span class='ocr_line' id='line_1_12' title="bbox 396 1599 1470 1688; baseline -0.002 -21"><span class='ocrx_word' id='word_1_81' title='bbox 396 1599 544 1669; x_wconf 87' lang='lat' dir='ltr'><strong>Preterea</strong></span> <span class='ocrx_word' id='word_1_82' title='bbox 570 1601 629 1668; x_wconf 84' lang='lat' dir='ltr'><strong>hee</strong></span> <span class='ocrx_word' id='word_1_83' title='bbox 657 1602 779 1687; x_wconf 82' lang='lat' dir='ltr'><strong>questio</strong></span> <span class='ocrx_word' id='word_1_84' title='bbox 807 1601 980 1688; x_wconf 88' lang='lat' dir='ltr'><strong>plurimum</strong></span> <span class='ocrx_word' id='word_1_85' title='bbox 1009 1601 1141 1668; x_wconf 80' lang='lat' dir='ltr'><strong>salebris</strong></span> <span class='ocrx_word' id='word_1_86' title='bbox 1169 1606 1217 1668; x_wconf 90' lang='lat' dir='ltr'><strong>est</strong></span> <span class='ocrx_word' id='word_1_87' title='bbox 1244 1605 1276 1667; x_wconf 90' lang='lat' dir='ltr'><strong>et</strong></span> <span class='ocrx_word' id='word_1_88' title='bbox 1297 1599 1470 1685; x_wconf 80' lang='lat' dir='ltr'><strong>frequenter</strong></span> 
     </span>
     <span class='ocr_line' id='line_1_13' title="bbox 307 1715 1470 1803; baseline -0.003 -20"><span class='ocrx_word' id='word_1_89' title='bbox 307 1736 404 1803; x_wconf 89' lang='lat' dir='ltr'><strong>penes</strong></span> <span class='ocrx_word' id='word_1_90' title='bbox 430 1737 489 1786; x_wconf 87' lang='lat' dir='ltr'><strong>nos</strong></span> <span class='ocrx_word' id='word_1_91' title='bbox 518 1717 693 1802; x_wconf 76' lang='lat' dir='ltr'><strong>exagitata3</strong></span> <span class='ocrx_word' id='word_1_92' title='bbox 724 1719 871 1803; x_wconf 89' lang='lat' dir='ltr'><strong>quoniam</strong></span> <span class='ocrx_word' id='word_1_93' title='bbox 902 1716 1041 1803; x_wconf 91' lang='lat' dir='ltr'><strong>quolibet</strong></span> <span class='ocrx_word' id='word_1_94' title='bbox 1070 1717 1121 1784; x_wconf 90' lang='lat' dir='ltr'><strong>die</strong></span> <span class='ocrx_word' id='word_1_95' title='bbox 1149 1723 1181 1784; x_wconf 87' lang='lat' dir='ltr'><strong>et</strong></span> <span class='ocrx_word' id='word_1_96' title='bbox 1201 1717 1341 1784; x_wconf 79' lang='lat' dir='ltr'><strong>maxime</strong></span> <span class='ocrx_word' id='word_1_97' title='bbox 1363 1715 1470 1782; x_wconf 79' lang='lat' dir='ltr'><strong>hocin</strong></span> 
     </span>
     <span class='ocr_line' id='line_1_14' title="bbox 306 1831 1470 1920; baseline 0 -22"><span class='ocrx_word' id='word_1_98' title='bbox 306 1836 459 1919; x_wconf 90' lang='lat' dir='ltr'><strong>tempore,</strong></span> <span class='ocrx_word' id='word_1_99' title='bbox 481 1853 554 1900; x_wconf 89' lang='lat' dir='ltr'><strong>eum</strong></span> <span class='ocrx_word' id='word_1_100' title='bbox 577 1833 645 1902; x_wconf 90' lang='lat' dir='ltr'><strong>dies</strong></span> <span class='ocrx_word' id='word_1_101' title='bbox 667 1831 744 1899; x_wconf 90' lang='lat' dir='ltr'><strong>mali</strong></span> <span class='ocrx_word' id='word_1_102' title='bbox 766 1834 846 1917; x_wconf 88' lang='lat' dir='ltr'><strong>siut,</strong></span> <span class='ocrx_word' id='word_1_103' title='bbox 868 1834 982 1900; x_wconf 82' lang='lat' dir='ltr'><strong>fratres</strong></span> <span class='ocrx_word' id='word_1_104' title='bbox 1006 1833 1045 1900; x_wconf 91' lang='lat' dir='ltr'><strong>de</strong></span> <span class='ocrx_word' id='word_1_105' title='bbox 1067 1833 1133 1900; x_wconf 89' lang='lat' dir='ltr'><strong>suis</strong></span> <span class='ocrx_word' id='word_1_106' title='bbox 1157 1853 1251 1920; x_wconf 82' lang='lat' dir='ltr'><strong>super</strong></span> <span class='ocrx_word' id='word_1_107' title='bbox 1274 1831 1399 1899; x_wconf 80' lang='lat' dir='ltr'><strong>defeutu</strong></span> <span class='ocrx_word' id='word_1_108' title='bbox 1419 1831 1470 1898; x_wconf 87' lang='lat' dir='ltr'><strong>sti·</strong></span> 
     </span>
     <span class='ocr_line' id='line_1_15' title="bbox 306 1947 1472 2037; baseline -0.002 -23"><span class='ocrx_word' id='word_1_109' title='bbox 306 1949 494 2034; x_wconf 88' lang='lat' dir='ltr'><strong>pendiorum</strong></span> <span class='ocrx_word' id='word_1_110' title='bbox 516 1949 718 2035; x_wconf 82' lang='lat' dir='ltr'><strong>querelentur</strong></span> <span class='ocrx_word' id='word_1_111' title='bbox 737 1949 915 2037; x_wconf 87' lang='lat' dir='ltr'><strong>prepositis.</strong></span> <span class='ocrx_word' id='word_1_112' title='bbox 950 1949 1017 2029; x_wconf 85' lang='lat' dir='ltr'><strong>Qua</strong></span> <span class='ocrx_word' id='word_1_113' title='bbox 1036 1949 1158 2036; x_wconf 86' lang='lat' dir='ltr'><strong>questio</strong></span> <span class='ocrx_word' id='word_1_114' title='bbox 1174 1967 1298 2035; x_wconf 87' lang='lat' dir='ltr'><strong>semper</strong></span> <span class='ocrx_word' id='word_1_115' title='bbox 1312 1947 1419 2032; x_wconf 88' lang='lat' dir='ltr'><strong>talem,</strong></span> <span class='ocrx_word' id='word_1_116' title='bbox 1439 1951 1472 2012; x_wconf 90' lang='lat' dir='ltr'><strong>ut</strong></span> 
     </span>
     <span class='ocr_line' id='line_1_16' title="bbox 307 2061 1470 2152; baseline -0.003 -22"><span class='ocrx_word' id='word_1_117' title='bbox 307 2061 360 2130; x_wconf 86' lang='lat' dir='ltr'><strong>hie</strong></span> <span class='ocrx_word' id='word_1_118' title='bbox 381 2065 605 2132; x_wconf 89' lang='lat' dir='ltr'><strong>sententiatum</strong></span> <span class='ocrx_word' id='word_1_119' title='bbox 627 2070 686 2150; x_wconf 75' lang='lat' dir='ltr'><strong>est,</strong></span> <span class='ocrx_word' id='word_1_120' title='bbox 709 2085 766 2152; x_wconf 87' lang='lat' dir='ltr'><strong>per</strong></span> <span class='ocrx_word' id='word_1_121' title='bbox 781 2073 955 2132; x_wconf 76' lang='lat' dir='ltr'><strong>extremm</strong></span> <span class='ocrx_word' id='word_1_122' title='bbox 970 2066 1160 2134; x_wconf 79' lang='lat' dir='ltr'><strong>denisionem</strong></span> <span class='ocrx_word' id='word_1_123' title='bbox 1176 2065 1306 2131; x_wconf 84' lang='lat' dir='ltr'><strong>sortitur</strong></span> <span class='ocrx_word' id='word_1_124' title='bbox 1321 2062 1470 2131; x_wconf 85' lang='lat' dir='ltr'><strong>effectum.</strong></span> 
     </span>
    </p>

    <p class='ocr_par' dir='ltr' id='par_1_4' title="bbox 305 2178 1475 3427">
     <span class='ocr_line' id='line_1_17' title="bbox 397 2178 1474 2270; baseline -0.002 -24"><span class='ocrx_word' id='word_1_125' title='bbox 397 2179 545 2249; x_wconf 85' lang='lat' dir='ltr'><strong>Preterea</strong></span> <span class='ocrx_word' id='word_1_126' title='bbox 567 2202 587 2249; x_wconf 91' lang='lat' dir='ltr'><strong>a</strong></span> <span class='ocrx_word' id='word_1_127' title='bbox 608 2180 723 2248; x_wconf 92' lang='lat' dir='ltr'><strong>domno</strong></span> <span class='ocrx_word' id='word_1_128' title='bbox 745 2179 905 2248; x_wconf 85' lang='lat' dir='ltr'><strong>Friderieo</strong></span> <span class='ocrx_word' id='word_1_129' title='bbox 928 2183 1119 2270; x_wconf 75' lang='lat' dir='ltr'><strong>imperatore</strong></span> <span class='ocrx_word' id='word_1_130' title='bbox 1141 2181 1231 2248; x_wconf 88' lang='lat' dir='ltr'><strong>beate</strong></span> <span class='ocrx_word' id='word_1_131' title='bbox 1251 2178 1474 2247; x_wconf 84' lang='lat' dir='ltr'><strong>reeordationis</strong></span> 
     </span>
     <span class='ocr_line' id='line_1_18' title="bbox 307 2294 1474 2385; baseline 0 -23"><span class='ocrx_word' id='word_1_132' title='bbox 307 2295 341 2361; x_wconf 92' lang='lat' dir='ltr'><strong>in</strong></span> <span class='ocrx_word' id='word_1_133' title='bbox 363 2297 524 2383; x_wconf 86' lang='lat' dir='ltr'><strong>presentia</strong></span> <span class='ocrx_word' id='word_1_134' title='bbox 549 2300 590 2363; x_wconf 91' lang='lat'><strong>10</strong></span> <span class='ocrx_word' id='word_1_135' title='bbox 612 2298 850 2385; x_wconf 83' lang='lat' dir='ltr'><strong>episcoporum·</strong></span> <span class='ocrx_word' id='word_1_136' title='bbox 872 2298 1101 2366; x_wconf 85' lang='lat' dir='ltr'><strong>intelleximus:</strong></span> <span class='ocrx_word' id='word_1_137' title='bbox 1131 2296 1214 2383; x_wconf 89' lang='lat' dir='ltr'><strong>quod</strong></span> <span class='ocrx_word' id='word_1_138' title='bbox 1236 2298 1332 2363; x_wconf 88' lang='lat' dir='ltr'><strong>etium</strong></span> <span class='ocrx_word' id='word_1_139' title='bbox 1356 2294 1474 2379; x_wconf 73' lang='lat' dir='ltr'><strong>eulogia</strong></span> 
     </span>
     <span class='ocr_line' id='line_1_19' title="bbox 307 2412 1472 2501; baseline -0.002 -23"><span class='ocrx_word' id='word_1_140' title='bbox 307 2431 363 2479; x_wconf 89' lang='lat' dir='ltr'><strong>seu</strong></span> <span class='ocrx_word' id='word_1_141' title='bbox 392 2412 519 2498; x_wconf 82' lang='lat' dir='ltr'><strong>exenia,</strong></span> <span class='ocrx_word' id='word_1_142' title='bbox 549 2433 610 2499; x_wconf 90' lang='lat' dir='ltr'><strong>que</strong></span> <span class='ocrx_word' id='word_1_143' title='bbox 639 2434 658 2479; x_wconf 84' lang='lat' dir='ltr'><strong>a</strong></span> <span class='ocrx_word' id='word_1_144' title='bbox 686 2413 804 2481; x_wconf 81' lang='lat' dir='ltr'><strong>solonis</strong></span> <span class='ocrx_word' id='word_1_145' title='bbox 826 2414 888 2501; x_wconf 90' lang='lat' dir='ltr'><strong>ipsi</strong></span> <span class='ocrx_word' id='word_1_146' title='bbox 910 2415 1071 2501; x_wconf 89' lang='lat' dir='ltr'><strong>preposito</strong></span> <span class='ocrx_word' id='word_1_147' title='bbox 1092 2413 1260 2499; x_wconf 88' lang='lat' dir='ltr'><strong>aliquando</strong></span> <span class='ocrx_word' id='word_1_148' title='bbox 1283 2413 1472 2494; x_wconf 82' lang='lat' dir='ltr'><strong>dofenrntur,</strong></span> 
     </span>
     <span class='ocr_line' id='line_1_20' title="bbox 307 2527 1472 2616; baseline -0.001 -21"><span class='ocrx_word' id='word_1_149' title='bbox 307 2529 372 2595; x_wconf 90' lang='lat' dir='ltr'><strong>siut</strong></span> <span class='ocrx_word' id='word_1_150' title='bbox 386 2528 544 2615; x_wconf 85' lang='lat' dir='ltr'><strong>stipendia</strong></span> <span class='ocrx_word' id='word_1_151' title='bbox 558 2530 702 2598; x_wconf 82' lang='lat' dir='ltr'><strong>fratrum</strong></span> <span class='ocrx_word' id='word_1_152' title='bbox 733 2529 776 2596; x_wconf 87' lang='lat' dir='ltr'><strong>Et</strong></span> <span class='ocrx_word' id='word_1_153' title='bbox 790 2531 836 2596; x_wconf 85' lang='lat' dir='ltr'><strong>sie</strong></span> <span class='ocrx_word' id='word_1_154' title='bbox 851 2549 959 2597; x_wconf 91' lang='lat' dir='ltr'><strong>omues</strong></span> <span class='ocrx_word' id='word_1_155' title='bbox 974 2551 1036 2615; x_wconf 86' lang='lat' dir='ltr'><strong>res,</strong></span> <span class='ocrx_word' id='word_1_156' title='bbox 1059 2549 1137 2614; x_wconf 90' lang='lat' dir='ltr'><strong>quas</strong></span> <span class='ocrx_word' id='word_1_157' title='bbox 1152 2529 1332 2616; x_wconf 86' lang='lat' dir='ltr'><strong>prepositus</strong></span> <span class='ocrx_word' id='word_1_158' title='bbox 1348 2527 1472 2595; x_wconf 86' lang='lat' dir='ltr'><strong>eoelesie</strong></span> 
     </span>
     <span class='ocr_line' id='line_1_21' title="bbox 305 2645 1474 2731; baseline 0.002 -22"><span class='ocrx_word' id='word_1_159' title='bbox 305 2645 432 2712; x_wconf 89' lang='lat' dir='ltr'><strong>nomine</strong></span> <span class='ocrx_word' id='word_1_160' title='bbox 459 2645 614 2731; x_wconf 86' lang='lat' dir='ltr'><strong>possidet,</strong></span> <span class='ocrx_word' id='word_1_161' title='bbox 643 2645 794 2714; x_wconf 84' lang='lat' dir='ltr'><strong>iratribus</strong></span> <span class='ocrx_word' id='word_1_162' title='bbox 823 2645 1011 2729; x_wconf 83' lang='lat' dir='ltr'><strong>obligantur.</strong></span> <span class='ocrx_word' id='word_1_163' title='bbox 1045 2645 1152 2729; x_wconf 85' lang='lat' dir='ltr'><strong>Unde,</strong></span> <span class='ocrx_word' id='word_1_164' title='bbox 1181 2645 1287 2714; x_wconf 90' lang='lat' dir='ltr'><strong>debita</strong></span> <span class='ocrx_word' id='word_1_165' title='bbox 1314 2645 1474 2713; x_wconf 79' lang='lat' dir='ltr'><strong>definiente</strong></span> 
     </span>
     <span class='ocr_line' id='line_1_22' title="bbox 306 2759 1474 2849; baseline 0 -22"><span class='ocrx_word' id='word_1_166' title='bbox 306 2759 397 2847; x_wconf 89' lang='lat' dir='ltr'><strong>stipe,</strong></span> <span class='ocrx_word' id='word_1_167' title='bbox 421 2760 462 2826; x_wconf 86' lang='lat' dir='ltr'><strong>ad</strong></span> <span class='ocrx_word' id='word_1_168' title='bbox 485 2759 723 2828; x_wconf 89' lang='lat' dir='ltr'><strong>similitudinem</strong></span> <span class='ocrx_word' id='word_1_169' title='bbox 746 2762 878 2830; x_wconf 84' lang='lat' dir='ltr'><strong>aetionis</strong></span> <span class='ocrx_word' id='word_1_170' title='bbox 901 2761 1089 2829; x_wconf 89' lang='lat' dir='ltr'><strong>subsidiaria</strong></span> <span class='ocrx_word' id='word_1_171' title='bbox 1111 2781 1237 2849; x_wconf 91' lang='lat' dir='ltr'><strong>semper</strong></span> <span class='ocrx_word' id='word_1_172' title='bbox 1254 2767 1423 2828; x_wconf 79' lang='lat' dir='ltr'><strong>recurrunt</strong></span> <span class='ocrx_word' id='word_1_173' title='bbox 1436 2759 1474 2827; x_wconf 84' lang='lat' dir='ltr'><strong>ad</strong></span> 
     </span>
     <span class='ocr_line' id='line_1_23' title="bbox 307 2877 1474 2964; baseline 0 -21"><span class='ocrx_word' id='word_1_174' title='bbox 307 2877 518 2962; x_wconf 86' lang='lat' dir='ltr'><strong>prepositum:</strong></span> <span class='ocrx_word' id='word_1_175' title='bbox 542 2883 578 2944; x_wconf 91' lang='lat' dir='ltr'><strong>nt</strong></span> <span class='ocrx_word' id='word_1_176' title='bbox 599 2877 678 2964; x_wconf 88' lang='lat' dir='ltr'><strong>ipse,</strong></span> <span class='ocrx_word' id='word_1_177' title='bbox 704 2878 757 2963; x_wconf 90' lang='lat' dir='ltr'><strong>qui</strong></span> <span class='ocrx_word' id='word_1_178' title='bbox 774 2885 823 2944; x_wconf 88' lang='lat' dir='ltr'><strong>eet</strong></span> <span class='ocrx_word' id='word_1_179' title='bbox 837 2883 998 2964; x_wconf 63' lang='lat' dir='ltr'><strong>umquam</strong></span> <span class='ocrx_word' id='word_1_180' title='bbox 1014 2877 1160 2945; x_wconf 88' lang='lat' dir='ltr'><strong>domiuus</strong></span> <span class='ocrx_word' id='word_1_181' title='bbox 1176 2897 1335 2962; x_wconf 78' lang='lat' dir='ltr'><strong>agrorum,</strong></span> <span class='ocrx_word' id='word_1_182' title='bbox 1357 2877 1474 2944; x_wconf 89' lang='lat' dir='ltr'><strong>studio·</strong></span> 
     </span>
     <span class='ocr_line' id='line_1_24' title="bbox 307 2991 1475 3081; baseline 0 -23"><span class='ocrx_word' id='word_1_183' title='bbox 307 2991 431 3058; x_wconf 76' lang='lat' dir='ltr'><strong>tissime</strong></span> <span class='ocrx_word' id='word_1_184' title='bbox 453 2992 578 3060; x_wconf 86' lang='lat' dir='ltr'><strong>exeolat</strong></span> <span class='ocrx_word' id='word_1_185' title='bbox 599 2992 723 3079; x_wconf 86' lang='lat' dir='ltr'><strong>plantet</strong></span> <span class='ocrx_word' id='word_1_186' title='bbox 745 2999 778 3060; x_wconf 90' lang='lat' dir='ltr'><strong>et</strong></span> <span class='ocrx_word' id='word_1_187' title='bbox 800 2995 955 3076; x_wconf 81' lang='lat' dir='ltr'><strong>suecidat3</strong></span> <span class='ocrx_word' id='word_1_188' title='bbox 986 2999 1018 3061; x_wconf 88' lang='lat' dir='ltr'><strong>et</strong></span> <span class='ocrx_word' id='word_1_189' title='bbox 1045 3013 1144 3060; x_wconf 87' lang='lat' dir='ltr'><strong>annos</strong></span> <span class='ocrx_word' id='word_1_190' title='bbox 1166 2994 1270 3081; x_wconf 88' lang='lat' dir='ltr'><strong>paois,</strong></span> <span class='ocrx_word' id='word_1_191' title='bbox 1300 2993 1335 3060; x_wconf 89' lang='lat' dir='ltr'><strong>iu</strong></span> <span class='ocrx_word' id='word_1_192' title='bbox 1357 2993 1475 3061; x_wconf 87' lang='lat' dir='ltr'><strong>habun-</strong></span> 
     </span>
     <span class='ocr_line' id='line_1_25' title="bbox 306 3107 1475 3194; baseline 0.003 -21"><span class='ocrx_word' id='word_1_193' title='bbox 306 3107 415 3174; x_wconf 89' lang='lat' dir='ltr'><strong>dantia</strong></span> <span class='ocrx_word' id='word_1_194' title='bbox 441 3109 567 3192; x_wconf 79' lang='lat' dir='ltr'><strong>frugum</strong></span> <span class='ocrx_word' id='word_1_195' title='bbox 598 3108 768 3194; x_wconf 88' lang='lat' dir='ltr'><strong>stillantes,</strong></span> <span class='ocrx_word' id='word_1_196' title='bbox 797 3129 869 3177; x_wconf 90' lang='lat' dir='ltr'><strong>oum</strong></span> <span class='ocrx_word' id='word_1_197' title='bbox 892 3109 983 3176; x_wconf 86' lang='lat' dir='ltr'><strong>annia</strong></span> <span class='ocrx_word' id='word_1_198' title='bbox 1006 3109 1182 3178; x_wconf 87' lang='lat' dir='ltr'><strong>sterilitatis</strong></span> <span class='ocrx_word' id='word_1_199' title='bbox 1205 3115 1238 3177; x_wconf 91' lang='lat' dir='ltr'><strong>et</strong></span> <span class='ocrx_word' id='word_1_200' title='bbox 1257 3130 1371 3194; x_wconf 82' lang='lat' dir='ltr'><strong>guerre</strong></span> <span class='ocrx_word' id='word_1_201' title='bbox 1393 3129 1475 3178; x_wconf 86' lang='lat' dir='ltr'><strong>eom·</strong></span> 
     </span>
     <span class='ocr_line' id='line_1_26' title="bbox 306 3223 1475 3311; baseline 0.001 -22"><span class='ocrx_word' id='word_1_202' title='bbox 306 3229 431 3310; x_wconf 82' lang='lat' dir='ltr'><strong>penset3</strong></span> <span class='ocrx_word' id='word_1_203' title='bbox 462 3229 496 3290; x_wconf 94' lang='lat' dir='ltr'><strong>et</strong></span> <span class='ocrx_word' id='word_1_204' title='bbox 516 3223 732 3292; x_wconf 85' lang='lat' dir='ltr'><strong>laborantibus</strong></span> <span class='ocrx_word' id='word_1_205' title='bbox 753 3225 787 3292; x_wconf 93' lang='lat' dir='ltr'><strong>in</strong></span> <span class='ocrx_word' id='word_1_206' title='bbox 809 3247 884 3293; x_wconf 84' lang='lat' dir='ltr'><strong>area</strong></span> <span class='ocrx_word' id='word_1_207' title='bbox 906 3227 1064 3294; x_wconf 77' lang='lat' dir='ltr'><strong>dominica</strong></span> <span class='ocrx_word' id='word_1_208' title='bbox 1085 3227 1137 3294; x_wconf 90' lang='lat' dir='ltr'><strong>die</strong></span> <span class='ocrx_word' id='word_1_209' title='bbox 1158 3229 1314 3311; x_wconf 80' lang='lat' dir='ltr'><strong>noctuque</strong></span> <span class='ocrx_word' id='word_1_210' title='bbox 1336 3226 1475 3294; x_wconf 89' lang='lat' dir='ltr'><strong>subsidia</strong></span> 
     </span>
     <span class='ocr_line' id='line_1_27' title="bbox 306 3339 1473 3427; baseline 0.003 -21"><span class='ocrx_word' id='word_1_211' title='bbox 306 3339 480 3422; x_wconf 81' lang='lat' dir='ltr'><strong>ministret3</strong></span> <span class='ocrx_word' id='word_1_212' title='bbox 505 3342 653 3426; x_wconf 90' lang='lat' dir='ltr'><strong>quoniam</strong></span> <span class='ocrx_word' id='word_1_213' title='bbox 676 3361 740 3408; x_wconf 92' lang='lat' dir='ltr'><strong>non</strong></span> <span class='ocrx_word' id='word_1_214' title='bbox 763 3341 944 3426; x_wconf 77' lang='lat' dir='ltr'><strong>alligabitur</strong></span> <span class='ocrx_word' id='word_1_215' title='bbox 966 3363 1001 3410; x_wconf 91' lang='lat' dir='ltr'><strong>os</strong></span> <span class='ocrx_word' id='word_1_216' title='bbox 1023 3341 1097 3410; x_wconf 86' lang='lat' dir='ltr'><strong>bovi</strong></span> <span class='ocrx_word' id='word_1_217' title='bbox 1118 3343 1281 3410; x_wconf 86' lang='lat' dir='ltr'><strong>trituranti</strong></span> <span class='ocrx_word' id='word_1_218' title='bbox 1290 3339 1308 3427; x_wconf 89' lang='lat'><strong>¹,</strong></span> <span class='ocrx_word' id='word_1_219' title='bbox 1331 3348 1365 3410; x_wconf 92' lang='lat' dir='ltr'><strong>at</strong></span> <span class='ocrx_word' id='word_1_220' title='bbox 1385 3343 1473 3410; x_wconf 84' lang='lat' dir='ltr'><strong>alibi:</strong></span> 
     </span>
    </p>

    <p class='ocr_par' dir='ltr' id='par_1_5' title="bbox 227 3441 1080 3540">
     <span class='ocr_line' id='line_1_28' title="bbox 227 3441 1080 3540; baseline 0.001 -17"><span class='ocrx_word' id='word_1_221' title='bbox 227 3441 228 3446; x_wconf 8' lang='grc' dir='ltr'>ἵ</span> <span class='ocrx_word' id='word_1_222' title='bbox 313 3453 376 3523; x_wconf 67' lang='lat' dir='ltr'><strong>Uos·</strong></span> <span class='ocrx_word' id='word_1_223' title='bbox 394 3455 619 3540; x_wconf 58' lang='lat' dir='ltr'><strong>arietatorum,</strong></span> <span class='ocrx_word' id='word_1_224' title='bbox 643 3459 690 3526; x_wconf 70' lang='lat' dir='ltr'><strong>dn·</strong></span> <span class='ocrx_word' id='word_1_225' title='bbox 711 3457 877 3526; x_wconf 66' lang='lat' dir='ltr'><strong>caueretur</strong></span> <span class='ocrx_word' id='word_1_226' title='bbox 899 3473 928 3526; x_wconf 83' lang='lat' dir='ltr'><strong>at</strong></span> <span class='ocrx_word' id='word_1_227' title='bbox 950 3461 1080 3526; x_wconf 68' lang='lat' dir='ltr'><strong>turmae.</strong></span> 
     </span>
    </p>
   </div>
   <div class='ocr_carea' id='block_1_3' title="bbox 305 3569 1475 4242">
    <p class='ocr_par' dir='ltr' id='par_1_6' title="bbox 305 3569 1475 4242">
     <span class='ocr_line' id='line_1_29' title="bbox 394 3569 1475 3661; baseline 0.002 -23"><span class='ocrx_word' id='word_1_228' title='bbox 394 3569 542 3639; x_wconf 88' lang='lat' dir='ltr'><strong>Preterea</strong></span> <span class='ocrx_word' id='word_1_229' title='bbox 569 3573 701 3642; x_wconf 81' lang='lat' dir='ltr'><strong>ecelesia</strong></span> <span class='ocrx_word' id='word_1_230' title='bbox 727 3575 796 3643; x_wconf 91' lang='lat' dir='ltr'><strong>iure</strong></span> <span class='ocrx_word' id='word_1_231' title='bbox 823 3575 955 3641; x_wconf 87' lang='lat' dir='ltr'><strong>minoris</strong></span> <span class='ocrx_word' id='word_1_232' title='bbox 977 3573 1067 3642; x_wconf 90' lang='lat' dir='ltr'><strong>illesa</strong></span> <span class='ocrx_word' id='word_1_233' title='bbox 1089 3593 1214 3661; x_wconf 87' lang='lat' dir='ltr'><strong>semper</strong></span> <span class='ocrx_word' id='word_1_234' title='bbox 1236 3573 1330 3642; x_wconf 91' lang='lat' dir='ltr'><strong>debet</strong></span> <span class='ocrx_word' id='word_1_235' title='bbox 1351 3593 1475 3642; x_wconf 80' lang='lat' dir='ltr'><strong>conser-</strong></span> 
     </span>
     <span class='ocr_line' id='line_1_30' title="bbox 305 3685 1475 3779; baseline 0.003 -25"><span class='ocrx_word' id='word_1_236' title='bbox 305 3687 384 3754; x_wconf 82' lang='lat' dir='ltr'><strong>rari.</strong></span> <span class='ocrx_word' id='word_1_237' title='bbox 429 3685 573 3756; x_wconf 87' lang='lat' dir='ltr'><strong>Prolatus</strong></span> <span class='ocrx_word' id='word_1_238' title='bbox 603 3710 655 3757; x_wconf 91' lang='lat' dir='ltr'><strong>res</strong></span> <span class='ocrx_word' id='word_1_239' title='bbox 689 3691 756 3757; x_wconf 86' lang='lat' dir='ltr'><strong>eius</strong></span> <span class='ocrx_word' id='word_1_240' title='bbox 790 3691 943 3778; x_wconf 88' lang='lat' dir='ltr'><strong>ampliare</strong></span> <span class='ocrx_word' id='word_1_241' title='bbox 976 3691 1114 3778; x_wconf 84' lang='lat' dir='ltr'><strong>poterit3</strong></span> <span class='ocrx_word' id='word_1_242' title='bbox 1149 3690 1325 3758; x_wconf 88' lang='lat' dir='ltr'><strong>diminuere</strong></span> <span class='ocrx_word' id='word_1_243' title='bbox 1357 3709 1475 3779; x_wconf 79' lang='lat' dir='ltr'><strong>neqm·</strong></span> 
     </span>
     <span class='ocr_line' id='line_1_31' title="bbox 306 3805 1475 3894; baseline 0.001 -23"><span class='ocrx_word' id='word_1_244' title='bbox 306 3824 410 3890; x_wconf 88' lang='lat' dir='ltr'><strong>quarn.</strong></span> <span class='ocrx_word' id='word_1_245' title='bbox 462 3805 616 3884; x_wconf 85' lang='lat' dir='ltr'><strong>Quoniam</strong></span> <span class='ocrx_word' id='word_1_246' title='bbox 647 3826 761 3890; x_wconf 77' lang='lat' dir='ltr'><strong>magno</strong></span> <span class='ocrx_word' id='word_1_247' title='bbox 790 3807 908 3890; x_wconf 58' lang='lat' dir='ltr'><strong>pudet</strong></span> <span class='ocrx_word' id='word_1_248' title='bbox 936 3806 1067 3874; x_wconf 83' lang='lat' dir='ltr'><strong>ecelesia</strong></span> <span class='ocrx_word' id='word_1_249' title='bbox 1098 3805 1280 3894; x_wconf 78' lang='lat' dir='ltr'><strong>privilegi03</strong></span> <span class='ocrx_word' id='word_1_250' title='bbox 1313 3807 1414 3892; x_wconf 87' lang='lat' dir='ltr'><strong>unde,</strong></span> <span class='ocrx_word' id='word_1_251' title='bbox 1447 3807 1475 3872; x_wconf 85' lang='lat' dir='ltr'><strong>ai</strong></span> 
     </span>
     <span class='ocr_line' id='line_1_32' title="bbox 305 3921 1475 4009; baseline 0.003 -23"><span class='ocrx_word' id='word_1_252' title='bbox 305 3941 357 3987; x_wconf 87' lang='lat' dir='ltr'><strong>res</strong></span> <span class='ocrx_word' id='word_1_253' title='bbox 379 3921 495 4008; x_wconf 88' lang='lat' dir='ltr'><strong>prelati</strong></span> <span class='ocrx_word' id='word_1_254' title='bbox 518 3921 754 4009; x_wconf 88' lang='lat' dir='ltr'><strong>patrimoniales</strong></span> <span class='ocrx_word' id='word_1_255' title='bbox 777 3923 960 3990; x_wconf 85' lang='lat' dir='ltr'><strong>intermixta</strong></span> <span class='ocrx_word' id='word_1_256' title='bbox 983 3923 1047 3989; x_wconf 87' lang='lat' dir='ltr'><strong>sint</strong></span> <span class='ocrx_word' id='word_1_257' title='bbox 1072 3925 1143 3989; x_wconf 85' lang='lat' dir='ltr'><strong>eum</strong></span> <span class='ocrx_word' id='word_1_258' title='bbox 1166 3923 1260 3990; x_wconf 90' lang='lat' dir='ltr'><strong>rebus</strong></span> <span class='ocrx_word' id='word_1_259' title='bbox 1283 3923 1413 3990; x_wconf 82' lang='lat' dir='ltr'><strong>eeclesia</strong></span> <span class='ocrx_word' id='word_1_260' title='bbox 1427 3923 1475 3989; x_wconf 93' lang='lat' dir='ltr'><strong>iu·</strong></span> 
     </span>
     <span class='ocr_line' id='line_1_33' title="bbox 306 4037 1475 4125; baseline 0.002 -22"><span class='ocrx_word' id='word_1_261' title='bbox 306 4037 448 4104; x_wconf 84' lang='lat' dir='ltr'><strong>ventario</strong></span> <span class='ocrx_word' id='word_1_262' title='bbox 471 4057 535 4104; x_wconf 93' lang='lat' dir='ltr'><strong>non</strong></span> <span class='ocrx_word' id='word_1_263' title='bbox 559 4037 716 4125; x_wconf 77' lang='lat' dir='ltr'><strong>conlecto,</strong></span> <span class='ocrx_word' id='word_1_264' title='bbox 740 4044 773 4106; x_wconf 90' lang='lat' dir='ltr'><strong>et</strong></span> <span class='ocrx_word' id='word_1_265' title='bbox 794 4039 961 4106; x_wconf 69' lang='lat' dir='ltr'><strong>intematus</strong></span> <span class='ocrx_word' id='word_1_266' title='bbox 984 4038 1130 4124; x_wconf 82' lang='lat' dir='ltr'><strong>decedat,</strong></span> <span class='ocrx_word' id='word_1_267' title='bbox 1153 4059 1262 4106; x_wconf 85' lang='lat' dir='ltr'><strong>omnes</strong></span> <span class='ocrx_word' id='word_1_268' title='bbox 1283 4039 1338 4106; x_wconf 89' lang='lat' dir='ltr'><strong>illa</strong></span> <span class='ocrx_word' id='word_1_269' title='bbox 1358 4059 1413 4106; x_wconf 92' lang='lat' dir='ltr'><strong>res</strong></span> <span class='ocrx_word' id='word_1_270' title='bbox 1435 4037 1475 4105; x_wconf 87' lang='lat' dir='ltr'><strong>ob</strong></span> 
     </span>
     <span class='ocr_line' id='line_1_34' title="bbox 305 4153 1474 4242; baseline 0.001 -22"><span class='ocrx_word' id='word_1_271' title='bbox 305 4153 372 4220; x_wconf 87' lang='lat' dir='ltr'><strong>eius</strong></span> <span class='ocrx_word' id='word_1_272' title='bbox 399 4153 539 4222; x_wconf 82' lang='lat' dir='ltr'><strong>favorem</strong></span> <span class='ocrx_word' id='word_1_273' title='bbox 569 4153 749 4222; x_wconf 79' lang='lat' dir='ltr'><strong>iudicantur</strong></span> <span class='ocrx_word' id='word_1_274' title='bbox 777 4155 916 4223; x_wconf 83' lang='lat' dir='ltr'><strong>eoelesie</strong></span> <span class='ocrx_word' id='word_1_275' title='bbox 962 4155 1050 4222; x_wconf 89' lang='lat' dir='ltr'><strong>Idem</strong></span> <span class='ocrx_word' id='word_1_276' title='bbox 1072 4155 1256 4242; x_wconf 89' lang='lat' dir='ltr'><strong>dioandum,</strong></span> <span class='ocrx_word' id='word_1_277' title='bbox 1280 4161 1313 4224; x_wconf 91' lang='lat' dir='ltr'><strong>et</strong></span> <span class='ocrx_word' id='word_1_278' title='bbox 1333 4156 1361 4222; x_wconf 93' lang='lat' dir='ltr'><strong>si</strong></span> <span class='ocrx_word' id='word_1_279' title='bbox 1383 4155 1474 4222; x_wconf 81' lang='lat' dir='ltr'><strong>rivus</strong></span> 
     </span>
    </p>
   </div>
   <div class='ocr_carea' id='block_1_4' title="bbox 375 4303 1224 4473">
    <p class='ocr_par' dir='ltr' id='par_1_7' title="bbox 375 4303 1224 4473">
     <span class='ocr_line' id='line_1_35' title="bbox 376 4303 838 4354; baseline 0.004 -4"><span class='ocrx_word' id='word_1_280' title='bbox 376 4317 396 4350; x_wconf 83' lang='grc' dir='ltr'><strong>ι.</strong></span> <span class='ocrx_word' id='word_1_281' title='bbox 417 4303 532 4351; x_wconf 72' lang='lat' dir='ltr'><strong>decretum</strong></span> <span class='ocrx_word' id='word_1_282' title='bbox 548 4317 600 4352; x_wconf 81' lang='lat' dir='ltr'><strong>erse</strong></span> <span class='ocrx_word' id='word_1_283' title='bbox 615 4307 729 4354; x_wconf 71' lang='lat' dir='ltr'><strong>excidisse</strong></span> <span class='ocrx_word' id='word_1_284' title='bbox 742 4306 838 4353; x_wconf 68' lang='lat' dir='ltr'><strong>viduor.</strong></span> 
     </span>
     <span class='ocr_line' id='line_1_36' title="bbox 375 4397 1224 4473; baseline 0.007 -19"><span class='ocrx_word' id='word_1_285' title='bbox 375 4398 400 4454; x_wconf 92' lang='lat'><strong>1.</strong></span> <span class='ocrx_word' id='word_1_286' title='bbox 425 4397 658 4472; x_wconf 67' lang='lat' dir='ltr'><strong>reomense:</strong></span> <span class='ocrx_word' id='word_1_287' title='bbox 680 4401 764 4473; x_wconf 74' lang='lat' dir='ltr'><strong>„raon</strong></span> <span class='ocrx_word' id='word_1_288' title='bbox 781 4397 906 4471; x_wconf 64' lang='lat' dir='ltr'><strong>maroa</strong></span> <span class='ocrx_word' id='word_1_289' title='bbox 924 4415 956 4456; x_wconf 80' lang='grc' dir='ltr'><strong>οι</strong></span> <span class='ocrx_word' id='word_1_290' title='bbox 972 4397 1038 4457; x_wconf 78' lang='lat' dir='ltr'><strong>bove</strong></span> <span class='ocrx_word' id='word_1_291' title='bbox 1055 4401 1224 4460; x_wconf 62' lang='lat' dir='ltr'><strong>maranes</strong></span> 
     </span>
    </p>
   </div>
   <div class='ocr_carea' id='block_1_5' title="bbox 0 0 1580 4846">
    <p class='ocr_par' dir='ltr' id='par_1_8' title="bbox 0 0 1580 4846">
     <span class='ocr_line' id='line_1_37' title="bbox 0 0 1580 4846; baseline 0 0"><span class='ocrx_word' id='word_1_292' title='bbox 0 0 1580 4846; x_wconf 95' lang='lat' dir='ltr'><strong> </strong></span> 
     </span>
    </p>
   </div>
  </div>
 </body>
</html>
