3024 4864
100 808 240 865 rsa-755

257 272 324 340 254
499 287 720 337 anonumum
741 287 786 334 nr
807 286 910 334 nunu
930 283 1118 332 nersronsn
1142 283 1188 330 roa

262 428 348 500 103.
369 430 578 498 Aulidem
601 429 645 495 ΙΙ
668 451 725 495 aaa
748 427 878 495 Canem
904 427 1107 512 Bonifatium
1134 426 1295 504 tenear,
1326 435 1363 489 aa
1391 444 1427 488 ee

367 549 534 634 prorniaao,
556 547 690 633 Bappoe
712 545 887 611 odbaabaae
899 543 1003 628 facto,
1024 565 1087 630 pro
1111 563 1143 607 ee
1157 543 1202 607 ad
1216 543 1308 606 deam
1317 559 1427 626 proce-

369 675 430 728 tar.
453 664 593 728 Munera
605 665 709 728 mittit.
744 660 899 726 Falconaa
910 659 1082 746 postulat'.
1100 655 1136 739 (S
1148 659 1202 740 40,
1214 653 1318 738 W84,
1330 653 1359 720 G
1373 655 1427 734 73)

346 795 482 863 Domino
505 795 687 862 beatissimo
712 798 743 860 et
765 791 939 880 pontificali
960 790 1063 858 infula
1084 789 1198 856 merito
1213 789 1361 856 decorato
1377 807 1429 853 ar·

259 909 459 996 chiepiscopo
474 908 663 996 Wynfridno,
687 913 894 992 cognomento
909 907 1078 990 Bonifatio,
1102 899 1353 973 Aethilbertus⁵¹
1373 923 1430 969 rex

259 1023 389 1092 dantiae
411 1025 445 1091 in
468 1025 595 1092 domino
618 1026 818 1092 dominorum
840 1023 984 1089 salutem.

346 1140 432 1208 Ante
460 1161 577 1227 paucos
604 1160 741 1226 namque
769 1159 868 1206 annos
897 1137 1086 1206 uenerabilis
1117 1136 1277 1205 abbatissa
1302 1133 1430 1217 Buggq·

260 1291 301 1302 -
318 1262 487 1343 postquam
501 1257 641 1324 Romane
663 1256 751 1322 urbis
773 1255 844 1322 loca
865 1255 1089 1338 sacratissima,
1113 1253 1264 1320 orationis
1284 1250 1433 1318 videlieet

259 1371 399 1456 obtentu,
423 1373 559 1453 adierat3
583 1379 615 1439 et
637 1373 751 1439 exindo
773 1372 835 1437 hnc
856 1391 966 1437 rursus
989 1368 1177 1437 remeandod
1193 1367 1234 1435 ad
1248 1367 1431 1454 propriam‘

259 1489 404 1574 pervenit
424 1488 562 1574 patriam
585 1493 618 1553 ot
632 1487 673 1553 ad
688 1487 914 1554 monasterium
929 1485 1216 1554 sanctimonialium
1230 1484 1431 1565 feminarum,

260 1602 343 1687 quod
372 1608 465 1671 antea
492 1602 550 1670 snb
580 1603 649 1669 iure
672 1603 883 1670 ecclesiastico
907 1603 986 1670 bene
1008 1603 1137 1686 regebat
1160 1637 1202 1648 -
1227 1601 1336 1667 statim
1359 1619 1433 1666 cum

259 1718 415 1784 venissem
437 1723 566 1802 rogatus
594 1717 635 1785 ad
664 1719 732 1785 eius
760 1717 979 1804 conloquium,
1007 1718 1091 1785 inter
1120 1717 1183 1783 alia
1209 1715 1434 1783 desiderabilia

259 1833 337 1900 haec
359 1833 409 1900 vel
430 1835 570 1900 maxime
593 1833 715 1901 auditui
735 1840 843 1901 nostro
859 1833 1017 1901 inculcare
1032 1835 1168 1900 curavit:
1192 1831 1275 1919 quod
1291 1831 1434 1898 dedisses

260 1950 289 2016 ei
310 1949 474 2017 boantium
496 1949 695 2016 familiariter
716 1950 814 2035 loqui,
838 1950 877 2017 de
900 1949 994 2017 rebus
1017 1949 1137 2016 scilicet
1159 1948 1220 2016 sibi
1233 1947 1434 2031 necessariis,

260 2066 345 2152 apud
366 2072 455 2132 tuam
479 2063 637 2133 affabilem
659 2065 890 2150 amabilemque
906 2065 1122 2146 sanctitatem
1145 2064 1220 2130 dum
1236 2063 1329 2131 ambo
1344 2063 1434 2130 ride·

259 2179 334 2248 licet
360 2181 479 2248 Romae
507 2182 583 2248 estis
612 2186 644 2248 et
671 2180 783 2247 limina
810 2181 975 2248 beatorum
1005 2180 1219 2267 apostolorum
1251 2179 1436 2264 frequenter

261 2297 416 2362 visitando
439 2297 556 2362 trivere
579 2315 642 2362 non
665 2295 878 2383 praesedistis.
915 2295 1038 2363 Deinde
1053 2296 1202 2363 continuo
1217 2295 1335 2378 intulit,
1359 2295 1437 2379 quia

260 2411 428 2494 diligenter
449 2411 672 2497 paternitatem
697 2417 784 2478 tuam
807 2411 952 2479 similiter
974 2431 1032 2499 pro
1055 2432 1106 2478 me
1129 2410 1263 2498 supplex
1286 2411 1437 2497 precibus

260 2526 385 2594 obnixis
407 2525 586 2613 conpellare
609 2533 744 2610 curaret,
768 2531 878 2615 utpote
899 2528 1171 2612 consanguinitate
1186 2527 1437 2613 propinquitatis

261 2647 387 2710 nostrae
414 2641 605 2710 admonita‘:
636 2649 806 2729 quatenus,
834 2644 917 2710 sicut
944 2643 1000 2710 illa
1027 2643 1143 2710 meruit
1171 2660 1322 2729 praesens
1350 2643 1439 2708 tuis¹

261 2757 451 2826 emutaribus
480 2759 569 2826 inbui
597 2759 776 2846 praeseptis
804 2765 836 2826 et
865 2759 1042 2825 orationum
1064 2765 1190 2825 tuarum
1215 2757 1439 2825 benedictione

261 2872 452 2960 confirmari,
475 2875 522 2942 ita
545 2881 577 2942 ot
600 2894 657 2959 ego
681 2895 815 2960 quoque,
839 2875 982 2958 quamvis
1006 2874 1118 2942 absens
1134 2879 1166 2942 et
1179 2876 1305 2958 ignotus
1321 2894 1439 2962 corpo—

260 2989 321 3056 rali
342 2991 538 3076 praeseutia,
568 2997 674 3057 tamen
704 2995 741 3056 ut
769 2991 883 3076 spiritu
911 3009 1057 3076 presens,
1085 2991 1146 3056 hoo
1168 2990 1278 3056 eodem
1301 3011 1440 3058 munere

260 3104 340 3172 milui
365 3107 544 3174 necessario
568 3127 587 3172 a
609 3111 665 3171 tua
693 3105 786 3172 solita
814 3103 1035 3172 beneficentiah
1062 3106 1190 3172 ditarer.
1237 3105 1381 3191 Cumque
1403 3113 1441 3174 te

260 3220 320 3287 hoo
353 3221 509 3288 facturum
543 3221 726 3307 promisisse
761 3221 941 3288 indubitata
967 3221 1028 3288 fide
1056 3221 1191 3305 diceret,
1219 3240 1293 3288 vere
1320 3222 1440 3307 fateor,

262 3335 346 3422 quod
366 3357 429 3402 non
453 3336 546 3404 facile
568 3336 672 3403 verbis
696 3335 854 3422 explicare
883 3336 988 3420 valeo,
1018 3343 1170 3422 quantum
1197 3337 1305 3420 gaudii
1335 3358 1441 3422 quau-

262 3456 391 3536 tnmque
415 3452 638 3518 consolationis
662 3473 701 3518 ex
724 3451 783 3518 hoc
805 3450 977 3518 habuerim.
1018 3451 1127 3536 quue
1149 3451 1248 3519 multo
1272 3453 1378 3538 magis
1403 3461 1442 3520 ut

262 3567 379 3633 assolet
402 3567 594 3634 exhilaratas
617 3589 698 3653 sum,
722 3568 816 3653 quodi
840 3589 881 3634 ex
902 3567 1066 3654 inopinata
1084 3587 1141 3654 spe
1161 3568 1264 3635 subito
1280 3575 1347 3635 tam
1363 3589 1444 3656 pre-

263 3683 350 3748 ciosa
371 3681 455 3749 dona
475 3683 617 3767 protulit

352 3795 504 3876 Quocirca
525 3798 603 3865 utile
625 3799 703 3865 mihi
725 3799 852 3865 omnino
876 3818 911 3865 ac
934 3800 1122 3866 conveniens
1138 3797 1224 3866 assek
1238 3798 1379 3886 ridetur,
1403 3811 1447 3869 ut

335 3971 357 4003 ι.
376 3975 406 4004 es
422 3961 450 4006 Ι
465 3959 528 4007 11ου
542 3960 643 4015 ‘ssim
660 3962 680 4007 θ
695 3959 827 4014 tao-ao,
851 3961 875 4004 V
887 3961 1014 4006 M-ldc.
1039 3961 1144 4006 hmo:
1160 3959 1217 4006 llam
1233 3960 1333 4018 epistola
1347 3961 1445 4009 Mill-

262 4037 322 4084 eoru
338 4037 397 4096 ragis
413 4037 443 4084 ad
458 4037 595 4085 Bonifatium
608 4039 657 4092 CV,
673 4037 730 4084 ltam
746 4037 888 4086 Etbiltibaldi
903 4038 934 4084 ad
948 4037 1089 4086 lioniisdum
1105 4041 1139 4085 Μ.
1201 4039 1224 4086 b.
1245 4037 1390 4088 litbilbsrtua
1403 4045 1446 4090 st.

263 4129 283 4162 c.
303 4115 381 4174 liuggs
397 4120 433 4163 M.
495 4117 518 4164 d.
542 4116 656 4163 remandi
672 4120 707 4164 Μ.
770 4131 790 4162 o.
811 4118 927 4178 proprium
944 4118 1002 4174 MV,
1024 4136 1081 4164 corr.
1097 4120 1121 4164 ι’»
1135 4118 1252 4178 propriam
1268 4121 1295 4168 C.
1358 4120 1377 4167 l.
1397 4122 1447 4169 ad-

263 4196 360 4243 monitat
376 4199 410 4243 Μ.
478 4209 499 4254 q.
520 4196 663 4254 praesentim
679 4199 714 4252 M,
734 4210 828 4258 prosena
844 4199 897 4244 tuas
914 4214 971 4244 corr.
988 4200 1011 4244 ia
1026 4209 1122 4257 pressus
1136 4197 1183 4244 tuis
1201 4201 1226 4248 c.
1292 4199 1316 4246 b.
1340 4218 1400 4248 corr.
1418 4206 1447 4250 in

262 4273 421 4322 beneficientia
438 4278 464 4323 C.
541 4275 556 4320 l.
578 4273 653 4334 quoda
669 4289 696 4322 ax
714 4277 741 4324 V.
819 4275 841 4324 k.
863 4276 901 4324 a'dt
917 4279 951 4324 Μ.

335 4381 360 4436 1.
383 4380 410 4434 11
428 4377 581 4435 ata-tao.
