3176 4846
321 299 402 348 vrrn
424 299 578 348 nnuonnr
600 299 861 348 nacmnrrsccrr
882 299 1079 348 nouorum
1217 283 1281 350 617

202 441 346 510 Mortuus
374 447 423 508 eat
450 447 482 510 at
504 439 683 525 Mangotus,
712 443 871 528 pulmonis
899 441 1083 510 infirmitate
1105 463 1280 530 percussus.

112 559 164 625 Ad
189 579 280 644 quem
304 558 379 624 dum
402 558 590 625 venerabilis
614 559 878 646 archiepiscopus,
905 560 1094 647 intempeste
1115 561 1217 626 noetis
1240 559 1282 626 si-

112 675 209 742 lentio
238 676 409 758 excitatus,
438 676 577 742 venisset
604 680 637 741 et
663 694 735 741 eum
764 676 798 742 in
821 696 920 760 agone
943 677 1090 762 spiritum
1112 675 1282 743 reddendi·

113 792 319 878 comperisset
326 791 348 875 ⁵,
371 791 463 857 valde
486 792 546 858 sibi
569 792 707 878 compati
730 792 1050 859 etrabementiesime
1070 791 1145 859 flere
1161 791 1282 858 decim

111 908 222 974 funere
245 909 345 994 cepit;
374 907 478 974 itaut
500 907 645 975 omnibus
667 908 870 974 manifestum
893 915 976 974 esset
997 908 1159 990 indicium,
1183 927 1282 992 quan·

112 1029 180 1090 tum
202 1025 310 1110 ipsum
331 1025 364 1089 in
386 1025 454 1090 rita
476 1023 630 1108 diligeret,
655 1043 746 1109 quem
771 1025 816 1090 sic
838 1025 872 1089 in
895 1029 1053 1091 extremo·
1070 1025 1182 1090 mortis
1205 1025 1282 1090 arti·

113 1140 183 1207 culo
211 1147 244 1208 et
269 1147 358 1206 tanta
387 1139 625 1207 conturbatione
652 1138 788 1206 dederet.
824 1139 965 1226 Cumque
988 1146 1061 1228 post
1083 1139 1282 1206 honorabiles

112 1257 261 1342 exequias
285 1277 355 1323 eum
379 1277 478 1342 usque
502 1257 542 1322 ad
561 1255 664 1322 lucum
680 1261 864 1342 aequaretur
879 1256 1015 1343 sepulcri
1030 1293 1071 1304 —
1089 1261 1126 1322 ut
1142 1255 1282 1324 dilectio-

111 1373 161 1440 nis
186 1372 346 1457 affectum,
371 1393 461 1459 quem
486 1372 672 1440 exhibuerat
693 1374 793 1458 patri,
817 1377 891 1458 post
912 1372 1032 1439 obitum
1055 1371 1129 1438 filiis
1152 1373 1219 1439 eius
1238 1372 1283 1439 el·

111 1490 250 1556 mutuose
279 1490 466 1576 inpenderet
488 1525 530 1536 -
555 1489 654 1555 artius
683 1509 735 1555 eos
758 1488 913 1555 consolari
936 1489 1021 1576 cepit
1043 1494 1075 1555 et
1096 1508 1154 1576 per
1177 1489 1283 1556 omnia

112 1606 270 1692 amplecti.
360 1605 451 1672 Unde
473 1605 629 1690 quendem
653 1624 760 1672 eorum
777 1602 959 1689 Meugotum
982 1605 1118 1688 nomine,
1142 1604 1281 1671 defuncti

110 1721 250 1806 Mengoti
272 1721 383 1806 tilium,
409 1721 533 1806 cingulo
556 1721 684 1788 tandem
707 1721 838 1788 militari
861 1721 1012 1804 accinxit3
1035 1720 1205 1806 multisque
1228 1721 1281 1788 be-

111 1837 231 1906 neficiis
253 1838 361 1926 ipses‘¹
384 1837 505 1904 ditarit
573 1837 773 1904 Avunculum
797 1842 901 1904 autem
924 1857 1032 1903 eorum
1054 1837 1181 1904 nomine
1202 1835 1282 1904 Bur-

111 1955 251 2039 eardum,
275 1953 470 2041 prepositum
491 1955 525 2020 in
541 1953 739 2039 lecheburg·,
763 1955 817 2040 qui
833 1960 906 2020 ante
920 1954 1025 2020 minus
1041 1957 1110 2018 erat
1125 1961 1281 2039 acceptus,

110 2073 145 2138 iu
172 2071 307 2154 gratiam
334 2075 512 2156 receptum,
542 2069 747 2136 domesticum
778 2074 810 2134 at
831 2068 1020 2135 familiarem
1044 2069 1121 2134 adeo
1145 2067 1204 2135 sibi
1228 2089 1284 2135 ex-

110 2187 228 2270 hibuit,
258 2187 340 2272 quod
369 2185 566 2272 splendidum
598 2191 629 2252 et
657 2185 845 2252 honoratum
873 2190 905 2251 et
931 2184 992 2250 sibi
1015 2182 1226 2251 collateralem
1248 2185 1281 2250 in

112 2302 257 2371 omnibns
272 2301 410 2370 consiliis
427 2301 554 2388 suisque
569 2301 697 2368 secretis
712 2302 816 2387 ipsum
833 2300 1023 2386 admitteret,
1038 2301 1121 2368 unde
1136 2302 1170 2367 in
1184 2299 1281 2368 oculis

110 2418 328 2507 imperialibus
351 2419 553 2504 omniumque
576 2419 755 2505 principum
779 2417 919 2503 prefatus
940 2418 1122 2505 prepositus
1137 2438 1200 2484 non
1215 2438 1282 2483 mc·

111 2537 199 2602 diona
223 2538 399 2623 appareret.

200 2651 381 2718 Interea-
398 2650 652 2717 inimicitiarnm‘
673 2650 811 2734 undique
833 2649 950 2716 collisis
972 2650 1171 2733 rancoribus,
1194 2655 1282 2738 post-

112 2787 206 2854 quam
235 2767 467 2834 funestissimus
495 2766 672 2851 iniquitatis
701 2785 756 2832 sue
784 2765 890 2832 radios
912 2764 1062 2831 rutilante
1083 2783 1161 2851 pace
1184 2765 1281 2831 male-
1373 2849 1376 2860 ι

110 2884 176 2952 fida
197 2883 355 2951 discordia
377 2878 535 2949 condidit¹
552 2917 591 2929 -
612 2882 771 2966 contigim,
799 2881 883 2966 qued
904 2880 1092 2948 venerabilis
1116 2880 1282 2968 episcopus

112 3001 251 3088 suscepti
274 3001 374 3066 vicem
398 2997 493 3065 officii
515 2996 736 3064 fluctuanteml
760 2996 903 3081 doleret¹,
926 2996 1009 3081 quod
1030 2997 1180 3063 hactenus
1202 3002 1280 3062 tem-

110 3123 235 3205 pestate
251 3115 417 3199 discordie,
442 3120 474 3182 et
487 3113 589 3181 nunck
604 3113 801 3198 negotiorum
816 3114 996 3200 importuno
1011 3112 1158 3196 tumultu,
1176 3111 1281 3197 quieto

111 3233 288 3302 sacerdotio
315 3233 364 3298 fas
387 3251 499 3298 vacare
521 3250 584 3297 non
608 3235 700 3296 esset
735 3229 875 3296 Verbum
897 3234 1001 3295 antam
1024 3227 1102 3294 illud
1126 3229 1281 3315 scripture

111 3349 258 3434 vigilanti
286 3347 489 3416 meditatione
518 3346 766 3433 pruruminanr':
799 3347 884 3428 Quia
910 3369 980 3412 cam
1006 3349 1142 3432 inpressi
1153 3346 1282 3431 fuerim

112 3467 298 3548 sacerdotes,
324 3468 382 3552 qui
403 3465 558 3530 eamdam
580 3467 623 3529 od
638 3467 846 3529 ministerium
861 3464 984 3544 altaria,
1007 3485 1071 3528 ooo
1087 3464 1282 3549 epredientur

112 3586 246 3650 emetur
275 3585 314 3648 de
336 3584 518 3648 renouare
542 3593 569 3646 et
590 3581 637 3646 ete·
657 3593 808 3668 reponent
829 3583 1009 3646 oeaemmca
1030 3603 1089 3644 aaa
1111 3583 1146 3644 in
1168 3580 1281 3666 quibua

110 3703 308 3779 mordeant,
338 3702 415 3784 quia
441 3709 550 3763 sancto
572 3692 670 3778 ruod,
698 3696 857 3762 maximae
879 3695 1111 3762 contrarietatis
1134 3693 1281 3760 assertio-

111 3835 185 3883 nem
208 3835 264 3882 sue
285 3813 412 3896 rationi,
435 3818 595 3897 tamquam
620 3812 760 3894 arbitrio,
783 3811 1016 3878 diiudicandum
1037 3810 1173 3878 terebat:
1203 3829 1280 3896 que-

110 3931 206 3999 modo
229 3929 299 4017 quis
321 3930 424 4016 possit
446 3929 598 3995 altaribus
620 3927 776 3995 excubare
791 3928 917 4013 divinis,
941 3927 995 4013 qui
1014 3926 1205 3994 secularibus
1220 3929 1280 3992 im-

184 4157 205 4192 a
226 4141 359 4190 reddentem
376 4144 398 4188 Ἰ.
452 4142 475 4188 b.
496 4159 526 4187 aa
543 4142 682 4201 reperissem
736 4155 756 4188 e.
777 4144 875 4188 extrem
892 4142 913 4187 1.
968 4142 992 4188 d.
1013 4137 1068 4200 apis
1085 4141 1107 4187 1.
1161 4153 1182 4185 a.
1202 4139 1279 4185 lecha·

108 4223 184 4283 bnrgk
196 4225 218 4280 1,
234 4221 386 4280 lemeourgak
396 4224 418 4268 2.
479 4220 495 4267 f.
512 4221 661 4268 inimiciarum
674 4224 694 4267 1.
757 4235 777 4281 g.
794 4222 890 4280 contigit
904 4222 995 4270 addidi.
1057 4219 1080 4266 b.
1095 4219 1244 4266 ssnufltantarn
1257 4221 1279 4266 1.

109 4303 227 4352 idolore
245 4305 265 4350 l.
327 4303 351 4349 k.
371 4305 426 4350 tune
441 4303 463 4348 i.
525 4301 716 4363 lperrumiuuus
732 4303 753 4348 i.

184 4411 208 4464 1.
232 4407 412 4464 ermanno
502 4409 527 4461 a.
551 4405 918 4476 dassaretiorum.
