3090 4848
299 277 327 326 s.
345 277 520 326 uormsrn
541 279 586 326 nr
608 279 709 326 uuum
731 277 919 326 urrsrounn
941 278 978 326 as
995 277 1026 324 so
1188 259 1249 327 107

81 417 188 486 nster.
229 418 315 486 Data
337 417 534 487 4Kaiendas
548 418 747 505 Novembris,
770 420 947 508 imperanto
969 420 1084 487 domno
1106 419 1251 507 piissimo
1285 425 1338 480 ‘139

81 537 215 618 augusto
229 534 336 603 Leone
360 535 393 618 (a
407 536 474 604 Deo
498 541 646 603 coronato
668 555 784 622 magno
799 535 990 623 imperatore
1004 555 1087 604 anno
1102 536 1252 604 decenno
1269 497 1357 547 m

79 650 190 734 tertio,
224 657 300 738 post
331 651 565 733 consulatum)
600 651 669 718 cira
702 671 785 718 anno
812 651 962 720 vicesimo
991 653 1102 736 tertio,
1135 651 1191 719 sed
1221 657 1254 719 et

79 764 290 834 Gonstnntino
321 787 437 852 magno
464 769 656 854 imperatore
683 767 752 834 eins
780 766 846 835 filio
876 787 959 836 anno
988 770 1049 852 20,
1080 767 1254 836 indictione

80 887 194 949 octava
202 878 221 948 ¹.

83 1093 143 1166 39.
168 1097 358 1182 Boaffota'ur
379 1099 541 1163 universos
564 1096 688 1183 Araplos
711 1097 900 1180 sodomae,
927 1119 1035 1186 precer
1048 1098 1195 1184 sociant,
1218 1111 1255 1164 ut

170 1212 316 1280 saxeae
339 1215 385 1278 od
397 1213 495 1297 fidem
517 1211 636 1280 Queri
656 1212 845 1280 cronacum!
1006 1212 1042 1296 (S
1059 1215 1091 1298 6,
1113 1210 1182 1280 WG
1198 1212 1253 1294 36)

169 1345 335 1412 Universis
358 1345 621 1414 reverentissimis
643 1347 855 1434 coepiscopis,
878 1345 1109 1415 venerabilibus
1131 1347 1253 1434 presbi·
1262 1365 1286 1406 0·
1298 1351 1420 1407 itt-741

81 1467 202 1530 teretur
226 1461 403 1529 candidatis
431 1461 550 1546 gratia,
579 1460 778 1545 diaconibus,
807 1463 982 1547 canonicis,
1011 1461 1148 1548 clericis,
1177 1481 1252 1530 roro

78 1579 169 1663 gregi
199 1577 319 1645 Christi
346 1575 478 1664 prelatis
506 1576 673 1644 abbatibus
701 1597 757 1645 seu
785 1578 980 1663 abbatissis⁰,
1009 1578 1194 1645 humiliimis
1222 1582 1254 1646 et

77 1715 137 1782 pro
159 1693 231 1761 Deo
255 1692 391 1760 subditis
414 1693 591 1778 monachis,
621 1695 811 1761 consecratis
835 1699 866 1760 et
888 1694 956 1761 Deo
979 1693 1100 1761 devotis
1123 1695 1253 1779 virgini·

77 1811 137 1878 bns
173 1814 207 1877 et
243 1810 364 1876 cunctis
399 1809 590 1877 consecratis
619 1809 742 1878 suciilis
770 1809 903 1895 Christi,
937 1809 1034 1877 immo
1064 1810 1254 1895 generaliter

1 1939 2 2024 ξ
77 1926 228 1994 omnibus
251 1925 414 1994 catholicis
436 1925 541 1993 Deum
563 1926 758 2011 timentibus,
782 1927 822 1994 de
844 1927 945 2013 stirpe
967 1931 1000 1993 et
1020 1927 1171 2013 prosapia
1186 1927 1254 1994 An·

75 2043 205 2128 giorum
228 2043 416 2130 procreatis,
440 2041 580 2109 dusdem
595 2043 719 2126 generis
734 2042 931 2128 remaculns,
953 2041 1141 2110 umremalis
1157 2041 1255 2111 occie-

76 2163 143 2228 siae
173 2159 300 2244 lsgotns
324 2157 529 2226 Germanicus
558 2162 591 2225 et
618 2179 728 2226 servus
757 2159 840 2226 sedis
870 2159 1041 2246 apostolice
1062 2157 1254 2245 Bonifatius,

77 2279 130 2363 qui
155 2281 191 2344 et
213 2273 436 2362 Wynirethus,
459 2275 528 2342 sine
550 2275 773 2362 praerogativa
793 2275 979 2342 meritorum
1000 2276 1182 2344 nominatus
1205 2297 1256 2345 ar·

76 2393 311 2481 chiepiscopus,
326 2389 522 2458 humillimae
536 2390 783 2458 communionisi
796 2395 828 2459 et
838 2391 1070 2460 sincerissimae
1085 2393 1118 2460 in
1130 2391 1256 2462 Christo

77 2509 222 2576 caritatis
248 2507 393 2576 salntem.

165 2624 396 2692 Fraternitetis
417 2627 542 2690 restrae
565 2621 764 2690 clementiam
787 2622 909 2690 intimis
933 2623 1132 2694 obsecremus
1154 2627 1256 2713 proci·

78 2741 154 2826 bus,
186 2745 225 2808 ut
253 2745 383 2807 nostrae
404 2717 572 2826 parvitatis
600 2739 632 2805 in
657 2739 851 2806 orationibus
873 2739 986 2806 veen-is
1008 2761 1163 2810 memores
1187 2763 1256 2811 esse

79 2857 273 2942 dignemini,
303 2861 341 2922 ut
366 2854 537 2922 liberemur
568 2874 588 2920 a
616 2854 728 2939 laqueo
750 2851 916 2923 venantis¹
939 2861 1068 2926 satanae
1090 2863 1122 2924 et
1145 2858 1184 2926 ab
1206 2859 1255 2926 in-

78 2975 227 3061 portunis
252 2979 286 3039 et
307 2971 401 3039 malis
423 2970 620 3055 hominibus,
649 2975 681 3038 ot
703 2989 807 3038 sermo
828 2970 958 3038 Domini
981 2979 1088 3040 currat
1110 2980 1142 3042 et
1163 2973 1255 3042 olari·

78 3085 218 3175 ficetur',
244 3094 277 3156 st
300 3092 336 3155 nt
356 3087 522 3174 praecibus
545 3087 673 3174 pietatis
696 3093 820 3154 vostras
840 3087 1013 3175 impetrare
1028 3090 1196 3158 studeatis:
1220 3096 1258 3158 nt

77 3207 155 3274 oeus
179 3211 214 3272 st
237 3203 385 3270 dominus
406 3209 514 3272 noster
542 3202 812 3287 resarcinatus,
842 3205 896 3290 qni
922 3204 992 3271 vult
1020 3225 1128 3274 omnes
1155 3207 1256 3274 homi·

75 3343 134 3390 nes
163 3321 274 3390 salvos
304 3318 372 3386 fieri
401 3324 433 3386 et
465 3319 505 3386 od
541 3320 734 3404 agnitionem
763 3319 824 3386 Dei
852 3316 988 3406 renirs⁴,
1024 3327 1188 3390 convertat
1215 3324 1256 3391 od

76 3439 271 3506 catholicam
294 3434 388 3503 fidem
420 3436 515 3502 cordo
541 3455 738 3523 paganorum
761 3434 938 3520 Saxonum3
968 3442 1001 3504 et
1027 3438 1257 3526 resipiscanta

75 3555 200 3623 diaboii
230 3553 372 3639 laqueis,
402 3573 421 3619 a
449 3551 562 3638 quibus
593 3551 679 3639 capti
702 3557 866 3637 tenentur,
896 3558 929 3620 et
950 3553 1160 3638 adgregentur
1182 3553 1256 3622 filiis

1 3749 2 3754 Ἰ
74 3672 192 3738 matris
216 3669 380 3737 ecclesiae.
419 3667 613 3736 Miseremini
636 3667 773 3752 illorum,
797 3669 872 3754 quic
893 3673 925 3736 ct
941 3669 1005 3756 ipsi
1020 3669 1122 3738 soient
1136 3671 1255 3738 dicere:

1 3769 2 3808 ἶ
73 3789 126 3855 De
150 3811 219 3855 cao
244 3789 400 3873 sanquine
423 3800 452 3852 et
473 3788 512 3852 de
533 3807 596 3852 uno
622 3808 688 3852 osee
707 3781 846 3868 aumua⁸3
870 3786 1085 3854 recordantes:
1110 3787 1185 3873 quio
1201 3787 1256 3856 ad-

1 3939 2 3990 i
135 3954 160 3987 ι.
178 3953 194 3984 a
203 3937 256 3984 Deo
272 3959 297 3968 -·
310 3936 452 3984 comisiam
467 3939 551 3996 scripsi
562 3953 605 3996 pro
618 3936 708 3997 imperii
719 3939 773 3984 MC.
800 3937 828 3983 V.
843 3953 913 3997 cupra
926 3954 952 3996 p.
963 3937 1000 3984 1'1.
1062 3938 1085 3984 b.
1101 3955 1130 3984 es
1139 3939 1257 3996 Via-is

1 4007 2 4088 ξ
73 4021 188 4068 «clod
203 4018 256 4075 (ndi
268 4021 421 4078 fragmentum
437 4025 523 4064 taam
538 4017 603 4063 dutus
619 4018 729 4075 epictetus
744 4019 837 4079 lugdun·
853 4020 949 4073 mc'nfro
962 4017 1045 4076 paliiss
1061 4035 1082 4064 n.
1095 4015 1128 4075 ι).
1151 4021 1257 4066 hmo:

1 4095 2 4102 ’
73 4099 130 4148 item
151 4095 391 4160 opitulationem
409 4095 575 4158 arciepiscopi
593 4097 621 4144 V.
715 4108 735 4144 c.
754 4096 864 4144 musmo
882 4097 911 4144 V.
1003 4096 1027 4144 d.
1048 4097 1211 4146 communionis
1230 4099 1256 4146 V.

147 4207 176 4258 1.
196 4202 303 4258 Omnes
319 4199 452 4270 temporis
469 4205 551 4256 notas
562 4199 634 4255 hene
645 4199 788 4270 epistolam
801 4214 874 4256 snno
887 4201 939 4256 739
950 4199 1116 4270 attribuunt3
1134 4215 1258 4272 usupra

75 4309 101 4364 p.
114 4294 160 4350 19.
225 4293 254 4346 2.
272 4290 308 4346 V.
327 4289 373 4344 Pa.
387 4289 468 4359 90,3.
527 4289 554 4344 3.
578 4289 702 4344 2Thess.
716 4289 742 4359 3,
756 4291 780 4345 1.
841 4289 867 4344 4.
887 4287 1035 4345 lTimoth.
1048 4289 1073 4359 2,
1085 4289 1112 4344 4.
1172 4289 1198 4344 ὁ.
1217 4304 1256 4346 eo.

77 4397 137 4438 cnm
155 4379 322 4438 Saxom‘bns
339 4377 505 4434 Britanniae.
