3164 4842
309 263 375 330 466
533 282 737 330 wmmsnunr
759 282 839 329 vrrs
863 281 890 330 s.
906 281 1082 330 eorumdum
1104 282 1179 330 osa.
1196 283 1257 330 vm

229 427 281 484 too
308 421 513 506 stomachum,
536 421 724 508 tandemque
747 422 787 488 de
809 423 945 510 aceeptis
967 423 1084 510 praede
1097 422 1218 510 spoliis,
1240 423 1320 490 inito
1335 421 1474 508 domitio,

217 501 291 552 ¹¹²⁵
308 535 446 604 mirabili
469 538 692 624 omnipotentis
715 537 776 606 Dei
799 539 1004 626 dispositione
1026 545 1162 628 traotme
1184 543 1232 623 et,
1255 539 1390 624 qualiter
1411 558 1475 606 non

308 653 411 720 risum
435 654 563 738 quidem
585 673 695 720 aurum
719 653 769 721 vel
794 661 958 738 argeutum
980 656 1063 724 inter
1086 675 1120 724 se
1141 655 1278 722 invioem
1293 654 1475 742 dispartire·

308 775 388 854 tur·‚
418 769 590 838 oonsutere.
637 769 778 856 Cumque
806 769 960 856 prolixius
990 771 1030 838 de
1058 776 1148 838 tanta
1173 771 1377 858 pecuniarum
1400 770 1475 836 esti-

307 887 445 954 matione
467 887 705 970 sermocinaret,
727 887 791 954 iam
814 887 940 971 iamque
961 888 1136 970 iurgiorum
1156 887 1343 974 disceptatio
1366 891 1475 954 exorta

307 1007 355 1068 est
384 1007 415 1068 et
442 1006 533 1068 tanta
560 1001 734 1069 disoordiae
757 1003 881 1070 demum
905 1003 1072 1070 inimioitiu
1100 1001 1261 1086 inchoata,
1290 1007 1341 1085 ut,
1369 1002 1475 1068 furore

307 1117 402 1184 etiam
431 1117 577 1186 vesaniae
604 1118 781 1204 insaniens,
809 1119 903 1186 turba
929 1118 963 1184 in
993 1118 1070 1186 duas
1094 1118 1196 1186 divisa
1218 1117 1284 1185 estb
1306 1118 1472 1200 {audonem

307 1238 339 1299 et
361 1231 402 1298 ad
424 1237 600 1300 esbernum
624 1253 728 1318 arma,
752 1234 863 1320 quibus
888 1239 1012 1301 sanotos
1036 1239 1108 1302 ante
1130 1245 1184 1301 ea‘
1207 1239 1362 1321 martyres
1384 1233 1474 1318 iugu-

306 1348 428 1433 lorunt,
450 1349 484 1416 in
508 1350 650 1437 seipsos
673 1349 841 1418 orudeliter
863 1350 1031 1436 pugnando
1055 1355 1224 1418 verterunt

395 1463 483 1532 Tune
504 1465 621 1551 itaquo,
645 1468 785 1532 maxima
806 1466 991 1532 insanientis
1006 1465 1098 1533 turbe
1112 1472 1204 1552 parto
1218 1469 1387 1552 prostrata,
1410 1465 1472 1530 iam

307 1580 360 1666 qui
383 1581 633 1668 supervixerant
657 1581 696 1648 ad
718 1580 858 1665 luorum,
882 1582 1056 1648 animarum
1080 1583 1205 1666 viteque
1226 1581 1341 1648 damno
1365 1580 1474 1664 sdqui·

305 1697 412 1782 situm,
435 1697 609 1764 iacentibus
632 1697 820 1764 adversariis
845 1698 898 1782 qui
921 1697 981 1764 sibi
1003 1717 1098 1784 super
1121 1696 1296 1764 desiderato
1320 1695 1474 1782 eupidita-

305 1813 347 1880 tis
370 1813 516 1880 thesauro
546 1811 755 1896 obsistebant,
783 1813 954 1896 gaudentes
982 1817 1196 1879 coemerunt.
1241 1811 1285 1879 Et
1306 1811 1474 1878 oonfraotia

305 1928 458 1996 librorum
486 1930 698 2016 repositoriis,
726 1930 821 1996 etiam
849 1949 907 2015 pro
930 1949 1006 1996 auro
1029 1927 1190 1996 volumina
1211 1933 1243 1995 et
1264 1948 1322 2014 pro
1344 1933 1474 2011 argento

306 2043 431 2112 divinae
454 2044 604 2112 scientiae
627 2051 730 2112 oartas
752 2043 986 2131 reppererunt‘t
1035 2044 1148 2130 Sioque
1170 2045 1308 2132 pretioso
1331 2043 1402 2110 auri
1425 2064 1474 2110 ar·

305 2161 454 2246 gentique
469 2161 571 2248 pretio
588 2161 715 2247 privati,
738 2160 871 2244 oodioes,
896 2179 972 2246 quoa
988 2161 1184 2244 invenerunt,
1205 2159 1283 2226 alios
1298 2179 1356 2246 per
1370 2159 1475 2246 oampi

306 2275 469 2362 planitiem
492 2275 735 2364 disperserunt,
760 2275 837 2342 alios
861 2276 1016 2361 siquidem
1036 2275 1187 2363 paludum
1208 2273 1410 2356 arundinetu¹
1426 2275 1474 2340 in·

305 2391 459 2474 ferentes,
488 2391 567 2458 alios
596 2391 692 2459 etiam
721 2392 755 2458 in
783 2391 917 2459 diversis
945 2391 1120 2479 quibusque
1148 2392 1225 2460 loeis
1249 2391 1474 2458 abscondentes

306 2507 515 2592 proiecerunt.
551 2506 612 2575 Sed
636 2515 700 2574 tam
724 2508 949 2594 omnipotentis
966 2505 1025 2574 Dei
1047 2509 1152 2592 gratia
1173 2528 1267 2593 quam
1289 2508 1386 2574 etism
1400 2527 1472 2594 pre-
1569 2555 1570 2640 1

307 2621 394 2688 uibus
418 2623 518 2688 saneti
533 2621 693 2709 Bonifatii,
716 2623 832 2692 summi
854 2621 1012 2710 pontifiois
1036 2629 1129 2709 atque
1151 2624 1311 2711 martyris,
1333 2623 1427 2690 inlesi
1443 2627 1475 2690 et
1569 2667 1570 2698 2

306 2738 500 2822 intemerati,
523 2759 638 2822 magno
660 2748 772 2826 postea
793 2739 915 2826 dilapso
938 2740 1089 2826 temporis
1113 2740 1227 2826 spatio,
1249 2741 1368 2826 reperti
1390 2746 1472 2824 sunt
1569 2731 1570 2792 i

307 2859 338 2921 et
361 2853 402 2921 ad
424 2854 563 2938 domum,
586 2854 620 2921 in
643 2865 722 2941 qua⁸
743 2876 843 2941 usque
864 2856 957 2922 hodie
978 2855 1156 2922 animarum
1178 2861 1311 2942 prosunt
1327 2855 1432 2940 saluti,
1455 2875 1474 2922 a
1568 2885 1570 2952 p

305 2969 438 3054 singuiis
453 2969 628 3056 quibusque
642 2971 857 3038 inventoribus
871 2971 1024 3038 redusit.
1060 2969 1230 3039 Carnifioes
1245 2976 1361 3056 autem,
1379 2991 1475 3058 super
1569 2969 1570 3018 t

306 3088 470 3154 estimatae
492 3086 672 3154 amissione¹
686 3087 838 3174 pecuniae
860 3086 1048 3172 contristati,
1072 3088 1200 3155 domum
1220 3087 1351 3172 reversi,
1375 3087 1475 3154 maio-

237 3219 285 3265 run.
305 3202 391 3270 remk
413 3202 656 3270 domesticarum
677 3223 782 3270 rerum
805 3209 878 3289 post
898 3203 995 3269 trium
1018 3203 1157 3270 indutias
1178 3203 1302 3272 dierum
1322 3205 1475 3271 damnum

307 3319 362 3386 sed
385 3324 417 3386 et
444 3318 528 3386 vitae
557 3318 775 3405 dispendium,
801 3319 911 3385 mortis
938 3324 1068 3406 recepta
1094 3319 1226 3403 talione,
1254 3325 1473 3408 pereeperunt

306 3433 399 3514 Quia¹
422 3435 619 3522 omnipotens
642 3435 752 3502 mundi
774 3435 917 3502 eonditor
940 3454 976 3502 ao
998 3435 1185 3503 reformator
1203 3435 1312 3503 rdoisoi
1327 3456 1361 3504 se
1376 3435 1476 3502 voluit
1568 3465 1570 3490 .

306 3551 345 3618 de
371 3551 507 3618 inimiois
536 3555 568 3619 et
595 3551 723 3618 busum¹¹¹
746 3571 804 3638 pro
833 3571 867 3618 se
894 3557 1074 3618 sanctorum
1101 3552 1285 3636 sanguinem
1307 3558 1475 3620 consuete·
1568 3493 1570 3642 Ι

306 3666 539 3735 misericordiae
561 3667 630 3734 zelo
653 3667 760 3753 puniri
782 3687 819 3735 ao
839 3668 894 3734 diu
910 3666 1097 3754 protelatam
1113 3667 1287 3734 idutorum⁰
1302 3666 1475 3735 oultoribus
1568 3725 1570 3796 1

305 3783 397 3868 iram,
421 3803 501 3852 novo
524 3784 659 3852 reoentis
681 3783 821 3851 malitiae
842 3783 949 3850 imore
963 3789 1136 3870 permotus,
1159 3783 1282 3871 publioe
1297 3784 1473 3851 ostendere.
1569 3799 1570 3872 q

395 3897 536 3984 Cumque
563 3900 726 3986 inprovisa
753 3905 932 3968 sanctorum
961 3905 1138 3987 martyrum
1165 3898 1348 3986 temporalis
1375 3899 1474 3967 inter-
1568 3879 1570 4004 4

307 4017 424 4103 emptio
453 4015 560 4082 exitii*
581 4035 639 4102 por
665 4035 763 4102 pagos
792 4035 829 4082 ao
855 4016 940 4083 rioos
968 4035 1155 4101 omnemque
1177 4015 1370 4101 provinciam
1395 4015 1472 4082 voli-
1569 4007 1570 4020 ’

378 4161 398 4195 a.
418 4148 577 4209 dispertiretur
593 4153 620 4195 A.
685 4147 708 4195 b.
729 4151 792 4195 osset
806 4151 835 4196 A.
900 4163 920 4196 e.
941 4151 1008 4196 anua
1023 4153 1051 4197 A.
1114 4149 1137 4196 d.
1156 4144 1240 4208 reppei
1255 4151 1281 4198 Γ.
1343 4153 1363 4195 e'.
1385 4147 1471 4208 disper-

306 4229 384 4275 serunt
399 4230 425 4274 A.
510 4227 527 4274 t
546 4227 696 4275 harundineto
712 4231 740 4274 A.
822 4241 844 4288 g.
866 4241 911 4288 quo
926 4231 953 4278 F.
1034 4227 1058 4275 h.
1079 4229 1157 4276 remisi
1172 4229 1200 4274 A.
1281 4228 1297 4275 i.
1318 4227 1427 4274 misione
1442 4229 1470 4275 F.

306 4307 576 4355 hemensium.
647 4306 878 4368 l.quiF,quiaA.
947 4307 1249 4366 minmithum.
1317 4305 1471 4366 minabat,

306 4389 427 4434 consuetae
442 4391 470 4434 A.
548 4401 571 4433 o.
590 4385 703 4433 idolorum
718 4392 746 4434 A.
822 4401 846 4448 p
866 4388 927 4435 onitu
942 4391 969 4438 ἲ.
