3148 4846
133 453 441 517 nmo-1124nostrcm
470 448 605 534 benigne
625 451 761 536 recepit3
791 455 824 518 ot
844 417 950 518 missis
972 471 1030 539 per
1051 469 1109 518 nos
1130 450 1246 519 litteris
1268 451 1334 519 suis
1354 451 1454 538 eidem,

299 572 336 633 ιιι
357 564 464 634 ablata
484 565 574 634 nobie
597 567 787 652 restitueret,
809 567 1031 656 praecipiendo
1045 568 1218 635 mandarit
1290 567 1358 647 Qua
1368 569 1456 635 inter·

1558 23 1560 74 ι

235 369 239 374 ἢ
301 287 367 356 396
614 308 801 356 urrerem
822 308 1051 358 procuramur
1074 309 1111 355 ιι.
1127 308 1158 355 es
1269 351 1274 360 ,

300 681 469 769 pollutione
491 683 617 767 cognita
639 689 672 750 et
692 683 914 770 praeceptione
937 684 1059 769 audito,
1088 683 1240 752 maiorem
1265 684 1300 751 iu
1320 705 1376 751 nos
1397 684 1457 751 ani·
1559 725 1560 782 p

299 799 479 868 mositatem
503 799 669 887 episcopus
690 799 813 884 sumsit7
836 805 955 867 utnon
976 800 1078 868 solum
1094 799 1198 868 ablata
1212 821 1276 868 non
1290 801 1459 869 restitueret

300 935 410 982 verum
432 915 528 982 etiam
552 920 584 982 et
605 914 667 982 huo
687 935 787 1002 usque
810 935 830 982 a
851 915 942 984 nobis
957 936 1104 1004 possessa
1118 917 1210 984 modo
1226 918 1372 986 auferret
1400 915 1459 984 llos
1559 909 1560 922 ’

300 1037 405 1100 autem
433 1052 490 1120 per
519 1031 649 1117 antiqua
675 1031 844 1120 privilegia
866 1036 899 1100 ot
919 1053 977 1120 per
999 1033 1140 1101 viventes
1162 1038 1260 1101 testes
1282 1039 1315 1101 et
1336 1053 1391 1121 per
1411 1032 1461 1100 lit·
1559 1025 1560 1030 ’

299 1155 384 1215 teras
407 1148 515 1214 domni
537 1168 640 1236 papae
662 1150 767 1235 parati
790 1169 914 1215 eramus
936 1149 1092 1216 iustitiam
1112 1155 1253 1218 nostram
1273 1147 1460 1218 testificando

300 1263 476 1332 defendere.
523 1261 586 1330 Sed
607 1265 676 1350 ipse
698 1264 779 1330 nihil
800 1265 912 1332 horum
934 1265 1063 1352 recepit.

388 1379 456 1448 Hac
489 1399 563 1465 ergo
590 1381 777 1448 necessitate
806 1382 934 1450 auribus
964 1401 1087 1470 quoquo
1114 1387 1239 1450 vestrae
1267 1380 1462 1450 excellentiae

299 1495 478 1566 molestiam
500 1497 619 1564 inferre
640 1496 873 1585 compellimur;
895 1503 1043 1584 rogantes
1065 1499 1347 1566 eminentissimam
1370 1498 1463 1584 pieta·

299 1619 364 1680 tem
393 1619 548 1681 vestram:
585 1620 622 1681 ιιι
650 1613 734 1682 inter
761 1614 917 1682 maximos
946 1615 1081 1682 honores
1109 1620 1231 1682 vestros
1259 1614 1462 1682 humilitatem

299 1734 440 1798 metram
463 1729 555 1797 valde
578 1730 666 1798 vobis
689 1731 835 1798 devotam
857 1731 1015 1818 respicere
1038 1731 1220 1816 dignemini,
1244 1736 1276 1799 et
1295 1750 1354 1818 pro
1370 1729 1463 1798 salute

299 1847 423 1914 animam
446 1850 570 1914 vestrae
591 1847 682 1914 nobis
705 1846 739 1913 in
762 1852 981 1915 causanostra
995 1848 1204 1930 subveniatis
1227 1852 1393 1933 qnatenus,
1415 1844 1464 1933 qui

298 1967 460 2030 tantorum
487 1962 642 2030 honomm
668 1963 857 2046 dignitatum
881 1968 913 2030 et
934 1963 1168 2031 ordinationum
1189 1962 1465 2051 prudentissimum

298 2078 435 2146 iudicem
464 2082 497 2147 et
524 2080 778 2166 potentissimum
806 2079 968 2148 dominum
995 2080 1199 2167 interpellare
1226 2079 1464 2167 praesumimus,

298 2215 363 2263 non
384 2195 545 2283 repulsam
567 2196 623 2263 sed
644 2196 784 2263 iustitiae
805 2195 1053 2264 misericordiam
1074 2216 1133 2264 noe
1154 2196 1312 2264 invenisse
1334 2195 1465 2282 gaudea-

298 2331 380 2378 mus.
418 2310 462 2377 Et
485 2312 612 2397 quidem
633 2331 718 2378 nunc
738 2331 796 2399 pro
818 2311 911 2379 malis
933 2313 1066 2400 patriae,
1089 2333 1174 2380 nuuc
1194 2317 1299 2380 terrae
1321 2311 1466 2380 continua

300 2427 466 2498 sterilitato
494 2427 534 2494 ad
561 2432 682 2494 tautam
711 2427 851 2516 inopiam
881 2429 1001 2495 redacti
1022 2448 1148 2514 sumus,
1177 2434 1214 2496 ιιι
1236 2429 1332 2496 etiam
1355 2448 1466 2517 panem

299 2545 353 2612 vix
381 2562 453 2612 cum
477 2542 658 2611 discrimine
681 2543 831 2612 ecclesiae
852 2548 979 2612 noemae
1000 2544 1182 2612 habeamus.
1228 2543 1308 2612 Gum
1331 2564 1407 2630 ergo
1429 2541 1466 2611 ad

297 2681 354 2727 ros
376 2659 478 2728 isdem
501 2660 646 2728 domnus
669 2663 793 2728 renent
813 2659 864 2728 vel
885 2661 914 2726 si
936 2661 1160 2746 senioretti,
1189 2681 1346 2729 memores
1369 2665 1466 2730 estote

297 2776 400 2845 nostri
420 2781 454 2844 et
481 2777 584 2863 agite:
612 2782 650 2844 ut
677 2777 848 2846 secuudum
870 2781 1074 2865 praeceptum
1102 2777 1210 2844 domui
1231 2797 1351 2865 papae,
1382 2777 1466 2845 cuius
1559 2837 1560 2844 ,

297 2895 382 2964 ricae
409 2894 535 2979 geritis,
563 2893 655 2962 nobis
684 2892 790 2961 ablato
810 2892 1028 2960 restituantur.
1076 2893 1199 2962 Scimus
1222 2894 1366 2980 quidem,
1396 2893 1467 2980 quia

296 3009 413 3079 multas
436 3009 525 3077 vobis
549 3011 735 3096 praetendet
755 3010 950 3092 occasionem
974 3009 1031 3078 sed
1053 3029 1111 3078 nos
1133 3010 1222 3078 vobis
1245 3010 1396 3078 nonnisi
1417 3029 1467 3076 re·
1559 3055 1560 3098 p

283 3128 424 3194 ritatem
447 3125 619 3193 secundum
642 3127 772 3212 antiqua
788 3126 955 3213 privilegia
970 3132 1003 3194 et
1016 3126 1232 3194 testimonium
1244 3126 1346 3194 adhue
1360 3127 1467 3194 visen·

297 3244 375 3310 tium
400 3242 529 3310 testium
543 3241 711 3328 loquimur.
746 3241 916 3310 Memoriae
931 3247 1055 3342 vestrae
1070 3249 1103 3310 et
1115 3242 1352 3312 misericordiae
1365 3249 1467 3312 totum

297 3359 520 3444 attribuemus,
549 3359 578 3426 si
600 3379 658 3446 per
680 3358 833 3426 auxilium
854 3359 976 3444 gratiae
997 3363 1121 3427 vestrm
1143 3359 1265 3445 ablata,
1291 3381 1373 3446 quae
1394 3380 1467 3448 pro·

297 3476 481 3560 clamamus,
496 3475 639 3561 recipere
653 3476 870 3542 meruerimus.
893 3474 1100 3562 Omnipotens
1111 3475 1198 3544 Deus
1213 3477 1312 3544 vitam
1327 3483 1467 3546 rostram

298 3594 339 3660 ad
360 3593 574 3660 defensionem
596 3590 746 3660 ecclesiae
768 3597 801 3660 et
820 3591 946 3679 imperii
961 3611 1020 3679 per
1033 3596 1178 3680 tempora
1191 3593 1285 3679 longa
1299 3593 1466 3662 custodiat.
1559 3625 1560 3636 ι

296 3753 360 3826 48.
385 3751 569 3823 Gerlordoa
592 3753 757 3841 presbyter
779 3753 952 3819 cardinalis
980 3767 1008 3821 ct
1029 3755 1323 3841 apostolicaesedis
1347 3757 1466 3843 loqutus

384 3861 604 3929 Udclsoolcom
631 3861 773 3926 abbatem
799 3860 863 3928 SS.
887 3860 1030 3928 Udulra'ca'
1058 3875 1087 3928 ot
1111 3861 1217 3948 Afrae
1237 3862 1466 3951 Aequoream·

384 3971 572 4054 confirmat.

168 4123 193 4166 c.
206 4109 276 4167 1130
386 4092 595 4177 Gerhardus',
618 4096 745 4159 sauctae
759 4091 918 4160 Romanae
933 4093 1082 4162 ccclesiae
1096 4096 1263 4183 presbyter
1279 4087 1466 4164 cardinalis²

368 4234 389 4267 ι..
410 4238 439 4266 ex
456 4219 570 4266 Wdletmr·
585 4219 697 4264 Wltmn'
716 4219 827 4280 catalogo
848 4235 889 4266 ma.
907 4220 1011 4267 addetam
1027 4222 1069 4270 SS.
1083 4221 1191 4268 Udaln'ct
1203 4231 1231 4272 ιι,
1241 4223 1324 4279 Afrae,
1344 4238 1407 4269 suec.
1417 4219 1467 4268 XV

294 4309 399 4356 avuto,
417 4301 456 4362 qni
470 4302 494 4346 ιἰι
509 4298 624 4344 tabulario
639 4299 767 4359 episcopali
779 4301 918 4362 Αιιειιιιιιιιι
931 4309 1040 4348 amour.
1059 4301 1134 4349 lardi
1142 4303 1206 4348 Mon.
1217 4301 1290 4348 Gerra·
1299 4303 1342 4352 SS·
1350 4302 1401 4350 ΧΠ
1410 4301 1464 4347 431.

295 4377 318 4425 b.
338 4377 418 4426 Frater
434 4377 581 4425 debehardus
597 4395 617 4424 c.

367 4455 392 4508 1.
416 4451 577 4511 Sanctarum
594 4453 712 4526 Aquilae
729 4459 758 4511 et
773 4455 891 4527 Priscae,
909 4459 1008 4526 postea
1025 4459 1139 4514 sanctas
1150 4455 1246 4514 Crucis
1264 4457 1293 4513 in
1304 4455 1458 4514 Ierusalem
