3110 4844
293 325 358 392 342
632 341 819 388 sorsuonsu
842 339 1069 388 uoeurnmuu
1094 341 1123 386 rs

134 491 275 548 937-954
292 486 414 552 tissime
436 483 566 571 ponitur
587 469 679 550 loco.¹
712 481 797 550 Haeo
820 483 852 549 ln
876 482 1120 570 prudentissimo
1143 483 1226 550 sacri
1248 482 1379 570 pectoris
1399 499 1446 547 re-

292 603 352 669 slri
381 600 507 667 archivo
537 600 746 666 recondentur
775 604 807 665 et
833 598 1021 665 internatius
1050 597 1208 683 efflbrata,
1237 619 1317 684 quae
1342 597 1448 665 fuerint

292 723 382 801 rata,
407 721 588 797 sorrentum
612 721 737 782 caetera
759 711 962 781 abiciantur!

382 835 561 899 Zachariae
582 856 671 919 popa
693 835 848 898 uuioeroc'a
864 835 1018 919 epmoopu'a
1035 879 1109 896 ....
1126 845 1252 896 moueat
1265 835 1447 896 iucoucruou

293 952 380 1016 Beue
401 950 509 1015 valete.

381 1063 468 1131 Haec
489 1067 619 1151 propter
641 1063 898 1150 praedecessores
921 1066 1042 1128 vestros
1066 1081 1085 1127 a
1108 1065 1217 1128 sancta
1230 1059 1371 1127 Romana
1389 1077 1451 1126 aeo-

292 1179 389 1247 olosia
415 1199 480 1247 uon
509 1179 633 1263 ambigo
660 1178 870 1265 promulgata
918 1177 1033 1246 Verum
1058 1175 1096 1245 de
1119 1176 1304 1244 sacerdolali
1327 1173 1452 1262 disposi-

292 1297 393 1381 tione,
422 1294 580 1381 quondam
603 1295 813 1378 lucidissima,
842 1313 927 1362 nunc
950 1300 1054 1361 autem
1077 1293 1172 1360 nimis
1195 1292 1373 1374 obfuscata,
1395 1309 1453 1356 non

293 1412 372 1479 adeo
400 1411 440 1478 ab
468 1410 654 1478 excellentia
682 1417 790 1478 vestra
818 1412 910 1498 parvi
939 1391 1110 1497 pendatur,
1140 1409 1194 1476 sed
1222 1428 1281 1495 pro
1308 1427 1400 1494 posse
1425 1410 1454 1471 ot

291 1547 385 1595 nosse
409 1527 594 1611 elaboretur,
619 1532 654 1592 ut
676 1528 811 1614 pristino
832 1527 952 1594 lumine
974 1526 1147 1592 decoretur.
1194 1523 1229 1591 Si
1252 1525 1335 1590 eninr
1359 1543 1453 1590 sacer·

293 1645 401 1711 dotum
426 1642 593 1730 dispositio
616 1643 905 1728 catillaminum,
929 1643 1056 1709 omnino
1079 1641 1202 1708 decidet
1221 1662 1261 1707 ex
1276 1637 1455 1708 sacerdotali

292 1759 403 1827 ordine
426 1765 458 1826 et
480 1759 606 1842 virtute,
630 1758 683 1843 qui
705 1778 768 1826 non
784 1763 833 1826 est
847 1757 1049 1826 illuminator.
1083 1757 1205 1824 Forsan
1219 1757 1349 1823 dieitur:
1374 1757 1454 1839 Quo-

291 1879 384 1943 modo
407 1878 600 1942 annuntium
618 1877 741 1962 populo
764 1877 889 1941 diuinos
911 1880 1039 1942 virtuter
1062 1898 1153 1941 ouum
1172 1878 1317 1941 our-tutem
1332 1897 1396 1940 uon
1410 1895 1455 1938 co·

290 1993 493 2080 prosecutae?
517 1991 680 2074 Quomodo
704 1995 828 2057 divinoe
851 1995 975 2058 tradend
996 1995 1129 2079 epiricus
1146 2013 1255 2077 oeque,
1279 1993 1310 2056 oi
1323 2003 1369 2056 eoo
1383 1989 1455 2076 spi·

292 2113 374 2176 mous
396 2119 538 2188 acumem,
564 2108 672 2173 habitu
696 2121 724 2173 ec
745 2111 874 2174 ommate
896 2109 1071 2174 crudenter?
1095 2107 1258 2189 Quomodo
1281 2107 1458 2172 illuminem

294 2225 473 2292 obscurari?
499 2223 574 2288 Nou
598 2237 641 2288 eut
663 2227 819 2306 recordor,
843 2247 906 2290 uon
930 2239 974 2290 eat
988 2227 1131 2301 diuinum
1153 2225 1208 2288 aed
1221 2225 1380 2304 inimicum,
1405 2224 1457 2287 do-

294 2343 389 2422 loun,
414 2343 558 2405 seductor·
580 2343 700 2420 suimet,
725 2341 847 2422 illusor,
873 2342 966 2428 lupus
990 2343 1084 2406 oou'uo
1105 2339 1186 2426 pelle
1201 2351 1365 2405 emulemur.
1401 2335 1458 2404 Sed

293 2474 357 2522 non
380 2455 458 2521 haec
480 2453 569 2520 laicis
592 2455 709 2519 iustum
727 2455 891 2538 corrigere.
927 2455 1007 2534 Quia
1023 2475 1178 2540 nusquam
1192 2454 1280 2522 iubet
1294 2455 1457 2538 theologia,

292 2572 409 2638 iniuste
434 2571 540 2655 aliqua
560 2569 630 2636 fieri
652 2571 752 2651 iusta3
781 2570 836 2636 sed
866 2590 963 2636 unum
986 2591 1141 2657 quemque
1162 2571 1196 2636 in
1219 2590 1276 2637 suo
1299 2571 1410 2637 ordine
1431 2573 1459 2635 ot

295 2687 594 2776 ammmietradone,
626 2685 725 2752 sicubi
753 2687 786 2751 in
814 2707 850 2752 eo
879 2686 963 2772 quod
990 2687 1084 2754 debet
1106 2687 1273 2770 erraverit,
1303 2687 1459 2770 abeoquo

294 2803 477 2893 potentibus
500 2801 616 2885 corrigi
640 2806 672 2866 et
694 2801 797 2886 dirigi.
843 2803 914 2869 Non
937 2809 1062 2890 oportet
1085 2823 1273 2890 quemquam
1297 2822 1396 2890 supra
1417 2801 1460 2867 di·

294 2920 449 3005 gnitatem
472 2925 638 3006 temptare,
662 2919 805 3004 quamvis
828 2919 1046 2986 convenientia
1067 2920 1212 2986 videatur
1226 2939 1330 3005 agere,
1355 2938 1460 2986 secun·

254 3083 256 3096 .
294 3035 369 3102 dum
383 3035 433 3101 .A.
471 3034 585 3102 Omnia
606 3034 685 3101 mihi
713 3035 824 3118 licent,
856 3035 911 3102 sed
939 3055 1001 3102 non
1030 3037 1137 3102 omnia
1165 3036 1348 3123 expediunt
1383 3033 1461 3114 Quid

293 3151 508 3218 inordinatum
532 3149 626 3217 Ozias
649 3151 784 3218 iaciebat
806 3150 874 3217 Deo
897 3147 1052 3236 adolens¹‚
1077 3151 1153 3238 quid
1177 3151 1252 3218 Saul
1274 3149 1460 3219 immolans?

294 3267 390 3335 Ozias
413 3273 543 3354 propter
564 3266 755 3352 proterviam
780 3267 869 3354 lepra
891 3269 924 3333 in
946 3269 1026 3335 facie
1050 3263 1243 3355 percussus⁸,
1267 3267 1344 3334 Saul
1367 3286 1461 3352 regno

294 3384 446 3471 privatae.
481 3381 526 3449 Ei
547 3382 740 3450 dicentibus:
765 3386 806 3450 Iu
823 3388 948 3450 nomine
963 3399 1016 3452 tuo
1031 3389 1158 3450 uirtutes
1173 3377 1460 3470 mulcooseca‘muo‘,

294 3497 550 3587 respondebitur:
575 3500 690 3565 Nescio
713 3524 786 3580 ooa,·
814 3505 855 3568 ale
877 3524 980 3568 omues
1004 3504 1145 3590 operarii
1163 3495 1372 3588 iniquitotm⁸.
1407 3497 1463 3565 Sa-

294 3615 420 3698 cerdos,
450 3619 486 3680 ut
509 3613 633 3699 eloquia
655 3615 758 3698 aiunt,
789 3616 974 3703 explanator
997 3621 1046 3683 est
1067 3615 1245 3683 divinarum
1267 3613 1463 3682 iustificatio-

294 3752 387 3816 num,
416 3730 545 3815 augelus
575 3731 659 3797 enim
682 3729 811 3798 Domini
834 3733 1057 3820 omnipotentis
1088 3739 1151 3814 est3
1179 3733 1249 3819 ipso
1277 3734 1461 3799 attestante:

296 3849 511 3936 Quodcunque
534 3848 681 3934 liquamus
703 3851 738 3912 iu
761 3861 860 3933 turo,
890 3854 949 3916 eric
971 3851 1102 3936 liquorum
1123 3851 1159 3915 iu
1181 3849 1281 3930 coelo,
1310 3863 1339 3914 et
1361 3849 1462 3936 quod·

295 3989 416 4054 cunque
444 3965 573 4031 solveris
600 3967 634 4029 iu
663 3975 764 4045 terro,
795 3968 854 4032 uir
881 3967 1016 4031 aelurum
1042 3969 1077 4030 a'u
1106 3959 1218 4031 ooolo‘.
1264 3963 1371 4048 Unde,
1396 3963 1462 4030 Deo

295 4081 455 4164 tradente,
486 4099 648 4146 sacrorum
676 4078 873 4163 legislatores
896 4083 1063 4146 ornatuum
1086 4081 1214 4146 statutis
1237 4086 1269 4148 et
1289 4079 1462 4146 inconfusio

367 4265 392 4320 1.
416 4262 545 4333 Sequimur
562 4261 590 4320 S.
603 4262 733 4320 Bonifatii
751 4267 780 4319 el
791 4265 862 4320 Lulli
880 4280 923 4335 ep.
936 4265 971 4319 52
984 4279 1068 4334 supra
1077 4279 1105 4334 p.
1119 4263 1274 4320 152-154„
1336 4265 1363 4320 2.
1383 4263 1461 4320 aua-

295 4353 487 4500 imilsstiirlis
510 4353 571 4497 193.
590 4353 843 4426 2Paralip.26,il.
909 4351 1139 4424 &muisdia
1204 4353 1409 4458 suueuia,
1418 4352 1461 4408 m.

315 4475 323 4494 .
434 4481 440 4494 .
488 4479 496 4512 ‚
545 4481 552 4498 .
