3024 4864
328 305 549 354 anonumum
570 307 615 354 nn
636 307 740 354 nunni
761 306 948 354 arrsnonan
974 305 1004 354 oe
1187 287 1250 356 163

80 445 258 512 introduota
278 446 381 514 latent
401 467 503 532 nequo
525 447 619 514 etiam
644 467 691 532 ea,
715 467 795 533 quae
818 447 865 514 eis
887 451 1041 534 oportune
1055 447 1179 534 possint
1193 453 1420 534 our-ettam

78 561 167 648 poni;
193 597 236 608 -
255 561 326 646 sed,
350 583 391 630 ne
411 568 445 630 te
467 563 585 630 diutius
608 583 713 630 morer
735 563 878 630 ducendo
899 583 958 650 per
980 562 1120 648 singula,
1144 564 1250 630 dioam

78 675 216 744 breviter
239 699 299 744 -ι
329 698 509 764 quanquam
536 679 685 746 universe
711 679 866 746 nefandae
894 679 1040 746 laedonis
1064 685 1251 763 argumenta

78 793 116 858 ad
137 794 366 880 expugnandos
389 799 421 862 et
443 793 635 878 adfligendos
658 816 714 861 ros
737 799 919 878 exerceant,
950 800 1057 862 tamen
1079 795 1250 862 seeundum

76 909 332 996 praeoedentium
356 915 537 978 sanatorum
560 909 734 997 exemplar,
756 911 841 996 quod
863 909 1048 995 oorrigsndo
1071 911 1175 977 ourani
1195 931 1251 978 ne·

77 1026 154 1111 quit,
178 1026 294 1092 saltem
316 1027 499 1094 sustinendo
521 1031 657 1113 portate.

165 1141 217 1209 De
239 1143 416 1210 sacerdotio
439 1150 545 1210 autem
566 1142 796 1210 homicidarum
812 1146 844 1209 et
859 1140 1084 1226 adulterorum,
1108 1141 1162 1228 qui
1178 1140 1250 1208 ube·

76 1277 134 1343 qne
168 1257 237 1324 ulla
268 1258 488 1344 resipisoentia
521 1259 555 1325 in
582 1259 721 1345 peouatis
750 1259 816 1325 suis
850 1259 1024 1345 perdurare
1051 1263 1250 1345 presumunt,

75 1374 152 1441 satis
174 1373 237 1440 tibi
260 1375 466 1442 sacratissimi
489 1395 624 1448 mones
648 1394 685 1442 ae
708 1374 834 1442 deoreta
849 1373 1034 1461 pontifienm
1048 1374 1249 1461 persuadent.

75 1487 107 1556 Si
130 1491 233 1574 igitur
261 1490 442 1575 homicidis,
472 1491 588 1575 iugiter
617 1490 782 1575 agentibus
809 1490 1053 1576 poenitentiam,
1077 1490 1162 1557 eirea
1184 1490 1251 1556 exi·

74 1611 140 1672 tum
164 1607 252 1672 vitae
275 1607 442 1694 persentio,
465 1607 499 1674 id
522 1612 571 1674 est
592 1607 822 1673 communionis
846 1605 964 1673 Christi
987 1605 1109 1690 gratia,
1140 1625 1251 1673 oonee·

74 1721 175 1806 ditur,
205 1723 393 1790 mmmmm
421 1743 484 1808 qua
510 1722 633 1790 ratione
660 1741 737 1790 eura
758 1717 962 1806 regimonii'¹
984 1721 1155 1788 christiane
1176 1741 1251 1790 eon·

73 1839 265 1904 versationis
292 1839 487 1922 iniungitur?
576 1837 712 1905 Adulter
739 1859 831 1922 vero,
861 1857 955 1924 quem
983 1857 1042 1904 nee
1073 1857 1143 1904 sero
1174 1857 1250 1904 suae

73 1954 287 2040 inpudieieiae
309 1954 456 2039 penituit,
480 1973 544 2039 que
565 1954 789 2039 consequentia
811 1952 872 2021 sibi
895 1951 1089 2021 sacerdotale
1111 1951 1249 2020 offitium

73 2069 263 2156 usurpabit?
287 2068 470 2155 quando-
487 2069 660 2137 seeundum
682 2075 802 2137 statuta
823 2069 998 2136 lnnoeentii
1021 2063 1141 2155 pepae¹
1165 2074 1248 2136 oete-

73 2205 245 2270 rnrumque
270 2221 312 2232 -
337 2185 392 2272 qui
419 2184 547 2252 viduam
575 2191 631 2252 aut
658 2184 828 2252 secundam
857 2185 983 2252 duxerit
1009 2203 1156 2267 uxorem,
1185 2205 1248 2252 non

74 2301 167 2368 modo
190 2322 210 2368 a
233 2301 410 2368 ministerio
434 2299 665 2368 aeeclesiastioe
686 2300 849 2384 dignitatis
871 2301 1093 2368 verumetiam
1117 2320 1137 2367 a
1159 2299 1250 2368 oleri·

73 2423 146 2482 eatu
174 2422 349 2484 oueroetur.
400 2415 480 2483 Cum
509 2422 541 2485 et
569 2417 647 2486 baeu
673 2421 805 2504 propter
833 2417 938 2483 earnis
966 2415 1173 2500 tragilitatem
1200 2417 1249 2482 in·

75 2531 241 2617 dulgenter
263 2551 415 2600 consessa
436 2538 521 2618 eunt,
545 2531 701 2600 adulteria
723 2551 798 2600 vero
822 2531 861 2598 ab
885 2532 1031 2626 omnibus
1045 2532 1248 2620 peritissimis

72 2648 293 2734 probibentur.

161 2766 192 2831 A
217 2765 439 2832 eommunione
466 2770 572 2831 autem
599 2763 751 2831 falsorum
779 2763 914 2830 fratrum
942 2763 1010 2830 sive
1038 2764 1247 2850 saeerdotum‚

73 2879 166 2966 quale
188 2879 358 2947 eonsilium
380 2885 430 2946 est
457 2887 522 2948 tam
551 2879 714 2964 idoneum,
742 2883 778 2946 ut
805 2884 837 2947 te
859 2879 893 2946 in
915 2879 1009 2946 rebus
1031 2879 1247 2966 eorporalibue

73 2997 247 3083 separatim
270 2996 445 3081 disiungat,
475 2996 538 3064 nisi
565 2979 647 3064 forte
676 2995 715 3063 de
737 2995 797 3062 boo
819 2995 937 3062 mundo
960 2993 1065 3063 exire'
1092 2996 1248 3083 inoipiasl

74 3111 198 3196 quando
221 3111 277 3178 isti
306 3111 422 3196 ubique
450 3117 482 3180 et
509 3131 633 3200 semper
661 3111 852 3178 subintroire
880 3110 1034 3178 nituntur.
1079 3113 1111 3178 A
1134 3112 1247 3197 quibus

73 3247 106 3294 se
127 3226 280 3315 pudende
302 3227 500 3314 implicatum
522 3227 639 3295 Paulus
663 3227 824 3315 apostolus
849 3223 1040 3295 adserebat‘.
1086 3227 1130 3295 Et
1150 3229 1247 3296 ueteri

72 3343 245 3411 obiistiane
273 3343 436 3426 religionis
466 3343 659 3430 uenditorem
695 3344 728 3411 id
756 3345 861 3432 ipsum
895 3348 951 3411 aut
983 3363 1018 3410 se
1051 3363 1168 3430 passos,
1192 3349 1248 3412 aut

72 3461 208 3547 posteris
232 3459 417 3547 patiendum
439 3460 525 3545 iore,
547 3460 695 3528 fatentur.

159 3575 251 3644 Diois
281 3576 380 3661 enim,
408 3581 441 3643 te
468 3577 508 3644 ab
535 3575 600 3642 illis
628 3576 661 3642 in
692 3576 789 3642 saeris
821 3575 1015 3644 oblationum
1043 3575 1245 3645 libaminibus

71 3692 320 3760 remotissimum
348 3711 433 3775 esse,
462 3713 502 3760 ne
532 3699 676 3760 sanetum
699 3689 828 3759 canibus
853 3687 945 3758 dare‘
967 3691 1119 3759 videreris
1143 3727 1184 3740 ·-
1207 3692 1246 3760 de

70 3807 128 3876 boe
151 3809 230 3895 quid
252 3808 385 3876 sentiret
407 3813 533 3874 sanutus
554 3807 768 3892 Augustinus,
797 3807 881 3874 inter
909 3813 1013 3874 uetera
1035 3807 1145 3876 subtus
1167 3808 1245 3875 insi-

30 3910 35 3916 ’
71 3923 240 3990 nunbimus
262 3961 307 3972 —
329 3924 460 4012 insuper
481 3943 546 3990 non
568 3929 695 4012 sponte,
719 3922 802 3990 non*
826 3942 981 3990 consensu
1002 3943 1104 4008 neque
1127 3945 1167 3992 ex
1189 3943 1245 3991 uo·

143 4071 165 4104 a.
186 4057 300 4116 nglmmli
316 4061 353 4114 M,
369 4057 488 4116 mindaii
506 4059 532 4105 C.
609 4057 631 4104 b.
652 4069 694 4104 nee
711 4059 738 4105 C.

141 4137 168 4190 1.
192 4135 343 4205 regiminis.
415 4135 442 4189 2.
465 4134 499 4191 V.
518 4134 586 4204 Reg.
604 4138 681 4203 pont.
700 4133 777 4189 Rom.
795 4149 823 4203 p.
836 4134 871 4189 23
889 4150 916 4188 ιι.
929 4134 973 4190 86.
1044 4135 1070 4189 3.
1091 4137 1105 4189 1
1122 4134 1243 4191 Corinth.

72 4223 158 4292 5,1o:
177 4223 318 4294 „alioquin
331 4221 489 4278 debueratis
501 4221 536 4277 de
548 4221 600 4277 boe
611 4222 714 4278 mundo
726 4223 826 4278 exiisse
834 4221 857 4278 “.
928 4223 955 4279 4„
973 4223 991 4277 2
1004 4221 1124 4278 Corinth.
1139 4224 1181 4294 11,
1194 4225 1242 4280 26:

74 4312 117 4382 ‚in
133 4311 275 4369 itineribus
294 4327 380 4382 saepe
391 4311 561 4382 -perieulis
578 4311 607 4366 in
625 4309 702 4368 loisis
714 4309 869 4368 imbibunt
924 4311 950 4368 5.
968 4310 1065 4366 mah.
1079 4312 1104 4382 t,
1117 4313 1147 4366 6:
1168 4311 1243 4382 „No-

72 4401 117 4456 lite
135 4401 198 4458 dare
215 4405 345 4459 maetam
363 4399 509 4457 oambus“.

969 4495 1031 4553 11*
