3176 4846
208 477 278 533 1160

197 550 246 598 Iun.
257 551 289 598 54

304 309 369 376 656
507 325 587 373 vrrs
610 325 763 374 nuuonm
784 323 1046 374 nuomumscorr
1066 324 1263 374 moounumr

304 473 391 535 ortus
414 465 618 552 quiesceudcs
640 471 798 553 posuerat
821 477 910 534 cum·
931 471 1063 554 repente
1083 467 1194 550 ingens
1215 467 1250 533 in
1264 466 1393 532 civitute
1407 464 1471 532 cln-

305 604 373 651 mor
396 584 560 652 attollitur.
597 583 641 650 Et
663 583 793 650 confuse
813 603 890 650 voce
912 583 1059 650 tuberum
1082 601 1378 669 campanarumque,
1402 601 1470 648 cor-

303 699 420 767 nuum*
444 718 665 785 armorumque
687 701 831 787 strepitu,
855 699 1050 784 uterumque
1072 698 1356 786 compulsatiuuum
1378 697 1472 763 iunu-

304 815 503 884 mersbilium
526 821 612 882 terre
634 835 710 882 sono
731 816 870 883 horrenti
884 835 1046 898 concussu,
1069 815 1134 881 uti·
1148 815 1183 880 iu
1198 815 1361 900 antiquum
1377 813 1472 880 chaos

304 932 388 999 mole
416 932 583 1016 subverse,
612 933 702 1017 quasi
732 931 918 1000 dehiscendo
948 932 1132 998 tremiscens
1162 929 1409 1012 iamicrretur‘¹
1437 929 1473 994 in

304 1067 451 1135 preceps,
479 1048 623 1134 protinus
645 1047 830 1131 Meguntine
856 1047 1020 1134 impietus,
1050 1047 1133 1114 siout
1160 1047 1328 1134 arrepticius
1349 1045 1472 1132 passim

304 1163 524 1231 tumultuanti·
546 1165 652 1230 furore
674 1163 861 1248 debechsns,
884 1170 921 1230 ut
942 1161 1035 1250 pute‘
1058 1173 1172 1251 epum⁸
1188 1183 1329 1246 cxsmeu,
1353 1161 1393 1227 de
1417 1160 1472 1227 ob·

305 1281 404 1347 scuris
427 1277 557 1366 perfidie
580 1300 646 1363 sue,
669 1279 778 1366 clipeis
801 1299 837 1346 no
859 1279 952 1366 peltis
976 1280 1151 1364 ceterisque
1172 1279 1322 1362 funestis,
1344 1277 1471 1344 vexillis

306 1402 338 1464 et
365 1398 451 1462 omni
481 1415 640 1462 armorum
669 1416 783 1479 genere
811 1396 960 1480 ermutnl
991 1397 1049 1463 Io!
1076 1396 1132 1462 eu*
1158 1421 1228 1484 pou
1255 1397 1370 1482 rupto!
1402 1393 1472 1460 diro

232 1571 234 1580 ,
305 1511 442 1580 clamatu
463 1511 649 1596 vociferans,
672 1531 743 1578 cum
758 1511 878 1579 fecibus
894 1517 926 1578 et
940 1512 1044 1596 liguis,
1067 1511 1236 1599 lapidibus,
1259 1509 1363 1593 scolis,
1386 1507 1474 1574 cleu-

305 1635 371 1696 stra
393 1629 529 1695 civitatis
552 1629 663 1694 iussus
684 1627 855 1715 perrupit&
891 1627 1013 1695 Deinde
1026 1628 1190 1711 festinans,
1214 1627 1305 1712 quasi
1319 1624 1474 1692 mundum

304 1745 529 1812 vociferatione
549 1743 732 1828 involveret,
755 1743 856 1810 tribus
878 1745 912 1809 in
934 1744 1058 1828 turmis,
1081 1742 1237 1810 diabolica
1259 1742 1402 1808 trinitate
1425 1741 1474 1807 di-

305 1862 384 1945 vise,
407 1861 508 1927 tribus
532 1860 601 1943 viis,
625 1879 702 1945 quus
726 1855 839 1945 suprs¹
861 1859 1099 1946 descripsimus,
1122 1863 1277 1941 montem,
1300 1858 1357 1925 ubi
1377 1877 1475 1924 vene-

305 1977 414 2045 rabilis
438 1977 603 2063 episcopus
625 1981 688 2060 est,
715 1995 755 2042 nc
777 1995 934 2062 qusquam
958 1976 1105 2044 abeundi¹
1124 1977 1153 2043 ei
1177 1976 1305 2042 daretur
1326 1971 1476 2058 incultus,

303 2111 496 2180 preocupsre
518 2091 689 2158 contendit.

393 2208 538 2276 Ceterum
561 2226 728 2292 germanus
751 2207 859 2274 domni
882 2207 1038 2294 episcopi,
1061 2206 1153 2274 Dudo
1176 2211 1319 2291 vocatus,
1343 2206 1475 2293 probus,

304 2326 453 2393 honestus
476 2324 569 2407 setis,
597 2324 859 2410 innocentisque*
882 2324 1128 2391 conversationis
1151 2323 1257 2407 miles,
1284 2324 1476 2409 preveniens

305 2439 472 2530 populum,
502 2440 640 2526 primum
669 2439 709 2505 ud
731 2439 940 2507 venerabilem
964 2439 1095 2507 fratem
1119 2459 1208 2506 suum
1233 2438 1384 2505 domuum
1407 2438 1477 2524 epi·

306 2577 436 2644 scopum
463 2557 624 2640 ingressus
653 2561 685 2622 et
712 2575 784 2622 eum
811 2557 971 2623 sedentem
1004 2556 1182 2641 reperiens,
1212 2555 1271 2623 sit:
1308 2554 1397 2637 Qud
1423 2555 1477 2620 tic

306 2677 402 2756 sedes,
425 2677 472 2738 mi
492 2673 637 2739 domiue?
657 2673 740 2739 Eece
761 2676 897 2738 muudus
919 2685 1001 2740 tonos
1021 2676 1056 2738 e'u
1072 2685 1101 2738 te
1114 2676 1188 2738 ruit.
1219 2671 1354 2738 Veniunt
1368 2693 1476 2736 omues

306 2793 499 2878 Mequuto'ue',
523 2802 559 2856 ut
580 2801 608 2856 te
631 2813 701 2854 eum
723 2791 865 2856 omuibus
888 2794 949 2856 tue’s
972 2791 1064 2854 leodic
1086 2789 1217 2855 deleant
1251 2787 1367 2854 Nouue
1389 2809 1475 2853 eom-

301 2909 499 2997 pulsotiouee
522 2919 550 2972 et
572 2919 692 2972 tautum
714 2907 880 2973 tumultum
901 2919 930 2972 et
951 2917 1016 2972 tum
1037 2905 1218 2970 dowibilem
1232 2908 1405 2991 strepitum,
1428 2906 1479 2969 ms'

307 3026 440 3105 domiue,
472 3022 584 3087 audie?
613 3021 731 3109 Surqe,
759 3025 807 3088 mi
827 3025 969 3100 domium
992 3045 1054 3109 per
1076 3023 1237 3088 domiuum
1258 3021 1363 3087 Deum
1385 3033 1477 3086 tuum

308 3141 449 3220 obtestor,
473 3161 583 3225 turpe·
606 3151 635 3204 et
656 3139 824 3203 ascendens
846 3160 968 3224 equum,
991 3141 1098 3204 u'ceuul
1113 3139 1232 3224 sepem
1254 3149 1282 3203 et
1295 3137 1386 3202 salua
1400 3139 1476 3201 eni-

306 3279 392 3322 mam
419 3269 506 3321 mum
534 3267 563 3320 et
583 3257 706 3320 animos
728 3277 888 3320 seruorum
910 3268 1035 3322 tuomum
1057 3255 1157 3320 dedic.
1192 3255 1287 3320 Potes
1310 3255 1392 3318 mim
1414 3255 1477 3318 ud·

307 3374 376 3453 duo,
402 3393 586 3458 quemcunque
607 3372 750 3457 ducato
765 3383 821 3437 tue
836 3373 1002 3451 desederat,
1028 3370 1122 3436 libere
1136 3381 1166 3436 et
1179 3371 1319 3458 expedite
1334 3371 1476 3435 evadne.

308 3487 386 3555 Oui⁰
412 3485 591 3573 respoudit:
620 3487 802 3573 Numquid,
833 3488 946 3552 domne
973 3487 1087 3568 Dudo,
1116 3489 1253 3552 incutere
1279 3486 1373 3551 nultu's
1395 3486 1481 3552 miti

307 3618 435 3686 mutuus,
464 3617 500 3670 ut
528 3627 583 3691 epo
607 3605 811 3690 Mcpuutiuoe
829 3603 982 3688 juqicmi
1008 3603 1079 3689 Epo
1106 3603 1145 3668 ud
1169 3605 1241 3690 epea
1258 3604 1402 3689 pueritia
1423 3623 1480 3667 eos

308 3724 352 3788 ud
374 3722 530 3808 liquidum
550 3723 633 3785 uoci.
670 3719 803 3802 Videte,
827 3721 906 3806 quid
926 3722 993 3784 ium
1015 3719 1094 3784 milui
1106 3719 1219 3804 faeere
1236 3721 1370 3805 possint.
1405 3717 1479 3783 Pu-

307 3851 396 3904 ratus
418 3860 488 3904 sum
505 3849 639 3924 propter
661 3835 767 3902 Deum
789 3847 818 3902 et
840 3837 1000 3902 ecclesium
1026 3857 1118 3900 suum
1145 3835 1237 3901 leodio
1262 3837 1298 3900 iu
1321 3855 1482 3900 cernerem

309 3967 338 4021 et
363 3958 399 4020 iu
425 3966 555 4020 monem
581 3955 718 4034 iuuare,
747 3955 779 4018 si
804 3953 851 4018 itu
878 3953 1065 4039 dispositum
1094 3963 1147 4017 est.
1236 3949 1264 4016 E
1288 3955 1398 4016 ccntm
1418 3949 1480 4017 ille

382 4179 403 4214 e.
423 4179 474 4214 cum
490 4166 580 4214 addidi.
646 4166 669 4213 b.
691 4178 810 4213 cornorum
825 4165 848 4211 1.
915 4177 935 4212 c.
956 4166 983 4210 ut
998 4166 1020 4210 2.
1087 4164 1110 4210 d.
1129 4163 1252 4211 terreretur
1267 4164 1289 4209 1.
1351 4177 1372 4209 e.
1391 4162 1479 4210 turnul-

310 4246 369 4294 tnuti
384 4249 407 4294 1.
468 4245 484 4294 i.
504 4249 530 4292 ut
545 4247 601 4306 puts
615 4249 698 4306 supas·
709 4262 752 4307 pro
768 4246 847 4306 utpote
864 4246 885 4302 1,
897 4245 919 4291 2.
981 4256 1003 4302 g.
1023 4241 1085 4303 spnd
1099 4243 1121 4291 1.
1181 4243 1205 4290 lu.
1225 4243 1320 4290 sumni.
1381 4243 1479 4291 icti.

310 4323 334 4372 k.
354 4325 458 4386 prorupit
474 4327 495 4381 1,
511 4327 533 4372 2.
594 4325 611 4374 l.
631 4325 730 4372 adeundi
746 4326 768 4371 1.
828 4337 860 4371 m.
879 4323 1035 4372 innocmtisve
1051 4325 1073 4370 1.
1135 4336 1158 4370 n.
1176 4323 1236 4370 inim
1248 4325 1274 4388 Ι1.
1336 4336 1358 4370 ο.
1378 4321 1447 4372 0131.

383 4428 408 4483 1.
429 4441 493 4498 peg.
506 4427 568 4484 650.
