3024 4864
251 271 317 338 226
478 287 504 334 e.
521 285 699 334 normann
720 287 765 334 nn
786 286 889 334 nunnr
910 285 1098 335 nnrsnonnn
1117 285 1155 334 eo.
1171 283 1200 332 ar

167 437 218 492 751
250 448 315 496 non
337 427 608 496 eommunioabit·.
643 427 710 513 Ipsi
733 427 818 494 enim
840 427 1155 515 oondempnabuntnr
1175 427 1211 494 in
1231 425 1284 492 die
1305 424 1372 491 irae
1391 427 1423 490 et

152 509 235 558 'll‘
250 543 452 612 eventronis
474 544 596 612 nomm
619 549 651 611 a
673 543 840 610 saonam
863 543 965 611 nasei
979 543 1051 610 rau
1065 542 1194 626 annai,
1217 541 1293 609 aum
1309 540 1426 608 senen

251 659 292 728 ad
318 659 521 728 iudioandum
550 679 649 744 genae
677 660 866 742 humanum3
896 659 979 726 sieut
1001 660 1155 747 seriptum
1177 663 1240 728 aa
1271 658 1424 746 Superbia

251 799 306 864 epo
330 781 485 858 resultem,
510 779 587 843 aaa
609 772 796 842 Hamiroei

334 892 469 960 Etenim
491 891 530 960 de
549 890 683 976 Solaria,
705 891 952 958 christianorum
972 895 1091 958 terram
1114 889 1377 973 inhabitantibus,
1399 888 1427 956 si

251 1013 396 1094 oporteat
418 1027 548 1075 aeneum
571 1008 724 1095 aoeipere,
751 1007 955 1092 interrogasti
975 1007 1083 1075 frater.
1119 1005 1180 1074 llio
1202 1005 1330 1092 quidem
1354 1023 1429 1072 oon·

250 1123 357 1190 silium
379 1143 443 1189 non
464 1122 614 1208 indiget⁵‚
639 1121 714 1190 dum
736 1123 784 1190 rei
806 1143 902 1190 eausa
925 1127 974 1190 est
992 1122 1171 1190 manifesta
1207 1120 1242 1188 Si
1257 1121 1344 1187 enim
1361 1121 1429 1188 eine

250 1237 369 1306 tributo
404 1239 559 1323 sederint,
592 1238 696 1326 ipsam
725 1240 913 1324 quandoque
940 1239 1104 1326 propriam
1133 1237 1194 1305 sibi
1221 1235 1430 1304 vindicabunt

250 1357 385 1436 terram3
409 1355 439 1420 si
460 1375 534 1422 rere
557 1353 712 1422 tributum
735 1354 890 1442 dederint,
913 1359 1046 1422 norunt:
1069 1354 1300 1422 dominatorem
1323 1354 1427 1440 ipsam
1484 1359 1486 1362 ’

249 1469 368 1538 hebere
389 1475 517 1538 terram.

338 1585 421 1652 Nam
443 1590 478 1652 et
496 1586 556 1652 hoe
578 1584 730 1670 flagitasti
752 1607 771 1652 a
793 1586 895 1670 nobis,
923 1585 1122 1654 sanou'saime
1142 1585 1258 1654 frater:
1285 1585 1320 1650 in
1343 1585 1428 1652 saeri

250 1701 380 1770 omanis
401 1701 636 1788 praedieatione
660 1707 737 1787 quot
758 1702 793 1769 in
807 1700 885 1770 loeis
901 1721 1008 1770 eruoea
1023 1702 1128 1770 faeere
1143 1701 1326 1784 debeantur,
1351 1705 1428 1770 tuae

249 1815 461 1902 significemus
485 1817 656 1884 sanctitati.
691 1816 782 1884 Votis
804 1823 912 1885 autem
933 1819 996 1884 tuis
1020 1817 1190 1886 elementer
1212 1816 1367 1900 inelimati,
1394 1818 1429 1884 in

248 1932 369 2000 rotulo·
385 1933 458 2000 dato
481 1933 643 2020 praediolo
658 1931 720 2000 Lnl
734 1932 881 2017 religioso
896 1933 1074 2020 presbitero
1088 1939 1154 2019 tuo,
1176 1953 1235 2020 per
1248 1932 1319 2000 looa
1334 1933 1430 2017 signa

248 2055 377 2116 sanotae
399 2049 501 2116 erneis
525 2055 641 2135 quante
662 2047 732 2116 lieri
753 2048 898 2134 debeant,
920 2047 1094 2118 infiximus.

339 2163 398 2232 His
426 2164 552 2232 autemd
582 2185 616 2232 se
644 2163 849 2248 habentibus,
879 2164 1008 2233 Domini
1036 2165 1259 2252 deprecamur⁸
1286 2162 1428 2233 elemen-

249 2281 338 2366 tiam,
361 2281 436 2347 lioet
456 2286 648 2368 peooatoree,
671 2285 707 2348 ut
729 2301 786 2348 suo
809 2287 841 2350 te
857 2282 982 2349 muniat
999 2285 1032 2348 et
1046 2281 1202 2348 eonfortet
1216 2280 1336 2348 auxilio
1350 2301 1428 2348 nos·

249 2416 310 2482 que
347 2401 466 2464 annuat
493 2397 714 2484 prosperitatis
741 2401 816 2466 tuae
844 2417 969 2484 semper
995 2397 1081 2464 laeta
1110 2397 1271 2484 eueoipere
1298 2399 1427 2466 nuntia

248 2511 335 2578 Deus
357 2517 390 2579 te
412 2512 603 2580 ineolumem
620 2513 786 2598 mstodiat,
809 2514 1063 2582 reuerentissime
1078 2512 1186 2580 frater.
1221 2512 1305 2580 Data
1319 2514 1429 2600 pridie

248 2627 356 2696 Nonas
379 2627 581 2713 Nouembris,
608 2629 785 2716 imperante
807 2629 922 2696 domno
945 2629 1089 2716 piissimo
1112 2635 1245 2714 augusto
1267 2629 1430 2698 Constan-

248 2744 315 2810 tino
340 2743 444 2812 aDeo
468 2749 617 2812 eoronato
640 2763 754 2828 magno
777 2746 968 2833 imperatore
990 2765 1073 2812 anno
1096 2745 1255 2812 trioesimo
1274 2746 1428 2831 seeundo,

248 2865 322 2945 post
344 2858 558 2928 oonsulatum‘
580 2860 648 2928 eins
672 2879 754 2928 anno
775 2860 951 2945 undecimo,
974 2861 1147 2929 indietione
1168 2861 1287 2947 quinta

249 3115 312 3185 81.
334 3117 513 3184 Zachariae
527 3142 617 3206 papa
627 3118 795 3204 Bonifatio
812 3119 957 3206 episeopo
973 3131 1002 3184 et
1013 3121 1079 3184 eiua
1090 3119 1318 3186 neocaesaream
1330 3121 1430 3188 eecle-

337 3235 647 3320 ooamMopaatinam
658 3239 771 3300 asserat
781 3235 884 3300 aedem
894 3235 1197 3322 owtropole‘taaom‘.
1211 3232 1262 3317 (W
1268 3233 1429 3320 ababa)

164 3375 214 3430 aar
336 3365 504 3432 Zacharias
527 3386 613 3453 papa
626 3365 784 3434 Bonifatio
808 3367 956 3455 episeopo
980 3373 1107 3436 sanotae
1127 3368 1276 3438 ecelesiae
1291 3367 1430 3454 llogon·

149 3448 231 3494 ΝΜ
247 3480 321 3566 tiae,
346 3485 378 3548 et
400 3503 456 3568 per
479 3501 552 3549 eum
573 3483 607 3548 in
631 3481 741 3550 eadem
763 3483 961 3551 venerabileh
979 3483 1138 3571 ecclesiae,
1161 3489 1349 3572 perpetuam
1374 3507 1430 3554 sa-

247 3596 357 3664 lutam.

336 3712 477 3791 Qualiter
504 3713 649 3779 dominus
672 3711 758 3780 Deus
786 3720 894 3783 nostor
922 3716 1113 3804 propitiatus
1140 3717 1183 3783 sit
1206 3720 1238 3783 et
1258 3714 1428 3785 laboribus

248 3829 446 3897 sanctissime
473 3829 681 3896 fraternitatis
709 3834 782 3896 tuae
811 3835 996 3918 cooperator
1024 3830 1182 3918 extiterit,
1210 3853 1268 3920 per
1295 3831 1430 3918 singula

320 4057 340 4090 a.
361 4045 534 4092 communicavit
549 4047 603 4093 MC·
681 4043 704 4091 b.
725 4061 782 4090 eurr.
798 4047 821 4090 r'u
836 4043 925 4102 indiges
942 4049 969 4094 C.
1047 4059 1067 4092 a.
1088 4045 1163 4093 rotulo
1179 4063 1237 4093 corr.
1249 4049 1273 4092 a'a
1288 4045 1425 4096 redula!-

248 4122 271 4170 d.
291 4123 324 4171 ita
340 4125 397 4172 add.
414 4129 440 4174 C.
533 4139 553 4170 e.
574 4123 722 4184 deprecamus
738 4127 773 4172 M.
866 4123 882 4172 l.
903 4127 969 4184 pater
984 4127 1022 4179 Ι,
1044 4125 1133 4186 imperii
1153 4129 1175 4172 ie
1191 4127 1261 4172 lituro
1278 4128 1305 4174 C.
1328 4129 1427 4186 Scripsi

246 4205 301 4262 post
320 4204 474 4262 consulatum
494 4223 515 4252 o.
531 4221 601 4263 supra
615 4221 639 4262 p.
657 4203 693 4250 17.
775 4217 796 4264 g.
817 4222 847 4251 ex
864 4208 892 4252 M
906 4205 969 4260 531),
991 4204 1155 4252 cebo-40.
1183 4207 1236 4254 sae
1257 4208 1363 4254 mata
1380 4209 1428 4264 13

246 4279 350 4343 Epistola
365 4283 485 4330 &rhedae
501 4283 531 4330 ad
545 4282 684 4329 Bonifatium
701 4285 727 4332 C.
804 4282 828 4331 b.
849 4301 906 4331 carr.
917 4285 940 4331 ie
956 4285 979 4331 et
993 4296 1036 4344 per
1051 4298 1103 4332 eum
1118 4283 1193 4332 eidem
1208 4284 1334 4334 amabili
1352 4289 1379 4336 c.

319 4388 344 4444 1.
368 4384 410 4444 cf.
428 4387 524 4443 larem.
537 4387 581 4458 50,
594 4388 638 4458 31,
656 4387 787 4460 iacobi,
800 4390 826 4445 6.
