3110 4844
323 275 389 342 274
530 293 557 341 s.
573 292 751 342 sermm
772 293 816 341 nr
838 293 942 342 annm
963 292 1150 342 nrrsromn
1174 294 1227 340 ιιι.
1243 294 1288 340 ιιι

162 441 303 500 tob—‘15⁷
321 435 535 522 pertinentem
559 471 600 482 -
625 431 732 501 enins¹
754 434 833 502 bene
855 433 1050 519 recordaris,
1073 435 1149 501 dnm
1170 433 1285 518 legitur
1308 471 1347 481 —
1368 433 1464 500 esdad

134 2377 140 2400 ἱ
178 2295 305 2364 postibi

322 551 479 636 quondam
512 551 727 618 aoismationm
756 551 1019 618 nefandissimum
1046 550 1235 637 pertinebat.
1282 549 1340 629 Qui
1365 569 1467 635 semper

320 667 426 734 iurare
449 667 585 752 solebat,
616 665 696 733 nihil
720 686 753 732 ee
775 667 895 733 terreni
917 671 1137 753 aneepturum,
1161 687 1239 746 enm·
1255 666 1356 732 subito
1378 685 1411 732 er
1431 665 1469 730 in·

321 785 450 869 proviso
472 783 559 849 velut
580 802 696 848 novam
719 782 877 849 fantasma
899 783 1066 869 episeopus
1090 783 1247 868 apparuit.

412 897 480 967 Hoo
502 900 568 966 iam
587 898 728 965 maxima
750 919 789 965 ex
814 904 904 984 parte
923 899 1064 964 futurum
1081 917 1150 964 esse
1164 896 1348 980 formidabo,
1369 896 1473 978 longio-

322 1015 367 1081 ris
396 1016 550 1081 sermonis
577 1014 745 1101 prolixitas
767 1013 886 1098 legenti
908 1013 1071 1081 fastidium
1094 1035 1134 1080 na
1157 1014 1290 1097 gignat·.
1336 1011 1412 1078 Nam
1432 1031 1473 1076 sa-

322 1131 412 1216 piens
435 1131 546 1216 paneis
569 1131 670 1196 utitur
692 1130 811 1212 verbis3
836 1131 950 1196 stultus
975 1135 1080 1197 autem
1095 1129 1204 1196 multis
1221 1126 1386 1212 fatuatur',
1408 1127 1476 1192 siam

323 1250 356 1311 et
378 1265 445 1328 ego.
537 1244 689 1330 Obeeoro,
712 1246 805 1312 istius
827 1245 983 1332 epistulae
1005 1245 1183 1330 rubiginem
1207 1243 1397 1310 emendando
1418 1241 1476 1308 abe

322 1365 426 1444 terge,
454 1360 580 1445 maique
607 1361 724 1427 erroris
752 1361 951 1445 indulgentia
978 1362 1078 1428 detur.
1125 1359 1212 1426 Dens
1239 1359 1313 1442 tibi,
1343 1355 1476 1444 qnodad

322 1475 457 1542 salntem
480 1481 569 1542 tuam
591 1477 765 1562 pertineat,
797 1476 968 1544 elementer
998 1477 1155 1562 inspirare
1177 1475 1338 1558 dignetur,
1369 1479 1400 1540 et
1419 1491 1478 1539 oon

323 1611 418 1674 grege
445 1591 505 1658 tibi
534 1593 720 1659 commisso·
742 1593 932 1660 ineolumem
955 1597 1064 1679 pastor
1087 1597 1251 1678 pastorum
1273 1595 1306 1656 te
1330 1587 1477 1657 eustodiat

323 1705 459 1793 Propria
479 1727 577 1774 mann
599 1707 711 1776 soribsi
733 1707 825 1775 haee:
850 1707 1000 1792 Observa,
1025 1727 1105 1793 quae
1128 1706 1356 1794 prooipiuntur,
1380 1709 1410 1772 et
1429 1703 1480 1770 sol·

325 1843 383 1890 vus
407 1843 481 1890 erro.

327 2034 413 2106 112.
436 2036 576 2118 Quidam
603 2037 756 2104 mondolio
787 2039 914 2106 cuidam
946 2040 984 2104 de
1016 2040 1137 2104 oiaioao
1159 2037 1305 2122 feruisse
1333 2035 1482 2104 enimam

435 2150 560 2238 rq‘at‘.
1089 2149 1125 2232 (S
1143 2153 1195 2235 71,
1218 2149 1259 2218 W
1277 2152 1352 2236 147,
1375 2148 1482 2228 (3137)

523 2285 605 2352 aliae
626 2306 726 2371 usqne
749 2287 789 2352 ad
815 2285 945 2352 ascellas
969 2290 1000 2351 et
1022 2304 1122 2369 usque
1145 2283 1186 2350 ad
1209 2283 1343 2368 eollnm3
1373 2289 1404 2351 et
1424 2283 1484 2348 aliia

324 2421 423 2487 supra
444 2405 540 2486 eaput
562 2400 715 2468 ebulliens
738 2407 932 2469 tormentum
955 2400 1143 2467 aseendebat
1164 2401 1247 2484 ignis
1271 2406 1304 2467 et
1319 2397 1485 2467 anementi.

324 2515 372 2582 lbi
398 2515 566 2583 abbatum·
589 2515 827 2584 abbadissarum
857 2518 1008 2585 uomitum
1032 2522 1064 2583 ot
1085 2517 1188 2582 omnis
1211 2535 1307 2583 sexus
1330 2513 1486 2583 multitudo

323 2631 394 2696 visa
416 2637 465 2698 est
488 2633 574 2699 varie
598 2634 749 2718 torqueri.
795 2633 840 2700 Et
861 2634 969 2701 multis
993 2633 1095 2700 adhue
1117 2631 1308 2717 viventibus,
1333 2633 1488 2698 universae

324 2745 488 2830 dignitatis
511 2753 544 2815 et
570 2748 793 2834 ignobilitatis,
822 2750 892 2816 loea
918 2769 977 2836 pro
1004 2749 1127 2816 meritis
1149 2754 1355 2835 peecatorum
1377 2750 1488 2834 parata

324 2861 368 2930 Et
389 2883 498 2931 omnes
521 2865 644 2931 animas
667 2864 701 2930 in
723 2866 827 2952 puteis
851 2866 1037 2951 quandoque
1059 2862 1208 2932 solubiles
1229 2884 1308 2948 esse,
1331 2863 1387 2931 vel
1402 2865 1433 2929 in
1447 2861 1490 2927 dia

325 2979 436 3046 iudioii
464 2985 520 3046 aut
549 2986 630 3046 ante.
676 2979 720 3046 Et
749 2981 901 3048 narrabat
929 3001 1026 3048 unam
1053 2980 1205 3047 feminam
1232 2979 1434 3067 redemptam
1458 2975 1492 3042 de

326 3093 430 3179 aliquo
458 3102 553 3181 puteo
581 3097 748 3163 missarum
778 3095 1063 3163 sollemnitatibus‘.
1099 3096 1143 3162 Et
1165 3095 1225 3162 boo
1245 3096 1424 3162 maximum
1445 3093 1492 3159 bu

325 3230 403 3278 num
426 3210 601 3296 animabus,
626 3210 857 3295 egredientibus
880 3213 920 3279 de
942 3231 1084 3300 eorpore,
1108 3212 1199 3278 dixit
1234 3211 1277 3278 Et
1293 3231 1390 3278 omna
1404 3227 1493 3295 genua

325 3325 498 3392 humanum
528 3333 560 3394 et
581 3333 691 3401 ,totum
720 3327 872 3395 mundum
895 3339 972 3416 per⁸
995 3329 1117 3395 animas
1140 3327 1306 3396 eolleetum
1330 3335 1406 3395 ante
1427 3345 1494 3392 eon·

326 3447 468 3528 spectum
496 3463 604 3524 snum3
634 3448 670 3509 nt
697 3444 890 3528 disoernere,
920 3444 997 3530 qnid
1024 3445 1157 3529 quisque
1179 3443 1230 3512 vel
1252 3443 1328 3512 boni
1351 3443 1405 3511 rel
1427 3439 1495 3508 mali

327 3558 452 3642 egisset,
475 3559 662 3626 nominatim
685 3559 719 3624 in
741 3581 873 3647 eorpore
896 3561 1005 3627 vivens
1030 3581 1067 3626 aa
1089 3560 1177 3645 bora,
1201 3565 1234 3626 et
1254 3580 1336 3646 pene
1359 3559 1496 3626 omnium

325 3674 471 3739 vivorum
493 3675 609 3741 merita
630 3695 761 3742 narrare
784 3679 949 3762 potuisset
983 3675 1027 3742 Et
1049 3681 1161 3764 postea
1182 3680 1301 3742 terram
1325 3675 1496 3742 viventium

325 3793 359 3856 at
380 3789 595 3874 gaudentium,
619 3790 747 3877 plenam
771 3791 937 3858 odoriferis
960 3791 1101 3875 floribus,
1125 3797 1157 3858 et
1171 3791 1289 3858 multas
1306 3793 1433 3858 animas
1448 3809 1498 3855 no·

325 3909 432 3970 torum
460 3909 493 3972 et
519 3906 698 3990 ignotorum
728 3906 818 3974 nobis
847 3906 1010 3974 hominurn
1039 3909 1121 3975 siout
1144 3908 1231 3975 etin
1254 3907 1405 3974 omnibns
1427 3905 1501 3973 loris

399 4130 421 4163 a.
441 4117 518 4175 gignet
535 4119 562 4163 V.
632 4118 653 4166 b.
674 4118 774 4166 fatuatur
790 4123 873 4180 scripu
884 4139 926 4180 pm
942 4121 1050 4178 fatigatur
1067 4121 1095 4167 V.
1163 4134 1182 4166 e.
1204 4121 1313 4166 eommiso
1331 4121 1361 4168 V.
1434 4119 1457 4166 d.
1476 4134 1503 4164 es

330 4197 352 4242 V
359 4197 469 4244 db-dd.
493 4199 561 4243 Dm!
581 4199 666 4245 initium
686 4201 750 4246 baina
770 4201 891 4260 epistolam
913 4217 966 4248 nam
988 4201 1050 4262 quod
1067 4210 1224 4260 praecesserat
1241 4201 1323 4257 salba
1342 4205 1449 4248 escis-
1464 4207 1502 4245 nt.

327 4289 347 4321 a
369 4274 490 4324 abbatnun
508 4277 536 4324 7.
612 4277 629 4324 i.
650 4278 856 4328 sollemnitatibans
874 4281 902 4328 7.
980 4293 1001 4340 g.
1024 4293 1066 4340 par
1082 4279 1175 4328 addidi.

400 4381 424 4434 1.
448 4395 487 4436 se.
506 4379 666 4438 sententiae.
