3090 4848
344 283 372 329 s.
389 281 564 329 sounnru
585 283 629 329 uu
652 283 754 330 uuum
776 283 963 329 mucrones
987 283 1015 328 er
1203 265 1262 332 151

96 423 169 488 dum
184 421 342 490 Dominus
365 423 531 491 donaverit
552 425 699 508 quictem,
724 429 879 508 augentur
902 431 934 491 et
954 424 1124 492 luminaria
1144 430 1267 491 sancto·
1300 431 1353 485 '145

96 560 164 605 rum
179 575 221 586 -
234 559 292 626 pro
315 559 362 626 ao,
386 541 470 626 quod
492 559 576 606 nunc
597 539 759 607 tribulatio
783 540 897 608 accidit
913 539 1152 608 Saracinorum·
1168 540 1267 607 Saxo·
1284 503 1371 552 ⁰⁰i⁸¹

96 675 171 721 uum
193 655 246 722 vel
267 655 473 741 Fresonume,
497 657 579 722 sicut
601 661 636 722 tu
659 657 728 742 ipse
750 655 842 722 nobie
864 657 1040 724 innotuisti.

184 771 234 837 Da
261 792 297 838 eo
319 793 470 858 namque,
501 773 586 858 quod
607 773 825 856 interrogasti:
858 773 940 857 quod
964 771 1027 857 illi,
1057 773 1110 858 qui
1133 772 1268 858 depositi
1401 819 1406 832 .

95 893 169 954 sunt
196 908 257 974 pro
286 887 472 975 capitalibus
495 889 633 975 peccatis
657 889 696 954 de
718 889 817 972 gradu
840 888 1094 955 sacerdotali-
1118 888 1193 956 dum
1216 909 1268 954 eos

4 1047 5 1050 =
93 1004 292 1091 repperisses
319 1004 494 1090 adulteros,
523 1003 713 1088 homicidas,
742 1009 778 1070 ut
799 1023 858 1070 nec
881 1005 1060 1070 sacerdotes
1083 1023 1141 1072 nec
1164 1003 1269 1071 clerici

94 1141 161 1186 essa
185 1121 322 1206 possint,
344 1140 404 1187 nec
425 1121 484 1188 sub
506 1121 682 1206 penitentia
703 1119 849 1186 monachi
867 1139 936 1186 esse
950 1119 1113 1186 uolunt—
1127 1121 1182 1188 sed
1197 1140 1269 1206 pcr-

93 1241 204 1320 gentcs
229 1236 314 1323 apud
336 1235 490 1323 palatium
512 1236 596 1320 regis
619 1235 813 1302 Francorum
835 1240 963 1319 rogant,
994 1241 1030 1302 ut
1052 1236 1097 1302 eis
1121 1235 1190 1303 loca
1211 1237 1269 1302 tri-

94 1354 170 1420 buat
193 1352 417 1419 aecclesiarum
440 1353 491 1420 vel
513 1353 793 1436 monasteriorum,
817 1357 853 1418 ut
874 1352 988 1418 laicam
1012 1353 1127 1418 vitam⁶
1150 1353 1268 1435 vivant,

93 1469 314 1555 dispergentes
338 1474 519 1535 sanctorum
541 1467 626 1550 loca3
650 1467 706 1534 sad
721 1473 753 1534 et
767 1468 807 1534 de
821 1467 881 1535 hoc
895 1468 1026 1555 pariter,
1050 1467 1186 1553 qualiter
1199 1467 1270 1536 fieri

94 1585 219 1669 debeat,
244 1584 438 1651 Francorum
459 1584 657 1671 principibus
680 1589 914 1651 commonentes
938 1584 1120 1651 direximus.

183 1701 222 1767 In
253 1701 316 1767 alia
344 1703 461 1789 quippe
489 1706 546 1767 tua
574 1696 726 1787 epistola¹
753 1700 951 1787 repperimus
975 1701 1131 1767 contineri
1153 1701 1269 1784 omnia,

4 1807 5 1892 ζ
94 1837 175 1903 quaa
205 1821 317 1883 contra
345 1821 377 1883 te
405 1823 536 1902 egerunt
556 1816 630 1883 falsi
653 1821 685 1883 et
707 1816 878 1883 scismatici
901 1816 1057 1904 episcopi,
1086 1817 1120 1883 id
1143 1822 1192 1883 est
1213 1816 1271 1883 Al·

95 1933 245 2000 dabertus
268 1938 301 2000 et
315 1932 477 2014 Clemens3
501 1952 559 2019 per
582 1951 662 2018 quae
686 1934 793 1999 omnia
815 1939 886 1999 acta
907 1934 1050 2020 ipsorum
1073 1937 1105 2000 ct
1119 1933 1270 2019 impiissi-

4 2057 6 2144 ᾗ
94 2069 182 2116 mum
207 2069 346 2116 errorem
371 2048 556 2133 singillatim
578 2048 735 2116 indicasti.
782 2049 848 2116 Nos
870 2068 962 2133 vero,
986 2049 1184 2133 congregatis
1206 2049 1270 2115 ira·

4 2229 6 2248 ,
94 2167 196 2232 tribus
220 2171 254 2232 et
275 2165 549 2232 consacerdotibus
572 2165 706 2250 nostris,
739 2166 910 2233 eorundem
938 2184 1108 2253 pravorum
1137 2164 1270 2232 scelera-

4 2291 6 2354 ὲ
94 2285 221 2348 tissima
244 2289 316 2349 acta
337 2283 372 2348 in
395 2303 504 2349 eorum
525 2283 707 2369 pressanda
728 2282 825 2365 relegi
848 2283 989 2348 fecimus.
1028 2282 1071 2348 Et
1089 2283 1164 2348 dum
1178 2282 1270 2349 nobis

97 2417 203 2465 cerem
226 2397 360 2465 concilio
383 2397 500 2465 relecta
521 2397 665 2482 fuissent,
689 2398 741 2483 pio
764 2398 868 2463 studio
892 2418 1017 2482 omnes,
1042 2397 1170 2464 eadamd
1194 2398 1270 2464 scis·

4 2503 6 2530 *
97 2514 212 2581 metica
234 2513 385 2598 dogmata
406 2514 548 2600 ipsorum
571 2534 626 2581 seu
649 2514 926 2580 sceleratissimam
948 2515 1062 2599 uitam
1093 2534 1184 2600 quam
1210 2514 1271 2580 sibi

4 2617 5 2622 ἵ
98 2631 287 2698 aldebertus
311 2629 508 2696 conscribere
534 2631 624 2714 facit,
652 2649 717 2695 una
743 2650 819 2696 voce
847 2629 1117 2697 exclamaverunt:
1147 2635 1184 2696 ut
1204 2630 1271 2712 igni

4 2761 5 2818 2
99 2750 322 2814 cremarentur.
371 2745 433 2812 Sed
455 2765 512 2812 uos
535 2746 594 2812 hoc
616 2766 679 2812 non
707 2745 777 2813 fieri
806 2752 927 2812 rectum
957 2747 1181 2828 iudicavimus,
1211 2766 1269 2832 pro

4 2907 6 2948 ;
98 2883 132 2930 eo
154 2862 239 2950 quod
264 2897 307 2908 —
331 2861 372 2928 ad
395 2863 618 2929 reservandum
642 2862 764 2928 sivein
787 2867 949 2930 aeternum
978 2882 1031 2929 eos
1060 2861 1270 2928 condemnen-

98 2980 169 3046 dum
193 3015 237 3026 -
263 2979 296 3044 in
320 2979 436 3044 scrimo
464 2984 590 3045 saumae
619 2977 788 3045 aecclesiae
814 2979 1007 3045 reservanda
1033 2978 1268 3060 mandavimus3

4 3075 5 3090 .
96 3095 305 3182 suscipientes
328 3094 391 3180 ipsi
414 3094 541 3178 dignam
566 3095 763 3161 sententiam.
811 3093 907 3160 Cuius
931 3090 1049 3160 instar²
1073 3094 1205 3161 actionis
1229 3095 1270 3160 ad

95 3218 181 3278 tuam
206 3211 382 3278 direxims
404 3210 575 3276 fraternam
598 3212 813 3293 sanct'tatcm3
838 3217 887 3295 ut,
910 3210 1028 3276 relecta
1049 3209 1082 3276 in
1105 3211 1270 3297 provincia

94 3327 301 3412 Francorum,
325 3327 428 3392 omnis
450 3327 656 3425 scismaticus,
681 3327 811 3393 audiens
833 3326 940 3393 taliter
964 3346 983 3391 a
1006 3333 1113 3393 sancta
1134 3327 1195 3393 Dei
1218 3347 1269 3392 ca·

94 3445 211 3512 thelica
235 3449 268 3510 at
291 3441 465 3529 apostolica
487 3443 639 3510 aecclesia
659 3444 848 3527 iudicatum,
873 3463 1022 3510 asaneus
1042 3443 1091 3510 sui
1112 3443 1269 3530 pravitate

95 3560 273 3648 resipiscat

4 3369 6 3402 l

4 3451 6 3520 l

4 3527 6 3662 l

4 3667 7 3794 ι
182 3675 220 3742 In
248 3674 345 3740 tertia
373 3693 510 3757 namque
537 3679 593 3740 tua
621 3674 755 3761 epistola
781 3675 937 3741 intimasti
959 3675 1050 3743 nobis
1074 3674 1112 3740 de
1135 3674 1197 3741 alio
1220 3694 1269 3740 sa-

4 3801 6 3924 Ι
95 3793 222 3860 ductore
246 3791 377 3857 nomine
401 3788 566 3875 Gcolcobc,
591 3791 644 3875 qui
668 3797 761 3857 antea
781 3789 861 3858 false
884 3785 1040 3877 cpiscopi⁸
1059 3790 1177 3857 honore
1198 3791 1269 3856 fun·

4 3929 6 4012 g
96 3909 241 3993 gebatur,
267 3912 299 3974 ct
322 3907 397 3993 quia
420 3907 487 3973 sine
509 3907 732 3992 cuiuscumque
755 3907 897 3974 consultu
922 3908 1006 3994 apud
1028 3927 1086 3973 nos
1109 3913 1267 3995 properat.

97 4023 152 4091 ut·
176 4025 254 4091 dum
278 4023 459 4108 advenerit,
482 4029 518 4089 ut
540 4021 675 4090 Domino
699 4024 867 4110 placuerit,
890 4022 953 4090 fiet.

164 4217 185 4250 a.
206 4221 265 4250 carr.
281 4206 306 4250 ta
326 4201 503 4248 Sarracenorum
521 4205 547 4248 C.
640 4201 662 4248 b.
682 4201 801 4248 Frisouum
824 4205 851 4250 C.
945 4215 965 4248 c.
986 4219 1043 4248 carr.
1059 4205 1082 4248 r'n
1101 4202 1160 4249 laica
1178 4202 1226 4249 uita
1243 4205 1269 4251 C.

4 4307 5 4314 .
100 4280 119 4327 d.
139 4283 218 4330 codam
236 4287 271 4330 M.
352 4295 373 4328 e.
395 4280 424 4326 st
440 4283 536 4328 deleam
551 4289 585 4327 m
601 4284 623 4327 r'a
640 4284 666 4328 ι’.

164 4389 189 4443 1.
213 4401 298 4458 supra
315 4403 344 4458 p.
359 4387 420 4442 138.
509 4387 535 4440 2.
560 4385 722 4456 exemplum.
812 4388 837 4442 3.
861 4385 1022 4456 Mogontini.
