3110 4844
401 285 589 338 sensum
610 285 838 338 xoeosomns
859 288 914 336 so
1173 269 1237 338 til

78 424 245 494 obediensti
265 431 368 512 terre,
391 427 430 495 de
451 427 511 494 beo
532 428 602 496 lnee
623 431 715 516 peter
735 449 826 496 meus
847 428 1075 498 interveniente
1098 432 1239 496 utronno

77 540 124 608 die
145 541 340 610 substreotos
362 548 420 610 est
458 541 503 612 Et
522 543 675 612 remansit
696 544 765 612 sole
786 549 887 612 meter
908 564 980 612 mee
1001 549 1034 612 et
1055 563 1113 629 ego
1135 563 1239 612 soror-

77 675 133 744 que
154 677 241 741 mse3
264 663 297 726 et
317 658 418 726 edbue
432 655 500 726 Deo
515 660 685 728 miserente
696 680 763 728 uos
778 666 844 730 tres
858 660 1044 748 superstites
1059 661 1235 754 existimm.
1255 679 1281 723 o.
1292 665 1345 722 815

75 772 141 840 Nun
165 779 272 842 tumen
293 775 495 861 pervenimus
517 775 558 841 ed
580 781 746 862 peternem
768 775 976 844 hereditatem
997 781 1148 844 nouem.

160 889 312 978 Ideoque,
345 891 488 978 piissime
514 892 701 979 imperetur,
732 893 786 978 qui
814 891 959 960 omnibus
988 892 1179 980 pauperibus
1207 898 1241 960 et

75 1006 136 1074 ism
158 1007 280 1074 eunetis
302 1007 514 1092 indigentibus
537 1007 650 1076 stebile
671 1007 829 1093 retugium
852 1028 910 1097 pro
933 1007 995 1076 Dei
1017 1009 1241 1100 umoremise·

75 1122 237 1190 deorditer
259 1123 430 1211 inpendere
451 1143 516 1190 non
538 1124 696 1209 oessods‘,
719 1123 810 1192 uobis
834 1143 973 1210 qnoque,
995 1129 1131 1212 peteme
1151 1124 1241 1192 bore·

74 1237 172 1306 ditate
193 1237 389 1326 despolietis,
411 1259 469 1326 pro
491 1245 597 1308 vestre
618 1240 793 1327 elymosina
815 1238 964 1308 euxilisri
986 1239 1045 1308 snb
1067 1240 1128 1308 beo
1141 1239 1241 1308 reule·

74 1356 212 1424 metiens
233 1361 343 1422 nostre
360 1361 529 1442 uteunque
543 1356 686 1438 feriatim
709 1362 742 1424 et
756 1375 815 1443 per
828 1353 936 1424 fideles
951 1361 1073 1424 vestros
1088 1356 1242 1444 idipsum

73 1471 264 1556 investigere
286 1471 475 1556 dignemini,
506 1477 613 1540 utrum
635 1473 717 1540 iuste
740 1472 781 1540 ed
803 1492 861 1540 uos
884 1472 1043 1559 pertinere
1066 1472 1179 1540 debent
1199 1491 1242 1540 sn

74 1608 152 1671 uon;
180 1589 209 1655 si
230 1593 336 1656 temen
360 1589 444 1675 epud
467 1594 604 1657 vestrum
627 1589 860 1656 sanctissimum
883 1588 1043 1657 decretum
1068 1589 1166 1656 feerit
1186 1607 1242 1656 ex·

74 1703 261 1772 odientiem.
295 1703 388 1772 Multi
410 1705 494 1772 enim
517 1711 614 1776 testes
637 1705 676 1772 de
698 1705 778 1793 ipsis
799 1705 891 1792 pugio
915 1725 1012 1792 super
1033 1705 1092 1772 beo
1114 1705 1187 1792 ipse
1206 1723 1243 1771 re

73 1819 216 1888 adbiberi
242 1826 391 1908 possum,
420 1821 475 1907 qui
502 1820 583 1888 beno
610 1841 678 1888 rem
705 1820 785 1888 bene
814 1821 919 1888 edunt
947 1826 980 1888 et
1002 1841 1073 1888 eum
1095 1818 1242 1904 detegere

73 1936 227 2006 susum
255 1936 412 2004 velebunt
459 1935 752 2006 Oolementissime
774 1956 811 2005 ee
835 1936 1035 2005 serenissime
1058 1936 1239 2023 imperetur.

75 2151 108 2220 b.
137 2152 324 2238 Mopoote'oe'
344 2177 365 2218 a
387 2152 549 2218 Mdooieo
574 2151 597 2218 Ι
614 2154 804 2239 ioeporowre
820 2163 948 2239 prees,
972 2163 1007 2217 ut
1031 2151 1164 2238 therue
1186 2173 1240 2216 or·

138 2268 354 2356 stipem
374 2281 447 2356 poet
469 2268 641 2336 abentem
663 2270 820 2336 studeam
841 2249 886 2334 od
907 2269 1011 2334 eedem
1032 2289 1123 2334 eoem
1137 2288 1241 2334 reuer-

136 2378 270 2452 tarot&

71 2514 256 2605 Epistole
289 2516 571 2586 reelemetorie
604 2517 651 2586 ob
688 2517 919 2604 episeopum
948 2515 1242 2603 impetrendum

561 2632 755 2718 Otgerum.

161 2749 298 2818 Domino
325 2749 359 2816 iu
386 2749 513 2818 domino
544 2749 741 2817 dominorum
765 2747 883 2818 obtimo
906 2748 1080 2833 victorique
1101 2746 1241 2815 murino
1259 2761 1401 2818 eso-sus

71 2863 237 2952 Hludoioo,
259 2865 445 2952 imperotori
468 2863 706 2950 gloriosissimo,
729 2865 829 2932 virtm
852 2863 919 2932 vite
939 2863 1072 2930 vienne
1093 2862 1243 2948 solusque

70 2983 232 3066 ounfinus,
253 2981 395 3066 longevit
417 2980 611 3069 temporibus
633 2999 691 3067 per
711 2981 958 3067 omnipotentem
974 2978 1146 3046 Dominum
1165 2979 1243 3048 bueo

3 3119 4 3150 u
71 3098 180 3166 omniu
201 3097 291 3166 vobis
313 3097 463 3164 stebilite
1207 3139 1210 3144 n

161 3212 300 3282 Litterus
334 3213 460 3298 quidem
492 3213 685 3282 humillimus
713 3232 854 3280 summes
880 3211 1091 3296 magnitudini
1120 3215 1242 3280 vestroe

69 3329 297 3418 sdpresentere
325 3329 510 3418 supplioiter
539 3349 690 3398 uouemus
711 3334 744 3396 et
765 3327 1020 3414 probetissimem
1042 3326 1242 3396 elementiem

4 3523 5 3542 ἶ
69 3451 212 3514 vostrum
235 3445 432 3533 eppellsmus
453 3451 538 3514 totus
561 3445 664 3515 eleros
687 3444 850 3529 omnisque
867 3442 966 3531 plebs,
990 3443 1050 3512 sub
1065 3443 1243 3512 olerissime

4 3647 5 3652 ἵ
69 3561 288 3630 deminutione
317 3567 423 3630 vestre
445 3563 561 3648 degens
583 3562 617 3628 iu
638 3559 806 3649 purroohie
827 3559 1053 3644 Mogontiensis
1075 3558 1241 3642 eoelesiee;

4 3681 6 3688 ’
68 3697 133 3746 uon
159 3677 238 3746 hese
260 3677 378 3748 ieoieus
400 3698 459 3766 per
482 3677 647 3746 eudeoiom
669 3697 771 3763 neque
792 3696 850 3764 per
871 3676 1157 3764 presumptionem,
1185 3674 1242 3744 sed

68 3799 203 3882 propter
230 3794 362 3862 nimium
389 3795 626 3878 noosssitetem,
659 3813 740 3880 queo
770 3791 884 3860 ootidie
911 3793 945 3860 in
974 3792 1047 3880 ipse
1074 3791 1242 3879 purroubie

68 3915 252 3994 metor,
283 3909 412 3978 ebseute
442 3910 496 3978 dio
519 3915 551 3978 et
572 3909 682 3996 prount
704 3913 851 3977 versante
873 3928 931 3978 suo
953 3913 1090 3996 pastore.
1136 3907 1163 3976 0
1186 3907 1241 3976 do·

5 4081 6 4092 ,
68 4026 157 4094 mine
179 4025 339 4114 piissime,
366 4043 471 4094 nonne
493 4031 599 4096 vestre
620 4024 797 4094 durissime
818 4029 959 4112 potestus
982 4024 1241 4108 sanctissimeque

141 4209 167 4242 ι
186 4193 288 4242 ωιιιδίε
306 4193 333 4242 V.
410 4191 432 4240 b.
453 4211 482 4240 a
500 4193 656 4251 &Bonifatii
673 4195 818 4252 epistolarum
835 4192 887 4240 cod
900 4192 1068 4240 Vndotoms·
1081 4193 1125 4250 fol.
1137 4189 1241 4238 ‘dd-⁶17.

140 4302 170 4356 1.
195 4299 274 4354 Heuo
297 4297 441 4368 epistolem
464 4297 585 4368 signavit
608 4295 733 4356 Seremus
751 4297 907 4368 (Epistolse
930 4293 958 4354 S.
976 4293 1120 4364 Bonifatii)
1139 4311 1166 4350 n.
1180 4293 1240 4365 11⁷,

6 4407 7 4446 1
68 4386 286 4445 Wdrdtvveinius
304 4405 332 4443 u.
345 4387 406 4457 139,
424 4384 543 4444 Gilesius
561 4404 587 4442 n.
601 4388 662 4443 129.

6 4455 23 4558 i·
110 4485 196 4534 esuri.
212 4487 356 4532 niensium
372 4487 410 4530 111.
992 4482 1026 4536 21
