3024 4864
269 323 297 372 s.
313 323 490 372 nonrrsrn
510 324 555 371 rr
576 323 679 371 nuum
701 321 889 371 nrmnonsn
912 321 942 370 es
1126 303 1191 370 243

56 463 154 530 erbam
179 469 211 530 et
231 465 365 531 mirum·
388 441 435 512 -'
452 465 532 532 hant
553 483 642 532 secus
667 463 833 532 dicendum
857 463 934 530 mihi
959 469 1007 530 est
1030 499 1072 510 --
1097 483 1192 549 qnam
1210 469 1352 526 lle-755

54 580 131 646 trbtis
158 599 340 666 merensque
373 581 520 649 remansi.
572 579 644 647 Non
673 585 779 647 tamen
808 580 1023 648 incolomitate
1050 580 1192 666 corporis

52 695 160 782 pristina
177 695 377 782 robustisque
399 697 614 764 membrorum
637 697 767 764 artubus
795 696 888 763 huius
916 696 1016 783 pestis
1044 695 1192 762 valitudi-

51 831 106 877 nem
129 813 225 894 erasm
254 813 311 880 ssd
332 849 375 860 --
399 815 502 897 gratia
530 816 563 879 et
588 811 659 878 laus
686 813 740 899 pio
769 811 954 897 flagellatori
980 849 1022 860 -
1046 811 1191 879 omnibus

50 927 234 995 membrorum
256 929 483 1016 compaginibus
506 929 664 1014 quassatis
687 932 721 995 ct
747 929 908 1013 contritis,
939 927 1089 996 anhelans
1117 927 1192 993 lati·

48 1049 121 1125 gam
138 1050 230 1111 resto.
269 1091 433 1111 ........
457 1045 541 1131 qnod
564 1043 643 1110 mihi
664 1063 723 1131 per
745 1063 836 1110 usum
860 1049 892 1110 et
914 1063 1031 1113 novum
1055 1049 1086 1111 et
1100 1047 1190 1110 vetus

49 1163 92 1242 est
109 1160 222 1228 nullam
242 1162 421 1248 repperisse
442 1179 495 1227 me
516 1160 590 1226 istic
611 1160 821 1227 habitantium
844 1161 988 1227 feminini
1009 1178 1103 1226 sexus
1117 1179 1190 1246 per-

46 1293 133 1342 sonam
153 1275 326 1343 fideliorem
347 1277 382 1344 in
404 1276 560 1361 omnibus,
582 1297 646 1344 non
670 1275 858 1343 adolationis
881 1297 976 1343 causa
998 1277 1053 1343 sed
1075 1275 1192 1342 verita·

47 1389 226 1458 tislirmitate
246 1397 442 1476 contestans3
466 1393 543 1460 dum
563 1413 614 1460 me
629 1393 811 1460 ammodum
826 1397 899 1460 ante
915 1393 1080 1478 quinquies
1096 1391 1194 1477 quine

46 1507 175 1574 mensium
198 1508 376 1594 volumina,
405 1513 472 1576 tcto
494 1514 645 1576 vexatum
667 1529 815 1596 corpore,
838 1508 936 1575 febris
960 1508 1070 1576 anhele
1092 1509 1193 1592 frigus

45 1622 160 1690 atealor
179 1624 405 1709 decoquerent,
430 1625 566 1709 benigna
587 1625 729 1692 caritatis
752 1624 949 1692 humanitate
971 1624 1102 1692 memini
1125 1644 1193 1690 sus-

44 1743 155 1823 ceptum.
190 1739 282 1819 Quod
303 1741 412 1826 ntique
434 1741 526 1806 iuxta
545 1745 730 1828 preceptum
746 1741 875 1807 Domini
899 1747 975 1806 tunc
995 1761 1052 1806 ros
1067 1737 1192 1806 infirmo

42 1859 209 1940 motoque
231 1875 296 1923 non
318 1857 428 1941 ignoro
451 1856 570 1941 egisse¹²
594 1856 653 1923 ob*
677 1861 824 1923 aeternae
840 1856 1057 1923 retributionis
1073 1875 1193 1922 merce-

43 1967 105 2034 dem.
135 1971 280 2039 Eandem
302 1991 425 2059 quoque
448 1979 577 2040 nunus
600 1992 714 2059 parum
736 1972 847 2060 pigrae
868 1972 1076 2039 fraternitatis
1100 1970 1192 2038 affec-

40 2089 79 2150 tu
103 2086 300 2156 dilectionem
329 2089 427 2155 divini
457 2089 574 2156 amoris
597 2089 726 2155 obtento
750 2087 931 2174 complentes
954 2088 1123 2155 obseruare
1144 2087 1193 2153 di-

108 2317 174 2397 Qua
188 2321 232 2387 de
246 2340 281 2386 re
296 2319 454 2388 scribendi
470 2319 558 2386 vobis
576 2320 744 2386 materiam
756 2338 955 2406 nequaquam
967 2318 1193 2404 incongruamd

39 2441 176 2520 uncus,
201 2455 267 2522 qna
289 2435 458 2503 amabilem
479 2440 605 2504 restrae
627 2435 847 2520 germanitatis
862 2434 1040 2522 spiritalem
1056 2435 1192 2502 necessi-

40 2548 157 2618 tudinem
181 2552 363 2619 caraxando
387 2552 573 2638 alloquerer,
596 2571 667 2620 cnm
691 2571 742 2618 me
757 2549 913 2636 Christus,
937 2556 1123 2620 cunctorum
1137 2551 1193 2619 bo·

37 2681 128 2732 uorum
149 2667 296 2754 largitor,
319 2674 471 2755 preeunte
493 2667 662 2735 clementia
683 2687 750 2752 sue,
774 2667 961 2734 discentiae‘
975 2668 1104 2734 caelesti
1122 2687 1193 2752 gra-

37 2777 84 2847 tiae
102 2802 176 2851 suae
198 2803 274 2850 rore
297 2783 526 2870 aliquantulum
548 2793 717 2850 versuum⁸
731 2784 920 2870 participem
936 2783 1083 2851 efficeret.
1120 2783 1192 2850 Ideo

37 2895 106 2963 robis
126 2899 267 2985 dirigere
290 2900 459 2968 versiculos
482 2899 634 2966 metricoh
657 2899 781 2966 ratione
803 2901 993 2987 conpositos,
1017 2900 1072 2966 diu
1094 2897 1193 2966 fixum

36 3019 119 3081 nmte
146 3017 255 3100 tenui,
284 3016 379 3082 corde
407 3016 502 3083 simul
525 3014 616 3082 dulce
644 3015 756 3099 habui,
786 3016 861 3100 quia
887 3015 991 3081 nullos
1020 3015 1192 3100 legentium

36 3129 101 3214 tovi,
124 3131 240 3216 quibus
263 3131 412 3198 libentius
436 3132 610 3212 mitterem;
635 3130 689 3197 ubi
712 3136 871 3218 procerte
889 3131 1193 3200 scionullamdirae

35 3239 133 3312 fraudis
163 3247 347 3334 suspicione
383 3251 522 3315 menum
552 3247 733 3314 distinentis
761 3247 906 3314 mordere
932 3267 992 3314 nec
1020 3247 1193 3315 dictantem

36 3353 121 3428 ΜΗ
141 3363 378 3450 vituperatione
400 3364 550 3447 lacerare,
573 3363 648 3430 licet
670 3363 785 3430 vitiosa
806 3364 923 3449 pagina
938 3364 1111 3449 scabraque
1125 3383 1193 3430 sce-

35 3470 92 3540 dula
114 3479 328 3566 repperiatur.
420 3479 510 3546 Hanc
531 3481 639 3563 itaque
660 3498 762 3565 nuper
785 3479 915 3546 metrice
944 3481 1022 3548 artis
1045 3479 1192 3566 peritiam

34 3586 131 3658 donini
153 3595 260 3662 nostri
284 3596 424 3662 omnium
447 3595 603 3680 generalis
624 3595 749 3679 meique
765 3594 923 3682 specialis,
947 3595 1082 3682 presulis
1098 3615 1192 3664 vens·

33 3707 105 3773 rud
133 3709 311 3793 Bonifacii,
341 3711 399 3777 sub
429 3712 611 3795 magisterio
641 3709 827 3792 didiceram3
860 3732 921 3796 quo
951 3711 1030 3778 mihi
1053 3717 1193 3799 -post

34 3816 273 3892 uluminatorem
296 3825 461 3910 celestem,
490 3827 540 3893 cui
564 3831 686 3894 secreta
708 3827 811 3894 cordis
833 3831 946 3913 patent
968 3832 1000 3894 et
1022 3847 1117 3912 quem
1140 3847 1191 3895 co·

33 3934 286 4008 eluctandis
307 3963 371 4009 non
394 3942 495 4009 latent
518 3978 559 3988 —
584 3941 699 4010 mentis
728 3941 856 4010 obtutus
885 3942 1026 4029 aperitur
1049 3948 1081 4010 et
1103 3943 1193 4010 arida

34 4057 141 4132 edero
167 4077 246 4124 mea
271 4057 373 4124 imbre
403 4057 531 4146 superni
554 4058 690 4124 nectaris
714 4056 829 4125 cotidie
852 4058 980 4126 caelesti
1001 4057 1189 4142 inrigantur.

103 4169 167 4238 Hos
195 4193 338 4259 namque
365 4193 476 4240 versus
504 4169 652 4241 iocistae¹
679 4193 767 4242 mora
795 4179 962 4241 caraxatos
990 4175 1190 4262 repperietis,

88 4297 251 4344 ammuiV.
337 4295 490 4354 bgissoV.
575 4297 690 4346 aebV.
776 4297 1013 4357 dincengruan.
1099 4311 1190 4346 asum

34 4371 124 4418 “ddisse
138 4377 238 4421 eslim
314 4376 489 4424 tdisccntium
507 4377 534 4423 V.
612 4390 633 4436 g.
654 4391 695 4438 per
711 4391 777 4425 snum
795 4377 822 4425 V.
900 4377 924 4424 h.
944 4378 1038 4424 metrice
1056 4379 1083 4426 7.

90 4448 111 4502 l.
131 4449 253 4508 hominis
269 4453 364 4510 iocosi.

916 4550 976 4607 16*
