3164 4842
310 321 377 390 458
542 339 749 392 wunnesnm
770 341 850 388 vrrs
873 339 900 388 e.
916 339 1092 388 normann
1114 341 1189 390 oen.
1204 341 1253 388 vn

239 489 292 547 ree
311 481 427 567 omnis,
450 480 633 550 oonfirmeto
656 481 895 550 obrisiienitetis
917 482 1036 567 ordine,
1058 483 1120 550 rite
1142 487 1308 568 agerentur
1330 487 1362 549 et
1381 501 1469 549 eano-

309 619 386 666 nnm
408 604 500 666 sunt·
520 599 592 665 iura
612 599 646 665 in
661 597 835 666 Baioariisl
856 604 1051 687 reeuperatis,
1073 600 1139 666 iem
1162 599 1202 666 ed
1216 599 1361 687 proprios
1373 617 1469 666 renne-

310 716 391 782 ando
414 715 510 782 sedili
536 713 711 782 eeoolesias.
756 712 931 802 Populique
954 715 1014 782 eibi
1037 716 1213 782 commissi·
1236 733 1469 802 eorumgenere

309 831 477 917 anaeque
499 830 648 915 gregumd
671 831 926 918 oiroumspieiens
948 835 982 898 et
1003 831 1151 900 excubias
1173 831 1274 918 plebis
1296 831 1469 918 providens,
1568 837 1569 930 J

310 967 384 1016 osee
407 968 426 1014 a
447 947 591 1015 nefandis
612 947 759 1033 lnporum
780 947 954 1016 morsibus·
977 949 1102 1034 eripuit.
1568 1007 1569 1010 ,

163 1076 227 1143 post
239 1073 290 1128 741
397 1063 538 1150 Gnrnqne
561 1061 661 1129 Oerli‘
683 1063 771 1129 duois
798 1060 944 1149 gloriosi¹
965 1063 1140 1151 temporale
1166 1062 1291 1131 finitum
1319 1067 1402 1130 esset
1424 1081 1471 1130 re·

309 1197 406 1264 gnum
434 1186 466 1246 et
490 1177 627 1245 liliorum
651 1179 718 1246 eius
740 1178 981 1247 Gharlomenni⁸
1003 1185 1037 1247 et
1056 1179 1185 1267 Pippini
1206 1180 1388 1247 roboratum
1409 1178 1471 1246 est*

308 1295 495 1381 imperium,
521 1300 598 1361 tuno
619 1295 752 1382 quippe,
781 1297 909 1364 domino
931 1295 999 1363 Deo
1023 1295 1208 1383 opitulantei
1231 1315 1268 1362 ee
1290 1298 1471 1378 suggerente

308 1415 417 1478 saneto
430 1409 588 1477 Bonifatio
610 1411 855 1499 archiepiscopo,
877 1410 1045 1497 relegionis
1066 1412 1236 1479 obristiene
1257 1409 1472 1478 eoniirnratun

308 1531 358 1593 est
384 1530 622 1612 testamentum,
659 1533 691 1594 et
718 1527 965 1596 orthodoxorum
991 1533 1119 1616 patu-orn
1147 1527 1312 1615 modulis
1339 1531 1417 1594 sunt
1440 1527 1472 1592 in

307 1641 437 1710 Francis
459 1647 600 1710 oosreota
620 1643 776 1728 instituta,
800 1649 973 1730 omniaque
993 1664 1150 1712 eanonum
1170 1645 1357 1710 auctoritate
1372 1661 1472 1710 emen·

307 1759 382 1826 elata
403 1763 497 1845 etque
519 1759 656 1846 expiata
690 1760 736 1827 Et
755 1766 822 1828 tam
843 1760 997 1829 laieorum
1018 1763 1137 1828 iniuste
1158 1759 1407 1827 oonoubinerum
1424 1779 1472 1828 oo·

306 1874 383 1962 puls
403 1875 536 1963 partim,
561 1875 746 1944 exhortante
768 1883 876 1944 sanun
898 1877 983 1962 viro,
1007 1882 1154 1965 separata
1175 1881 1237 1960 est,
1262 1895 1357 1961 quern
1381 1876 1472 1942 etiarn

306 1985 491 2060 olerioornm
519 1993 657 2060 nefande
682 2013 755 2060 oum
776 1995 927 2061 uxoribus
949 1994 1127 2060 eoniunetio
1148 1993 1289 2060 seiuncta
1310 2009 1349 2058 ae
1372 2009 1473 2075 segre·

306 2113 391 2193 gata
437 2108 618 2194 Tantneqne
646 2110 680 2176 in
707 2127 805 2196 snpra
832 2110 925 2176 dietis
953 2110 1083 2178 dnoibus
1107 2108 1233 2176 dinnao
1254 2107 1399 2175 caritatis
1420 2125 1474 2194 per

308 2224 482 2292 doctrinam
507 2226 609 2292 saneti
629 2224 781 2293 Bonifatii
803 2227 908 2293 fervor
931 2227 1066 2311 exarsit,
1096 2230 1132 2291 nt
1158 2224 1283 2311 plebem
1305 2223 1475 2310 quideme

308 2361 458 2428 perversa
479 2340 590 2408 inolito
612 2341 846 2409 eonsuetudinis
874 2361 1008 2410 censure
1033 2341 1168 2409 multum
1194 2339 1386 2424 liberarent,
1416 2359 1475 2425 qna

309 2457 496 2544 -proprio
519 2457 671 2543 inplicata
693 2457 823 2524 arbitrio
847 2463 879 2524 et
899 2459 1107 2526 heretioorom
1131 2457 1262 2544 decepte
1274 2458 1474 2542 suggestione

309 2607 351 2620 -·-
375 2571 481 2639 iussa¹
503 2577 649 2640 autenm
675 2572 859 2641 hereditatis
888 2575 1046 2641 amiserat
1091 2573 1181 2640 Adeo
1209 2573 1295 2640 enim
1322 2571 1474 2659 spiritalis
1568 2577 1569 2608 ³

307 2688 342 2754 in
368 2688 486 2776 populo
514 2688 676 2756 doetrinae
702 2689 804 2756 lnoem
835 2689 1044 2757 hereticorum
1072 2685 1278 2756 suffocaverat
1305 2695 1409 2774 seete,
1440 2691 1476 2755 nt
1568 2677 1569 2746 ἲ

307 2804 474 2872 tenebrose
495 2804 651 2873 hereticae
672 2805 866 2892 deeeptionis
890 2807 990 2890 caligo
1012 2825 1161 2889 magnam
1182 2793 1337 2891 siqnidem
1360 2805 1475 2892 plebis¹
1568 2847 1569 2894 ,

148 2927 289 2984 744-745
308 2920 495 2990 obtexerat*
517 2927 650 3009 partenn
690 2920 741 2988 En
764 2922 876 3008 quibus
900 2921 1025 3009 quidem
1047 2921 1254 2990 Eldeberobt⁰
1276 2927 1309 2988 et
1329 2919 1475 2989 Clemens

307 3038 402 3106 avia
423 3037 565 3106 veritatis
587 3038 749 3126 populum,
771 3039 905 3126 profane
925 3039 1131 3125 poeoniorum
1150 3038 1323 3125 eupiditate
1342 3037 1474 3122 sedneu‘,
1568 3039 1569 3088 l

307 3153 373 3238 iugi
407 3159 590 3222 avertenmt
621 3154 741 3237 studi03
774 3155 831 3222 sed
858 3175 878 3222 a
905 3161 1015 3222 saneto
1041 3153 1199 3222 Bonifatio
1228 3154 1474 3242 archiepiscopo,
1568 3139 1569 3182 ³

307 3270 575 3338 eonsentientibns
596 3269 845 3337 Obarlornanno⁰
867 3277 900 3338 et
920 3269 1056 3358 Pippino
1084 3269 1230 3354 gloriosis
1259 3269 1407 3354 insibus,
1436 3268 1475 3336 ab

308 3386 477 3454 eecclesiae
498 3386 620 3452 unitate
642 3385 782 3473 expulsi,
805 3387 895 3454 iuxta
917 3387 1094 3474 apostolum
1116 3385 1226 3452 traditi
1248 3389 1323 3452 sunt
1343 3390 1474 3452 satanae

306 3504 341 3572 in
363 3501 526 3570 intentum
549 3501 668 3586 oannis,
691 3507 727 3570 ut
749 3504 879 3592 spiritus
902 3503 1008 3571 salvus
1030 3502 1087 3570 fiat
1107 3502 1142 3568 in
1165 3501 1235 3568 dien
1257 3497 1414 3567 Domini'.

425 3649 482 3709 qne
502 3630 591 3693 hodie
611 3633 704 3710 gioria
724 3639 755 3694 et
773 3633 941 3695 benedietio
961 3639 992 3695 et
1007 3634 1169 3711 gretiamm
1183 3632 1262 3693 aetio
1275 3631 1396 3692 domino
1409 3633 1475 3692 Deo

426 3731 533 3791 devote
551 3729 747 3792 oonseretna

339 3845 342 3854 ’
387 3831 421 3886 In
447 3827 508 3886 eod.
530 3827 646 3888 redeo.
668 3849 690 3888 e.
707 3831 798 3906 XIH,
826 3849 883 3910 quo
906 3829 1036 3888 Pertea'ae
1059 3849 1130 3888 oeus
1155 3839 1210 3904 eet,
1235 3830 1303 3887 boso
1327 3827 1473 3904 metm:

428 3924 557 4000 Quartus
571 3926 758 3988 willibaldus
777 3927 809 3988 in
830 3927 951 3988 civitate
971 3927 1133 3988 Eistetensi
1151 3927 1284 4004 regimen
1299 3925 1440 4002 suscepit

379 4076 400 4110 a.
421 4065 499 4110 essent
513 4066 542 4110 A.
605 4063 628 4110 b.
648 4063 766 4122 Bassania
780 4067 809 4112 A.
876 4077 896 4110 a
915 4064 1019 4112 oomnisi
1033 4067 1061 4112 F.
1122 4062 1265 4122 &vegim
1282 4066 1307 4111 F.
1369 4077 1389 4110 e
1412 4075 1472 4110 anur-

307 4143 370 4192 sibns
387 4145 413 4192 F.
496 4141 512 4188 i.
533 4160 589 4190 corr.
605 4146 628 4190 ὴ
644 4143 719 4190 caroli
733 4147 762 4192 A·
789 4205 807 4214 -
843 4156 864 4202 u.
885 4141 1028 4192 Garlonrenni
1043 4147 1072 4194 A.
1154 4141 1177 4188 h.
1198 4144 1261 4189 esset
1276 4145 1304 4190 A.
1383 4143 1400 4188 i.
1422 4141 1470 4202 opi-

306 4225 367 4271 lante
383 4227 410 4270 F.
502 4219 525 4269 le
544 4222 581 4269 ins
595 4225 622 4270 A.
719 4221 735 4268 l.
755 4219 808 4282 pleb
824 4225 850 4271 F.
943 4237 973 4270 nr.
993 4223 1106 4270 obtexerit
1120 4223 1148 4270 A.
1233 4237 1255 4268 n.
1276 4219 1429 4269 Aeldebernlrt
1443 4222 1470 4267 A.

307 4318 328 4350 ο.
349 4301 498 4351 Gerlounanno
513 4305 541 4350 A.
617 4315 640 4362 p.
661 4299 699 4350 die
713 4305 743 4350 A.

345 4389 402 4532 451.
427 4389 475 4458 qni
492 4387 561 4444 obiit
576 4404 613 4446 nr.
627 4387 736 4445 Ootobri
755 4403 780 4444 a
793 4388 854 4444 ⁷41.
934 4389 960 4444 2.
986 4387 1135 4444 liloninth.
1148 4387 1173 4460 5,
1186 4386 1212 4444 ὃ.
1293 4387 1319 4442 3.
1342 4401 1368 4443 v.
1387 4399 1470 4456 supra

305 4489 334 4546 p.
382 4477 482 4532 ini.
