3176 4846
335 311 414 360 vrrs
438 310 591 361 naseam
612 311 873 362 saomsrracoru
894 312 1091 362 nocoarner
1227 295 1290 364 col

126 471 187 520 uus
214 451 482 540 achiepiscopus,
513 452 633 522 relatus
661 453 788 522 domum
810 455 870 524 Dei
900 461 932 523 et
958 453 1061 539 legam
1083 454 1144 522 Dei
1172 456 1222 524 sui
1245 476 1294 525 se·
1321 466 1391 522 1160

127 568 264 636 cundum
293 565 484 653 scicntiam¹,
515 575 606 636 'ante
633 571 831 638 nativitatem
859 571 960 638 sancti
982 571 1129 639 Iohannis
1157 571 1293 659 baptiste
1309 539 1396 586 m

127 682 257 771 pacifico
286 685 431 770 ingressu
457 686 539 752 sicut
559 685 652 753 homo
675 687 763 773 pacis
785 692 818 754 et
840 687 1112 754 mansuetissimus
1133 688 1292 774 princeps,

128 804 164 866 ut
186 819 257 868 cnm
279 799 387 889 impiis
410 801 530 868 civibus
553 801 618 868 suis
641 800 833 886 Magnetiuis
850 839 891 850 —
908 803 983 888 quia
1005 803 1132 870 domurn
1150 803 1221 887 Dei,
1244 823 1294 870 ec·

127 915 255 984 alesiam
278 917 424 986 videlicet
445 915 677 1002 Magundnam,
705 918 951 1004 profanaverant
974 955 1016 966 -
1039 917 1294 986 reconossiaretur

128 1030 179 1100 or*
203 1053 311 1100 eornm
339 1053 433 1120 super
461 1032 521 1100 hoe
546 1032 662 1100 scelere
685 1032 913 1101 emendationis
935 1035 1012 1102 inibi
1035 1036 1190 1121 reciperet
1212 1034 1295 1101 obsi·

128 1148 201 1232 des,
231 1147 270 1216 de
297 1154 400 1217 antro
428 1169 486 1216 suo
508 1148 658 1233 Pinguia,
686 1169 750 1216 non
779 1153 902 1216 armata
930 1171 1026 1218 manu
1051 1171 1110 1218 nec
1132 1151 1296 1238 manuleo

129 1271 294 1352 apparatu,
318 1285 381 1332 non
404 1270 440 1332 ut
461 1264 560 1332 hostis
584 1270 616 1332 et
638 1263 845 1352 depopulator
867 1267 924 1333 sed
945 1272 981 1332 ut
1002 1267 1074 1354 pius
1097 1267 1242 1334 dominus
1265 1271 1298 1334 et

128 1379 270 1448 omnium
285 1380 438 1448 bonorum
454 1382 584 1466 amicus,
596 1387 632 1448 ot
646 1381 679 1448 in
695 1381 857 1468 propriam
871 1381 1152 1450 confidentissime·
1169 1383 1295 1449 domum

128 1515 201 1564 cnm
228 1497 337 1584 paucis
367 1496 503 1564 advenit
595 1495 647 1564 Sic
667 1496 889 1564 Achimelech‘
918 1499 1063 1566 sacerdos
1086 1499 1146 1566 Dei
1174 1499 1214 1564 ad
1235 1499 1295 1565 im-

128 1612 308 1700 piissimum
330 1631 436 1695 regem
460 1607 564 1697 Saul¹,
587 1613 633 1679 sio
648 1611 756 1680 Abner
778 1614 925 1700 princeps
947 1611 1066 1681 israhel
1088 1614 1127 1682 de
1150 1615 1202 1680 aia
1224 1614 1295 1682 dolo

127 1728 275 1796 reductus
297 1729 333 1796 in
353 1728 461 1797 Ebron
485 1727 525 1794 ad
547 1723 649 1813 loab',
674 1728 719 1796 sio
742 1728 839 1796 Ouiae
862 1729 1078 1796 sanctissimus
1102 1736 1134 1798 et
1154 1749 1296 1798 summus

129 1843 275 1912 sacerdos
298 1845 338 1910 ad
359 1843 593 1927 Andronium,
616 1846 690 1930 quia
712 1844 832 1912 seilicet
852 1843 1030 1912 Menelaum
1051 1845 1128 1912 furti
1149 1866 1297 1914 vasorum

128 1960 240 2048 templi
262 1957 434 2045 arguerat‘,
458 1960 504 2028 sio
527 1958 647 2046 Symon
668 1959 856 2028 Machabeus
879 1966 911 2028 et
931 1959 1101 2028 Matathias
1123 1961 1206 2028 iilius
1229 1963 1296 2030 eius

129 2076 170 2144 ad
192 2076 469 2144 sceleratissimum
491 2075 690 2144 Tolorneum·
712 2073 870 2144 accessit‘.

217 2191 307 2260 Unde
334 2193 436 2280 pietas
463 2193 503 2258 ad
527 2191 746 2276 Magantinsm
774 2192 991 2280 impietatem?
1020 2213 1083 2280 pax
1111 2193 1152 2260 ad
1179 2193 1298 2262 doar-

129 2309 235 2376 dianr?
256 2308 436 2378 humanitas
458 2307 498 2376 ad
520 2307 804 2376 inhumanitatem?
833 2309 1001 2376 eoncordia
1023 2307 1063 2376 ad
1086 2309 1298 2378 discordiam?

128 2425 222 2494 homo
244 2426 345 2494 bonus
368 2425 407 2493 de
429 2425 509 2494 bono
528 2421 693 2494 thesauro⁸
709 2423 749 2492 ad
764 2423 879 2492 liberos
895 2423 1046 2492 sathane?
1068 2431 1187 2513 pastor,
1210 2427 1299 2514 prin·

129 2561 219 2629 ceps,
247 2542 392 2609 dominus
414 2542 705 2626 reverentissimus,
728 2547 841 2608 unctus
864 2547 897 2608 et
917 2547 1132 2627 consecratus,
1156 2561 1298 2610 summus

78 2677 84 2692 ’
128 2659 286 2742 sacerdos,
308 2657 489 2742 religiosos,
513 2663 618 2726 castus
641 2663 674 2724 et
694 2658 873 2724 misericors
897 2657 937 2724 ad
960 2657 1144 2742 sacrilegos,
1167 2659 1298 2726 homici-

129 2775 187 2842 das
214 2780 247 2842 et
268 2773 521 2842 crudelissimos?
612 2772 675 2840 Sed
702 2773 790 2858 quid‘
813 2772 936 2840 consilii
959 2772 1140 2858 Magantia*
1162 2775 1298 2842 detesta-

130 2891 206 2958 bilis
230 2890 334 2977 cepit?
362 2891 444 2958 Ecca
465 2891 569 2976 inquit
590 2893 674 2956 coss?
694 2890 797 2967 berea·
819 2893 934 2971 vende,
960 2893 1137 2956 eradamus
1160 2913 1245 2972 eam,
1270 2903 1299 2958 st

130 3008 310 3075 babebimus
338 3007 539 3074 hereditatem
566 3001 659 3072 οἰοιοῖ
748 3004 792 3071 Et
818 3004 978 3072 nesciebat
999 3005 1048 3072 vir
1070 3004 1138 3072 Deo
1161 3004 1296 3091 deditus,

131 3123 206 3208 qaia
226 3127 315 3190 tanto
338 3121 499 3190 molimine
520 3121 647 3188 fraudes
669 3121 703 3188 iu
726 3141 798 3188 eum
820 3125 1115 3188 commentarentur.

221 3237 283 3306 Sed
305 3243 341 3306 nt
362 3245 486 3325 ceptam
508 3257 736 3326 prosequamur
757 3237 932 3320 historiam,
956 3237 1011 3305 obi
1033 3257 1104 3304 eum
1120 3235 1298 3322 blaguutini

132 3355 242 3424 adeam
265 3361 440 3439 senserunt,
466 3354 570 3442 primo
586 3389 625 3400 -
644 3354 844 3438 arbitrantes,
867 3353 1090 3420 validomano
1112 3353 1298 3422 adventasse

131 3477 164 3540 ct
185 3471 359 3540 exercitum
381 3491 530 3556 magnum
551 3470 666 3538 habere
687 3505 728 3517 —
750 3489 876 3538 omnem
898 3469 1149 3536 emendationem
1171 3475 1204 3538 et
1225 3490 1298 3538 con-

130 3588 231 3656 dictos
260 3586 384 3654 obsides
413 3589 504 3654 iaxta
525 3607 649 3654 omnem
671 3588 721 3652 sui
744 3585 931 3673 beneplaciti
953 3586 1087 3670 gratiam
1111 3586 1243 3673 prebere
1263 3588 1298 3654 in

130 3703 303 3772 mashnum
326 3703 564 3791 pollicebantur.
602 3701 798 3770 Verebantur
820 3701 919 3786 enim,
948 3721 988 3770 ue
1016 3701 1192 3789 principes,
1220 3723 1297 3790 quoa

204 3904 224 3938 s.
245 3889 282 3937 dia
298 3891 410 3936 excidisse
425 3891 519 3936 videbar.
592 3887 615 3935 b.
637 3890 661 3935 ei
677 3889 768 3934 addidi.
840 3899 861 3934 ο.
881 3887 1074 3935 confidentissime
1090 3892 1173 3947 scripsi
1184 3905 1228 3948 pro
1244 3903 1298 3936 ton·

129 3969 266 4018 fidissimam
282 3972 304 4026 1,
320 3969 534 4016 confidentissimum
547 3971 569 4016 2.
616 3967 639 4014 d.
654 3967 800 4014 hchlmslceh
815 3970 898 4026 seipsi
908 3983 952 4028 pro
967 3967 1099 4016 Abimelsuh
1116 3970 1137 4024 1,
1149 3969 1171 4015 2.
1218 3982 1238 4015 e.
1254 3967 1298 4016 To·

130 4051 228 4100 lomcnm
252 4049 280 4108 (t
296 4068 314 4097 s.
334 4048 500 4108 Ptolomaeum)
521 4051 605 4109 scripsi
620 4066 663 4109 pro
684 4047 816 4096 Tolenioum
832 4049 859 4106 1,
879 4047 1014 4095 Dolonicum
1031 4049 1053 4094 2.
1160 4047 1177 4096 1.
1198 4048 1260 4110 quod
1276 4051 1298 4096 1.

131 4145 153 4192 g.
173 4131 304 4190 biaguntins
320 4131 342 4178 1.

204 4238 228 4292 1.
253 4233 296 4290 cr.
313 4235 391 4290 eom.
405 4233 447 4304 1o,
460 4235 485 4289 2.
582 4235 609 4289 a.
632 4233 666 4290 v.
686 4235 702 4288 1
720 4233 788 4302 aeg.
801 4233 845 4302 ne,
859 4233 901 4288 11.
996 4233 1022 4287 a.
1046 4232 1080 4288 v.
1099 4233 1116 4287 a
1134 4232 1240 4302 oeae,
1253 4233 1297 4289 ar.

130 4325 157 4382 4.
179 4323 497 4394 vendourensi.
603 4322 629 4378 e.
654 4321 767 4378 rnna.
783 4324 824 4394 aa,
838 4322 880 4377 14.
891 4323 933 4378 re.
1040 4321 1066 4378 a.
1088 4319 1185 4376 maa.
1198 4322 1297 4393 1r‚au.
1335 4323 1337 4335 ¹

131 4416 158 4472 a
180 4413 275 4470 men.
289 4414 332 4484 ar,
345 4413 389 4468 aa.
