<?xml version="1.0" encoding="UTF-8"?>
<!DOCTYPE html PUBLIC "-//W3C//DTD XHTML 1.0 Transitional//EN"
    "http://www.w3.org/TR/xhtml1/DTD/xhtml1-transitional.dtd">
<html xmlns="http://www.w3.org/1999/xhtml" xml:lang="en" lang="en">
 <head>
  <title>
</title>
<meta http-equiv="Content-Type" content="text/html;charset=utf-8" />
  <meta name='ocr-system' content='tesseract 3.04.00' />
  <meta name='ocr-capabilities' content='ocr_page ocr_carea ocr_par ocr_line ocrx_word'/>
</head>
<body>
  <div class='ocr_page' id='page_1' title='image "./bibliothecareru03jaffgoog_0305.png"; bbox 0 0 3110 4844; ppageno 0'>
   <div class='ocr_carea' id='block_1_1' title="bbox 255 275 1221 344">
    <p class='ocr_par' dir='ltr' id='par_1_1' title="bbox 255 275 1221 344">
     <span class='ocr_line' id='line_1_1' title="bbox 255 275 1221 344; baseline 0.004 -4"><span class='ocrx_word' id='word_1_1' title='bbox 255 292 282 340; x_wconf 83' lang='lat' dir='ltr'><strong>a.</strong></span> <span class='ocrx_word' id='word_1_2' title='bbox 302 293 479 342; x_wconf 81' lang='lat' dir='ltr'><strong>nonrssrn</strong></span> <span class='ocrx_word' id='word_1_3' title='bbox 499 291 544 340; x_wconf 81' lang='lat' dir='ltr'><strong>nr</strong></span> <span class='ocrx_word' id='word_1_4' title='bbox 566 293 669 340; x_wconf 79' lang='lat' dir='ltr'><strong>aurun</strong></span> <span class='ocrx_word' id='word_1_5' title='bbox 690 291 877 340; x_wconf 80' lang='lat' dir='ltr'><strong>nrrsronsn</strong></span> <span class='ocrx_word' id='word_1_6' title='bbox 902 293 958 339; x_wconf 85' lang='lat' dir='ltr'><strong>rra.</strong></span> <span class='ocrx_word' id='word_1_7' title='bbox 974 291 1019 338; x_wconf 83' lang='lat' dir='ltr'><strong>ruo</strong></span> <span class='ocrx_word' id='word_1_8' title='bbox 1155 275 1221 344; x_wconf 77' lang='lat' dir='ltr'><strong>tet</strong></span> 
     </span>
    </p>
   </div>
   <div class='ocr_carea' id='block_1_2' title="bbox 73 431 1380 1099">
    <p class='ocr_par' dir='ltr' id='par_1_2' title="bbox 73 431 1380 1099">
     <span class='ocr_line' id='line_1_2' title="bbox 80 431 1380 518; baseline -0.001 -19"><span class='ocrx_word' id='word_1_9' title='bbox 80 432 158 499; x_wconf 85' lang='lat' dir='ltr'><strong>stedia</strong></span> <span class='ocrx_word' id='word_1_10' title='bbox 178 431 273 500; x_wconf 82' lang='lat' dir='ltr'><strong>iacias</strong></span> <span class='ocrx_word' id='word_1_11' title='bbox 296 434 466 516; x_wconf 82' lang='lat' dir='ltr'><strong>contineri3</strong></span> <span class='ocrx_word' id='word_1_12' title='bbox 495 433 750 518; x_wconf 73' lang='lat' dir='ltr'><strong>orationibusque</strong></span> <span class='ocrx_word' id='word_1_13' title='bbox 773 439 806 500; x_wconf 94' lang='lat' dir='ltr'><strong>et</strong></span> <span class='ocrx_word' id='word_1_14' title='bbox 828 435 1014 501; x_wconf 87' lang='lat' dir='ltr'><strong>missarum·</strong></span> <span class='ocrx_word' id='word_1_15' title='bbox 1036 433 1220 502; x_wconf 88' lang='lat' dir='ltr'><strong>celebratio-</strong></span> <span class='ocrx_word' id='word_1_16' title='bbox 1239 443 1380 500; x_wconf 71' lang='lat' dir='ltr'><strong>too-774</strong></span> 
     </span>
     <span class='ocr_line' id='line_1_3' title="bbox 77 547 1219 636; baseline 0.002 -21"><span class='ocrx_word' id='word_1_17' title='bbox 77 547 147 614; x_wconf 79' lang='lat' dir='ltr'><strong>utus</strong></span> <span class='ocrx_word' id='word_1_18' title='bbox 174 549 333 636; x_wconf 89' lang='lat' dir='ltr'><strong>perpetuis</strong></span> <span class='ocrx_word' id='word_1_19' title='bbox 366 548 427 616; x_wconf 92' lang='lat' dir='ltr'><strong>Dei</strong></span> <span class='ocrx_word' id='word_1_20' title='bbox 460 549 645 636; x_wconf 78' lang='lat' dir='ltr'><strong>patrociniis</strong></span> <span class='ocrx_word' id='word_1_21' title='bbox 679 549 944 616; x_wconf 90' lang='lat' dir='ltr'><strong>commendemur.</strong></span> <span class='ocrx_word' id='word_1_22' title='bbox 1035 549 1219 635; x_wconf 89' lang='lat' dir='ltr'><strong>Eodemque</strong></span> 
     </span>
     <span class='ocr_line' id='line_1_4' title="bbox 76 663 1219 732; baseline 0.002 -2"><span class='ocrx_word' id='word_1_23' title='bbox 76 663 148 730; x_wconf 90' lang='lat' dir='ltr'><strong>uodo</strong></span> <span class='ocrx_word' id='word_1_24' title='bbox 170 663 206 730; x_wconf 91' lang='lat' dir='ltr'><strong>de</strong></span> <span class='ocrx_word' id='word_1_25' title='bbox 233 664 323 732; x_wconf 84' lang='lat' dir='ltr'><strong>robis</strong></span> <span class='ocrx_word' id='word_1_26' title='bbox 353 671 385 732; x_wconf 90' lang='lat' dir='ltr'><strong>et</strong></span> <span class='ocrx_word' id='word_1_27' title='bbox 412 665 452 732; x_wconf 92' lang='lat' dir='ltr'><strong>de</strong></span> <span class='ocrx_word' id='word_1_28' title='bbox 480 665 659 732; x_wconf 88' lang='lat' dir='ltr'><strong>nominibus</strong></span> <span class='ocrx_word' id='word_1_29' title='bbox 690 665 730 731; x_wconf 82' lang='lat' dir='ltr'><strong>sd</strong></span> <span class='ocrx_word' id='word_1_30' title='bbox 752 684 809 732; x_wconf 90' lang='lat' dir='ltr'><strong>nos</strong></span> <span class='ocrx_word' id='word_1_31' title='bbox 833 665 945 732; x_wconf 88' lang='lat' dir='ltr'><strong>delatis</strong></span> <span class='ocrx_word' id='word_1_32' title='bbox 969 665 1142 732; x_wconf 88' lang='lat' dir='ltr'><strong>secundum</strong></span> <span class='ocrx_word' id='word_1_33' title='bbox 1164 685 1219 732; x_wconf 79' lang='lat' dir='ltr'><strong>ve·</strong></span> 
     </span>
     <span class='ocr_line' id='line_1_5' title="bbox 76 780 1219 866; baseline 0 -20"><span class='ocrx_word' id='word_1_34' title='bbox 76 783 150 846; x_wconf 77' lang='lat' dir='ltr'><strong>stum</strong></span> <span class='ocrx_word' id='word_1_35' title='bbox 175 781 358 866; x_wconf 87' lang='lat' dir='ltr'><strong>petitionem</strong></span> <span class='ocrx_word' id='word_1_36' title='bbox 384 781 488 848; x_wconf 85' lang='lat' dir='ltr'><strong>facere</strong></span> <span class='ocrx_word' id='word_1_37' title='bbox 510 780 723 862; x_wconf 67' lang='lat' dir='ltr'><strong>curavimns⁵3</strong></span> <span class='ocrx_word' id='word_1_38' title='bbox 753 787 785 848; x_wconf 91' lang='lat' dir='ltr'><strong>et</strong></span> <span class='ocrx_word' id='word_1_39' title='bbox 806 781 840 846; x_wconf 93' lang='lat' dir='ltr'><strong>in</strong></span> <span class='ocrx_word' id='word_1_40' title='bbox 863 781 983 848; x_wconf 88' lang='lat' dir='ltr'><strong>cunctis</strong></span> <span class='ocrx_word' id='word_1_41' title='bbox 1006 781 1219 864; x_wconf 89' lang='lat' dir='ltr'><strong>monasteriis,</strong></span> 
     </span>
     <span class='ocr_line' id='line_1_6' title="bbox 73 895 1219 983; baseline 0.002 -23"><span class='ocrx_word' id='word_1_42' title='bbox 73 895 166 961; x_wconf 75' lang='lat' dir='ltr'><strong>nostis</strong></span> <span class='ocrx_word' id='word_1_43' title='bbox 193 895 369 964; x_wconf 78' lang='lat' dir='ltr'><strong>dicionibus</strong></span> <span class='ocrx_word' id='word_1_44' title='bbox 397 897 589 981; x_wconf 86' lang='lat' dir='ltr'><strong>subiunctis,</strong></span> <span class='ocrx_word' id='word_1_45' title='bbox 616 897 778 983; x_wconf 84' lang='lat' dir='ltr'><strong>perpetuis</strong></span> <span class='ocrx_word' id='word_1_46' title='bbox 805 895 984 963; x_wconf 88' lang='lat' dir='ltr'><strong>litterarum</strong></span> <span class='ocrx_word' id='word_1_47' title='bbox 1006 897 1219 964; x_wconf 79' lang='lat' dir='ltr'><strong>monumentis</strong></span> 
     </span>
     <span class='ocr_line' id='line_1_7' title="bbox 74 1011 1217 1099; baseline 0.002 -23"><span class='ocrx_word' id='word_1_48' title='bbox 74 1013 306 1079; x_wconf 85' lang='lat' dir='ltr'><strong>commendantur</strong></span> <span class='ocrx_word' id='word_1_49' title='bbox 328 1017 360 1079; x_wconf 91' lang='lat' dir='ltr'><strong>et</strong></span> <span class='ocrx_word' id='word_1_50' title='bbox 382 1013 560 1080; x_wconf 87' lang='lat' dir='ltr'><strong>orationum</strong></span> <span class='ocrx_word' id='word_1_51' title='bbox 583 1012 732 1080; x_wconf 89' lang='lat' dir='ltr'><strong>subsidiis</strong></span> <span class='ocrx_word' id='word_1_52' title='bbox 755 1011 823 1080; x_wconf 93' lang='lat' dir='ltr'><strong>Deo</strong></span> <span class='ocrx_word' id='word_1_53' title='bbox 847 1012 962 1079; x_wconf 80' lang='lat' dir='ltr'><strong>cotidie</strong></span> <span class='ocrx_word' id='word_1_54' title='bbox 985 1017 1217 1099; x_wconf 76' lang='lat' dir='ltr'><strong>presentantur.</strong></span> 
     </span>
    </p>
   </div>
   <div class='ocr_carea' id='block_1_3' title="bbox 36 1125 1220 1790">
    <p class='ocr_par' dir='ltr' id='par_1_3' title="bbox 73 1125 1219 1215">
     <span class='ocr_line' id='line_1_8' title="bbox 73 1125 1219 1215; baseline 0.001 -23"><span class='ocrx_word' id='word_1_55' title='bbox 73 1125 188 1212; x_wconf 89' lang='lat' dir='ltr'><strong>llludque</strong></span> <span class='ocrx_word' id='word_1_56' title='bbox 210 1128 324 1215; x_wconf 76' lang='lat' dir='ltr'><strong>pietati</strong></span> <span class='ocrx_word' id='word_1_57' title='bbox 344 1134 472 1196; x_wconf 88' lang='lat' dir='ltr'><strong>nostrae</strong></span> <span class='ocrx_word' id='word_1_58' title='bbox 501 1129 579 1195; x_wconf 90' lang='lat' dir='ltr'><strong>satis</strong></span> <span class='ocrx_word' id='word_1_59' title='bbox 606 1127 764 1215; x_wconf 75' lang='lat' dir='ltr'><strong>placuisse</strong></span> <span class='ocrx_word' id='word_1_60' title='bbox 792 1147 960 1212; x_wconf 76' lang='lat' dir='ltr'><strong>cognosce,</strong></span> <span class='ocrx_word' id='word_1_61' title='bbox 990 1127 1074 1212; x_wconf 88' lang='lat' dir='ltr'><strong>quod</strong></span> <span class='ocrx_word' id='word_1_62' title='bbox 1102 1125 1219 1194; x_wconf 86' lang='lat' dir='ltr'><strong>sancti·</strong></span> 
     </span>
    </p>

    <p class='ocr_par' dir='ltr' id='par_1_4' title="bbox 71 1242 1218 1331">
     <span class='ocr_line' id='line_1_9' title="bbox 71 1242 1218 1331; baseline 0.002 -25"><span class='ocrx_word' id='word_1_63' title='bbox 71 1243 156 1309; x_wconf 83' lang='lat' dir='ltr'><strong>nonio</strong></span> <span class='ocrx_word' id='word_1_64' title='bbox 175 1249 230 1310; x_wconf 89' lang='lat' dir='ltr'><strong>tna</strong></span> <span class='ocrx_word' id='word_1_65' title='bbox 252 1243 292 1310; x_wconf 90' lang='lat' dir='ltr'><strong>de</strong></span> <span class='ocrx_word' id='word_1_66' title='bbox 314 1242 518 1312; x_wconf 88' lang='lat' dir='ltr'><strong>ecclesiarum</strong></span> <span class='ocrx_word' id='word_1_67' title='bbox 540 1250 595 1310; x_wconf 87' lang='lat' dir='ltr'><strong>ant</strong></span> <span class='ocrx_word' id='word_1_68' title='bbox 615 1243 727 1331; x_wconf 90' lang='lat' dir='ltr'><strong>populi</strong></span> <span class='ocrx_word' id='word_1_69' title='bbox 749 1243 986 1330; x_wconf 86' lang='lat' dir='ltr'><strong>perturbatione</strong></span> <span class='ocrx_word' id='word_1_70' title='bbox 1002 1243 1139 1310; x_wconf 81' lang='lat' dir='ltr'><strong>sollicite</strong></span> <span class='ocrx_word' id='word_1_71' title='bbox 1152 1247 1218 1326; x_wconf 91' lang='lat' dir='ltr'><strong>est;</strong></span> 
     </span>
    </p>

    <p class='ocr_par' dir='ltr' id='par_1_5' title="bbox 70 1357 1219 1562">
     <span class='ocr_line' id='line_1_10' title="bbox 72 1357 1219 1446; baseline -0.002 -20"><span class='ocrx_word' id='word_1_72' title='bbox 72 1377 133 1441; x_wconf 80' lang='lat' dir='ltr'><strong>quse</strong></span> <span class='ocrx_word' id='word_1_73' title='bbox 153 1360 247 1426; x_wconf 85' lang='lat' dir='ltr'><strong>otiam</strong></span> <span class='ocrx_word' id='word_1_74' title='bbox 269 1364 306 1426; x_wconf 92' lang='lat' dir='ltr'><strong>ut</strong></span> <span class='ocrx_word' id='word_1_75' title='bbox 326 1357 454 1445; x_wconf 86' lang='lat' dir='ltr'><strong>fierent,</strong></span> <span class='ocrx_word' id='word_1_76' title='bbox 482 1359 543 1427; x_wconf 87' lang='lat' dir='ltr'><strong>Dei</strong></span> <span class='ocrx_word' id='word_1_77' title='bbox 566 1359 672 1444; x_wconf 84' lang='lat' dir='ltr'><strong>aliquo</strong></span> <span class='ocrx_word' id='word_1_78' title='bbox 695 1359 940 1446; x_wconf 87' lang='lat' dir='ltr'><strong>dispensationis</strong></span> <span class='ocrx_word' id='word_1_79' title='bbox 963 1357 1094 1428; x_wconf 87' lang='lat' dir='ltr'><strong>consilio</strong></span> <span class='ocrx_word' id='word_1_80' title='bbox 1117 1357 1219 1426; x_wconf 90' lang='lat' dir='ltr'><strong>credi·</strong></span> 
     </span>
     <span class='ocr_line' id='line_1_11' title="bbox 70 1475 369 1562; baseline 0.017 -24"><span class='ocrx_word' id='word_1_81' title='bbox 70 1491 125 1539; x_wconf 89' lang='lat' dir='ltr'><strong>nus</strong></span> <span class='ocrx_word' id='word_1_82' title='bbox 144 1495 209 1542; x_wconf 88' lang='lat' dir='ltr'><strong>esse</strong></span> <span class='ocrx_word' id='word_1_83' title='bbox 231 1475 369 1562; x_wconf 78' lang='lat' dir='ltr'><strong>provisa</strong></span> 
     </span>
    </p>

    <p class='ocr_par' dir='ltr' id='par_1_6' title="bbox 139 1589 1220 1677">
     <span class='ocr_line' id='line_1_12' title="bbox 139 1589 1220 1677; baseline 0.001 -22"><span class='ocrx_word' id='word_1_84' title='bbox 139 1589 260 1657; x_wconf 88' lang='lat' dir='ltr'><strong>Nostris</strong></span> <span class='ocrx_word' id='word_1_85' title='bbox 284 1610 423 1677; x_wconf 91' lang='lat' dir='ltr'><strong>quoque,</strong></span> <span class='ocrx_word' id='word_1_86' title='bbox 450 1589 653 1658; x_wconf 86' lang='lat' dir='ltr'><strong>dilectissime</strong></span> <span class='ocrx_word' id='word_1_87' title='bbox 681 1591 796 1674; x_wconf 87' lang='lat' dir='ltr'><strong>trater,</strong></span> <span class='ocrx_word' id='word_1_88' title='bbox 822 1589 1032 1674; x_wconf 79' lang='lat' dir='ltr'><strong>legationibus</strong></span> <span class='ocrx_word' id='word_1_89' title='bbox 1055 1589 1096 1656; x_wconf 87' lang='lat' dir='ltr'><strong>ad</strong></span> <span class='ocrx_word' id='word_1_90' title='bbox 1119 1590 1220 1657; x_wconf 90' lang='lat' dir='ltr'><strong>domi·</strong></span> 
     </span>
    </p>

    <p class='ocr_par' dir='ltr' id='par_1_7' title="bbox 36 1683 1220 1790">
     <span class='ocr_line' id='line_1_13' title="bbox 36 1683 1220 1790; baseline 0.003 -22"><span class='ocrx_word' id='word_1_91' title='bbox 36 1683 39 1694; x_wconf 60' lang='grc'>’</span> <span class='ocrx_word' id='word_1_92' title='bbox 70 1723 128 1770; x_wconf 92' lang='lat' dir='ltr'><strong>uun</strong></span> <span class='ocrx_word' id='word_1_93' title='bbox 157 1713 297 1774; x_wconf 83' lang='lat' dir='ltr'><strong>rsstrmu</strong></span> <span class='ocrx_word' id='word_1_94' title='bbox 333 1706 594 1790; x_wconf 85' lang='lat' dir='ltr'><strong>gloriosissimum</strong></span> <span class='ocrx_word' id='word_1_95' title='bbox 623 1725 730 1790; x_wconf 89' lang='lat' dir='ltr'><strong>regem</strong></span> <span class='ocrx_word' id='word_1_96' title='bbox 759 1701 850 1772; x_wconf 86' lang='lat' dir='ltr'><strong>Garl¹</strong></span> <span class='ocrx_word' id='word_1_97' title='bbox 879 1706 1079 1774; x_wconf 89' lang='lat' dir='ltr'><strong>obsecramus</strong></span> <span class='ocrx_word' id='word_1_98' title='bbox 1107 1725 1220 1772; x_wconf 88' lang='lat' dir='ltr'><strong>cousu-</strong></span> 
     </span>
    </p>
   </div>
   <div class='ocr_carea' id='block_1_4' title="bbox 66 1817 1221 2470">
    <p class='ocr_par' dir='ltr' id='par_1_8' title="bbox 68 1817 1218 2006">
     <span class='ocr_line' id='line_1_14' title="bbox 68 1817 1218 1909; baseline 0.003 -24"><span class='ocrx_word' id='word_1_99' title='bbox 68 1817 142 1888; x_wconf 91' lang='lat' dir='ltr'><strong>lendo</strong></span> <span class='ocrx_word' id='word_1_100' title='bbox 162 1823 341 1906; x_wconf 80' lang='lat' dir='ltr'><strong>subvenias,</strong></span> <span class='ocrx_word' id='word_1_101' title='bbox 363 1828 400 1889; x_wconf 90' lang='lat' dir='ltr'><strong>ut</strong></span> <span class='ocrx_word' id='word_1_102' title='bbox 421 1841 485 1909; x_wconf 81' lang='lat' dir='ltr'><strong>pax</strong></span> <span class='ocrx_word' id='word_1_103' title='bbox 509 1828 541 1889; x_wconf 86' lang='lat' dir='ltr'><strong>et</strong></span> <span class='ocrx_word' id='word_1_104' title='bbox 563 1822 731 1906; x_wconf 83' lang='lat' dir='ltr'><strong>amicitia·,</strong></span> <span class='ocrx_word' id='word_1_105' title='bbox 755 1841 835 1907; x_wconf 87' lang='lat' dir='ltr'><strong>quae</strong></span> <span class='ocrx_word' id='word_1_106' title='bbox 855 1821 1000 1889; x_wconf 89' lang='lat' dir='ltr'><strong>omnibus</strong></span> <span class='ocrx_word' id='word_1_107' title='bbox 1016 1823 1218 1905; x_wconf 84' lang='lat' dir='ltr'><strong>conveniunt,</strong></span> 
     </span>
     <span class='ocr_line' id='line_1_15' title="bbox 68 1935 720 2006; baseline -0.002 -2"><span class='ocrx_word' id='word_1_108' title='bbox 68 1935 147 2004; x_wconf 80' lang='lat' dir='ltr'><strong>iacias</strong></span> <span class='ocrx_word' id='word_1_109' title='bbox 167 1937 324 2006; x_wconf 85' lang='lat' dir='ltr'><strong>stabiliter</strong></span> <span class='ocrx_word' id='word_1_110' title='bbox 346 1939 428 2005; x_wconf 92' lang='lat' dir='ltr'><strong>inter</strong></span> <span class='ocrx_word' id='word_1_111' title='bbox 451 1959 508 2005; x_wconf 88' lang='lat' dir='ltr'><strong>nos</strong></span> <span class='ocrx_word' id='word_1_112' title='bbox 531 1937 720 2005; x_wconf 85' lang='lat' dir='ltr'><strong>confirmari.</strong></span> 
     </span>
    </p>

    <p class='ocr_par' dir='ltr' id='par_1_9' title="bbox 66 2051 1221 2470">
     <span class='ocr_line' id='line_1_16' title="bbox 96 2051 1219 2140; baseline -0.001 -21"><span class='ocrx_word' id='word_1_113' title='bbox 96 2052 259 2120; x_wconf 76' lang='lat' dir='ltr'><strong>lDivina</strong></span> <span class='ocrx_word' id='word_1_114' title='bbox 285 2059 444 2138; x_wconf 78' lang='lat' dir='ltr'><strong>magestas</strong></span> <span class='ocrx_word' id='word_1_115' title='bbox 472 2053 629 2122; x_wconf 84' lang='lat' dir='ltr'><strong>indefesso</strong></span> <span class='ocrx_word' id='word_1_116' title='bbox 658 2053 830 2120; x_wconf 87' lang='lat' dir='ltr'><strong>certamine</strong></span> <span class='ocrx_word' id='word_1_117' title='bbox 859 2072 917 2140; x_wconf 91' lang='lat' dir='ltr'><strong>pro</strong></span> <span class='ocrx_word' id='word_1_118' title='bbox 941 2051 1060 2120; x_wconf 80' lang='lat' dir='ltr'><strong>Christi</strong></span> <span class='ocrx_word' id='word_1_119' title='bbox 1087 2051 1219 2120; x_wconf 84' lang='lat' dir='ltr'><strong>ecclesie</strong></span> 
     </span>
     <span class='ocr_line' id='line_1_17' title="bbox 68 2163 1221 2252; baseline 0.003 -21"><span class='ocrx_word' id='word_1_120' title='bbox 68 2163 253 2237; x_wconf 71' lang='lat' dir='ltr'><strong>laudantem</strong></span> <span class='ocrx_word' id='word_1_121' title='bbox 281 2176 313 2236; x_wconf 92' lang='lat' dir='ltr'><strong>te</strong></span> <span class='ocrx_word' id='word_1_122' title='bbox 342 2189 527 2236; x_wconf 86' lang='lat' dir='ltr'><strong>conservare</strong></span> <span class='ocrx_word' id='word_1_123' title='bbox 556 2170 712 2252; x_wconf 89' lang='lat' dir='ltr'><strong>dignetur.</strong></span> <span class='ocrx_word' id='word_1_124' title='bbox 802 2167 905 2235; x_wconf 85' lang='lat' dir='ltr'><strong>Parva</strong></span> <span class='ocrx_word' id='word_1_125' title='bbox 932 2167 1120 2234; x_wconf 86' lang='lat' dir='ltr'><strong>munuscula</strong></span> <span class='ocrx_word' id='word_1_126' title='bbox 1146 2174 1221 2234; x_wconf 84' lang='lat' dir='ltr'><strong>tues</strong></span> 
     </span>
     <span class='ocr_line' id='line_1_18' title="bbox 67 2281 1220 2369; baseline -0.002 -17"><span class='ocrx_word' id='word_1_127' title='bbox 67 2281 195 2367; x_wconf 70' lang='lat' dir='ltr'><strong>dignitati</strong></span> <span class='ocrx_word' id='word_1_128' title='bbox 223 2284 425 2369; x_wconf 85' lang='lat' dir='ltr'><strong>admisimus,</strong></span> <span class='ocrx_word' id='word_1_129' title='bbox 454 2283 488 2351; x_wconf 91' lang='lat' dir='ltr'><strong>id</strong></span> <span class='ocrx_word' id='word_1_130' title='bbox 516 2289 566 2352; x_wconf 87' lang='lat' dir='ltr'><strong>cst</strong></span> <span class='ocrx_word' id='word_1_131' title='bbox 591 2283 757 2352; x_wconf 86' lang='lat' dir='ltr'><strong>duodecim</strong></span> <span class='ocrx_word' id='word_1_132' title='bbox 785 2303 877 2367; x_wconf 88' lang='lat' dir='ltr'><strong>sagos</strong></span> <span class='ocrx_word' id='word_1_133' title='bbox 906 2303 978 2352; x_wconf 89' lang='lat' dir='ltr'><strong>curn</strong></span> <span class='ocrx_word' id='word_1_134' title='bbox 1007 2283 1101 2352; x_wconf 90' lang='lat' dir='ltr'><strong>anulo</strong></span> <span class='ocrx_word' id='word_1_135' title='bbox 1125 2303 1220 2351; x_wconf 86' lang='lat' dir='ltr'><strong>auree</strong></span> 
     </span>
     <span class='ocr_line' id='line_1_19' title="bbox 66 2398 474 2470; baseline 0.002 -4"><span class='ocrx_word' id='word_1_136' title='bbox 66 2398 160 2468; x_wconf 81' lang='lat' dir='ltr'><strong>nsiori</strong></span> <span class='ocrx_word' id='word_1_137' title='bbox 182 2402 267 2470; x_wconf 91' lang='lat' dir='ltr'><strong>dono</strong></span> <span class='ocrx_word' id='word_1_138' title='bbox 292 2401 334 2468; x_wconf 86' lang='lat' dir='ltr'><strong>ad</strong></span> <span class='ocrx_word' id='word_1_139' title='bbox 357 2400 474 2468; x_wconf 88' lang='lat' dir='ltr'><strong>dotem.</strong></span> 
     </span>
    </p>
   </div>
   <div class='ocr_carea' id='block_1_5' title="bbox 68 2609 1220 2934">
    <p class='ocr_par' dir='ltr' id='par_1_10' title="bbox 68 2609 1220 2934">
     <span class='ocr_line' id='line_1_20' title="bbox 68 2609 1219 2702; baseline 0.003 -25"><span class='ocrx_word' id='word_1_140' title='bbox 68 2609 138 2682; x_wconf 83' lang='lat' dir='ltr'><strong>lto.</strong></span> <span class='ocrx_word' id='word_1_141' title='bbox 157 2615 357 2700; x_wconf 60' lang='lat' dir='ltr'><strong>Aeardaffue</strong></span> <span class='ocrx_word' id='word_1_142' title='bbox 386 2617 549 2702; x_wconf 64' lang='lat' dir='ltr'><strong>epsicopus</strong></span> <span class='ocrx_word' id='word_1_143' title='bbox 573 2613 730 2700; x_wconf 78' lang='lat' dir='ltr'><strong>Roffeosie</strong></span> <span class='ocrx_word' id='word_1_144' title='bbox 753 2613 884 2678; x_wconf 69' lang='lat' dir='ltr'><strong>laedam</strong></span> <span class='ocrx_word' id='word_1_145' title='bbox 912 2617 1094 2702; x_wconf 63' lang='lat' dir='ltr'><strong>episcopum</strong></span> <span class='ocrx_word' id='word_1_146' title='bbox 1114 2629 1219 2702; x_wconf 76' lang='lat' dir='ltr'><strong>repat,</strong></span> 
     </span>
     <span class='ocr_line' id='line_1_21' title="bbox 157 2729 1220 2819; baseline -0.001 -21"><span class='ocrx_word' id='word_1_147' title='bbox 157 2743 192 2798; x_wconf 74' lang='lat' dir='ltr'><strong>ue</strong></span> <span class='ocrx_word' id='word_1_148' title='bbox 208 2754 275 2819; x_wconf 81' lang='lat' dir='ltr'><strong>pro</strong></span> <span class='ocrx_word' id='word_1_149' title='bbox 298 2753 331 2796; x_wconf 84' lang='lat' dir='ltr'><strong>ee</strong></span> <span class='ocrx_word' id='word_1_150' title='bbox 352 2733 479 2817; x_wconf 78' lang='lat' dir='ltr'><strong>scieque</strong></span> <span class='ocrx_word' id='word_1_151' title='bbox 501 2733 545 2796; x_wconf 84' lang='lat' dir='ltr'><strong>ad</strong></span> <span class='ocrx_word' id='word_1_152' title='bbox 567 2732 659 2798; x_wconf 79' lang='lat' dir='ltr'><strong>deum</strong></span> <span class='ocrx_word' id='word_1_153' title='bbox 670 2743 825 2817; x_wconf 73' lang='lat' dir='ltr'><strong>praestaro.</strong></span> <span class='ocrx_word' id='word_1_154' title='bbox 857 2729 994 2794; x_wconf 79' lang='lat' dir='ltr'><strong>Munera</strong></span> <span class='ocrx_word' id='word_1_155' title='bbox 1008 2733 1116 2796; x_wconf 80' lang='lat' dir='ltr'><strong>mittit.</strong></span> <span class='ocrx_word' id='word_1_156' title='bbox 1148 2731 1220 2796; x_wconf 60' lang='grc'>1111-</span> 
     </span>
     <span class='ocr_line' id='line_1_22' title="bbox 157 2842 1220 2934; baseline -0.004 -20"><span class='ocrx_word' id='word_1_157' title='bbox 157 2860 242 2914; x_wconf 80' lang='lat' dir='ltr'><strong>teras</strong></span> <span class='ocrx_word' id='word_1_158' title='bbox 264 2845 394 2934; x_wconf 60' lang='lat' dir='ltr'><strong>perciet.</strong></span> <span class='ocrx_word' id='word_1_159' title='bbox 814 2842 849 2926; x_wconf 86' lang='lat' dir='ltr'><strong>(S</strong></span> <span class='ocrx_word' id='word_1_160' title='bbox 867 2845 920 2929; x_wconf 77' lang='grc'><strong>77,</strong></span> <span class='ocrx_word' id='word_1_161' title='bbox 943 2842 982 2910; x_wconf 89' lang='lat' dir='ltr'>W</span> <span class='ocrx_word' id='word_1_162' title='bbox 1001 2847 1074 2928; x_wconf 87' lang='grc'>116,</span> <span class='ocrx_word' id='word_1_163' title='bbox 1098 2842 1220 2928; x_wconf 75' lang='grc'>6105)</span> 
     </span>
    </p>
   </div>
   <div class='ocr_carea' id='block_1_6' title="bbox 63 2975 1381 3874">
    <p class='ocr_par' dir='ltr' id='par_1_11' title="bbox 63 2975 1381 3874">
     <span class='ocr_line' id='line_1_23' title="bbox 92 2975 1381 3064; baseline -0.002 -20"><span class='ocrx_word' id='word_1_164' title='bbox 92 2975 407 3048; x_wconf 77' lang='lat' dir='ltr'><strong>÷Reverentissimo</strong></span> <span class='ocrx_word' id='word_1_165' title='bbox 440 2979 593 3064; x_wconf 88' lang='lat' dir='ltr'><strong>nobisque</strong></span> <span class='ocrx_word' id='word_1_166' title='bbox 626 2978 768 3044; x_wconf 90' lang='lat' dir='ltr'><strong>omnium</strong></span> <span class='ocrx_word' id='word_1_167' title='bbox 802 2979 1021 3064; x_wconf 88' lang='lat' dir='ltr'><strong>episcoporum</strong></span> <span class='ocrx_word' id='word_1_168' title='bbox 1057 2976 1220 3044; x_wconf 88' lang='lat' dir='ltr'><strong>carissimo</strong></span> <span class='ocrx_word' id='word_1_169' title='bbox 1240 2987 1381 3043; x_wconf 77' lang='lat' dir='ltr'><strong>tto-tte</strong></span> 
     </span>
     <span class='ocr_line' id='line_1_24' title="bbox 64 3086 1221 3184; baseline 0.005 -30"><span class='ocrx_word' id='word_1_170' title='bbox 64 3086 139 3160; x_wconf 91' lang='lat' dir='ltr'><strong>Lullo</strong></span> <span class='ocrx_word' id='word_1_171' title='bbox 160 3097 350 3184; x_wconf 89' lang='lat' dir='ltr'><strong>coepiscopo</strong></span> <span class='ocrx_word' id='word_1_172' title='bbox 371 3093 578 3177; x_wconf 86' lang='lat' dir='ltr'><strong>Aeardulius,</strong></span> <span class='ocrx_word' id='word_1_173' title='bbox 601 3092 766 3160; x_wconf 86' lang='lat' dir='ltr'><strong>Hroiensis</strong></span> <span class='ocrx_word' id='word_1_174' title='bbox 789 3092 939 3160; x_wconf 87' lang='lat' dir='ltr'><strong>eeclesias</strong></span> <span class='ocrx_word' id='word_1_175' title='bbox 964 3087 1127 3176; x_wconf 76' lang='lat' dir='ltr'><strong>anbetes’,</strong></span> <span class='ocrx_word' id='word_1_176' title='bbox 1150 3111 1221 3160; x_wconf 89' lang='lat' dir='ltr'><strong>oum</strong></span> 
     </span>
     <span class='ocr_line' id='line_1_25' title="bbox 64 3203 1223 3294; baseline 0 -20"><span class='ocrx_word' id='word_1_177' title='bbox 64 3215 174 3278; x_wconf 72' lang='lat' dir='ltr'><strong>undas</strong></span> <span class='ocrx_word' id='word_1_178' title='bbox 209 3211 362 3280; x_wconf 88' lang='lat' dir='ltr'><strong>ecclesiae</strong></span> <span class='ocrx_word' id='word_1_179' title='bbox 394 3208 459 3276; x_wconf 89' lang='lat' dir='ltr'><strong>tilio</strong></span> <span class='ocrx_word' id='word_1_180' title='bbox 492 3203 702 3276; x_wconf 83' lang='lat' dir='ltr'><strong>Aeardvulfo&#39;</strong></span> <span class='ocrx_word' id='word_1_181' title='bbox 731 3228 806 3294; x_wconf 89' lang='lat' dir='ltr'><strong>rege</strong></span> <span class='ocrx_word' id='word_1_182' title='bbox 839 3207 970 3276; x_wconf 77' lang='lat' dir='ltr'><strong>cannae</strong></span> <span class='ocrx_word' id='word_1_183' title='bbox 1005 3207 1159 3276; x_wconf 82' lang='lat' dir='ltr'><strong>sincerum</strong></span> <span class='ocrx_word' id='word_1_184' title='bbox 1189 3209 1223 3274; x_wconf 92' lang='lat' dir='ltr'><strong>in</strong></span> 
     </span>
     <span class='ocr_line' id='line_1_26' title="bbox 65 3317 485 3395; baseline 0.005 -7"><span class='ocrx_word' id='word_1_185' title='bbox 65 3317 165 3392; x_wconf 73' lang='lat' dir='ltr'><strong>mmo</strong></span> <span class='ocrx_word' id='word_1_186' title='bbox 187 3328 318 3395; x_wconf 90' lang='lat' dir='ltr'><strong>nomine</strong></span> <span class='ocrx_word' id='word_1_187' title='bbox 341 3327 485 3394; x_wconf 83' lang='lat' dir='ltr'><strong>salutem.</strong></span> 
     </span>
     <span class='ocr_line' id='line_1_27' title="bbox 136 3438 1223 3526; baseline -0.003 -18"><span class='ocrx_word' id='word_1_188' title='bbox 136 3441 307 3510; x_wconf 84' lang='lat' dir='ltr'><strong>Veraeium</strong></span> <span class='ocrx_word' id='word_1_189' title='bbox 328 3441 427 3526; x_wconf 88' lang='lat' dir='ltr'><strong>igitur</strong></span> <span class='ocrx_word' id='word_1_190' title='bbox 448 3440 604 3508; x_wconf 87' lang='lat' dir='ltr'><strong>sociorum</strong></span> <span class='ocrx_word' id='word_1_191' title='bbox 627 3441 711 3506; x_wconf 91' lang='lat' dir='ltr'><strong>inter</strong></span> <span class='ocrx_word' id='word_1_192' title='bbox 732 3438 796 3506; x_wconf 84' lang='lat' dir='ltr'><strong>alia</strong></span> <span class='ocrx_word' id='word_1_193' title='bbox 811 3438 952 3506; x_wconf 80' lang='lat' dir='ltr'><strong>amiculis</strong></span> <span class='ocrx_word' id='word_1_194' title='bbox 967 3439 1223 3526; x_wconf 81' lang='lat' dir='ltr'><strong>memorialisque</strong></span> 
     </span>
     <span class='ocr_line' id='line_1_28' title="bbox 63 3541 1231 3642; baseline 0 -20"><span class='ocrx_word' id='word_1_195' title='bbox 63 3572 117 3622; x_wconf 87' lang='lat' dir='ltr'><strong>uos</strong></span> <span class='ocrx_word' id='word_1_196' title='bbox 137 3579 209 3624; x_wconf 88' lang='lat' dir='ltr'><strong>esse</strong></span> <span class='ocrx_word' id='word_1_197' title='bbox 232 3559 416 3640; x_wconf 90' lang='lat' dir='ltr'><strong>dinoscitur,</strong></span> <span class='ocrx_word' id='word_1_198' title='bbox 439 3576 511 3624; x_wconf 90' lang='lat' dir='ltr'><strong>oum</strong></span> <span class='ocrx_word' id='word_1_199' title='bbox 534 3575 602 3624; x_wconf 89' lang='lat' dir='ltr'><strong>sese</strong></span> <span class='ocrx_word' id='word_1_200' title='bbox 623 3556 662 3622; x_wconf 92' lang='lat' dir='ltr'><strong>ob</strong></span> <span class='ocrx_word' id='word_1_201' title='bbox 677 3553 932 3624; x_wconf 85' lang='lat' dir='ltr'><strong>interiacentium</strong></span> <span class='ocrx_word' id='word_1_202' title='bbox 948 3559 1104 3622; x_wconf 87' lang='lat' dir='ltr'><strong>terrarum</strong></span> <span class='ocrx_word' id='word_1_203' title='bbox 1118 3541 1231 3642; x_wconf 70' lang='lat' dir='ltr'><strong>spatia&#39;</strong></span> 
     </span>
     <span class='ocr_line' id='line_1_29' title="bbox 64 3670 1223 3759; baseline 0.003 -24"><span class='ocrx_word' id='word_1_204' title='bbox 64 3687 108 3735; x_wconf 84' lang='lat' dir='ltr'><strong>esu</strong></span> <span class='ocrx_word' id='word_1_205' title='bbox 131 3675 366 3759; x_wconf 84' lang='lat' dir='ltr'><strong>provinciarum</strong></span> <span class='ocrx_word' id='word_1_206' title='bbox 396 3677 577 3740; x_wconf 79' lang='lat' dir='ltr'><strong>exterarum</strong></span> <span class='ocrx_word' id='word_1_207' title='bbox 605 3672 750 3756; x_wconf 87' lang='lat' dir='ltr'><strong>regiones</strong></span> <span class='ocrx_word' id='word_1_208' title='bbox 783 3670 1034 3758; x_wconf 84' lang='lat' dir='ltr'><strong>presentialiter·</strong></span> <span class='ocrx_word' id='word_1_209' title='bbox 1063 3676 1223 3757; x_wconf 90' lang='lat' dir='ltr'><strong>nequeunt</strong></span> 
     </span>
     <span class='ocr_line' id='line_1_30' title="bbox 64 3783 1222 3874; baseline 0.002 -22"><span class='ocrx_word' id='word_1_210' title='bbox 64 3783 184 3857; x_wconf 75' lang='lat' dir='ltr'><strong>insieme</strong></span> <span class='ocrx_word' id='word_1_211' title='bbox 208 3809 248 3856; x_wconf 88' lang='lat' dir='ltr'><strong>ac</strong></span> <span class='ocrx_word' id='word_1_212' title='bbox 270 3789 424 3874; x_wconf 84' lang='lat' dir='ltr'><strong>salutare,</strong></span> <span class='ocrx_word' id='word_1_213' title='bbox 453 3793 538 3856; x_wconf 87' lang='lat' dir='ltr'><strong>certe</strong></span> <span class='ocrx_word' id='word_1_214' title='bbox 566 3807 623 3874; x_wconf 90' lang='lat' dir='ltr'><strong>per</strong></span> <span class='ocrx_word' id='word_1_215' title='bbox 652 3807 725 3856; x_wconf 88' lang='lat' dir='ltr'><strong>suos</strong></span> <span class='ocrx_word' id='word_1_216' title='bbox 754 3785 863 3853; x_wconf 87' lang='lat' dir='ltr'><strong>fideles</strong></span> <span class='ocrx_word' id='word_1_217' title='bbox 885 3787 1014 3854; x_wconf 89' lang='lat' dir='ltr'><strong>nuntios</strong></span> <span class='ocrx_word' id='word_1_218' title='bbox 1037 3786 1103 3854; x_wconf 85' lang='lat' dir='ltr'><strong>sive</strong></span> <span class='ocrx_word' id='word_1_219' title='bbox 1126 3787 1222 3854; x_wconf 88' lang='lat' dir='ltr'><strong>etiam</strong></span> 
     </span>
    </p>
   </div>
   <div class='ocr_carea' id='block_1_7' title="bbox 65 3937 1224 4082">
    <p class='ocr_par' dir='ltr' id='par_1_12' title="bbox 65 3937 1224 4082">
     <span class='ocr_line' id='line_1_31' title="bbox 121 3937 1224 3988; baseline -0.004 0"><span class='ocrx_word' id='word_1_220' title='bbox 121 3955 140 3988; x_wconf 75' lang='grc' dir='ltr'><strong>ι</strong></span> <span class='ocrx_word' id='word_1_221' title='bbox 160 3941 272 3988; x_wconf 73' lang='lat' dir='ltr'><strong>niman</strong></span> <span class='ocrx_word' id='word_1_222' title='bbox 292 3941 318 3986; x_wconf 76' lang='lat' dir='ltr'><strong>V.</strong></span> <span class='ocrx_word' id='word_1_223' title='bbox 399 3938 422 3985; x_wconf 87' lang='lat' dir='ltr'><strong>b.</strong></span> <span class='ocrx_word' id='word_1_224' title='bbox 445 3939 573 3986; x_wconf 81' lang='lat' dir='ltr'><strong>curabimus</strong></span> <span class='ocrx_word' id='word_1_225' title='bbox 592 3939 619 3985; x_wconf 79' lang='lat' dir='ltr'><strong>V.</strong></span> <span class='ocrx_word' id='word_1_226' title='bbox 700 3953 721 3985; x_wconf 88' lang='lat' dir='ltr'><strong>c.</strong></span> <span class='ocrx_word' id='word_1_227' title='bbox 743 3939 842 3985; x_wconf 77' lang='lat' dir='ltr'><strong>amiticia</strong></span> <span class='ocrx_word' id='word_1_228' title='bbox 861 3938 888 3984; x_wconf 78' lang='lat'><strong>7.</strong></span> <span class='ocrx_word' id='word_1_229' title='bbox 969 3937 992 3984; x_wconf 93' lang='lat' dir='ltr'><strong>d.</strong></span> <span class='ocrx_word' id='word_1_230' title='bbox 1013 3955 1041 3984; x_wconf 74' lang='lat' dir='ltr'><strong>ex</strong></span> <span class='ocrx_word' id='word_1_231' title='bbox 1059 3939 1083 3985; x_wconf 77' lang='lat' dir='ltr'><em>V</em></span> <span class='ocrx_word' id='word_1_232' title='bbox 1095 3937 1224 3985; x_wconf 66' lang='lat' dir='ltr'><strong>tie-50.</strong></span> 
     </span>
     <span class='ocr_line' id='line_1_32' title="bbox 65 4017 851 4082; baseline -0.001 -17"><span class='ocrx_word' id='word_1_233' title='bbox 65 4017 153 4066; x_wconf 66' lang='lat' dir='ltr'><strong>lma.-</strong></span> <span class='ocrx_word' id='word_1_234' title='bbox 168 4021 256 4082; x_wconf 89' lang='lat' dir='ltr'><strong>lncipit</strong></span> <span class='ocrx_word' id='word_1_235' title='bbox 271 4019 369 4080; x_wconf 84' lang='lat' dir='ltr'><strong>epistola</strong></span> <span class='ocrx_word' id='word_1_236' title='bbox 383 4018 527 4064; x_wconf 73' lang='lat' dir='ltr'><strong>Aeardultua.</strong></span> <span class='ocrx_word' id='word_1_237' title='bbox 605 4033 625 4065; x_wconf 86' lang='lat' dir='ltr'><strong>e.</strong></span> <span class='ocrx_word' id='word_1_238' title='bbox 646 4019 806 4078; x_wconf 84' lang='lat' dir='ltr'><strong>presentaliter</strong></span> <span class='ocrx_word' id='word_1_239' title='bbox 824 4019 851 4064; x_wconf 80' lang='lat' dir='ltr'><strong>V.</strong></span> 
     </span>
    </p>
   </div>
   <div class='ocr_carea' id='block_1_8' title="bbox 63 4109 1254 4451">
    <p class='ocr_par' dir='ltr' id='par_1_13' title="bbox 63 4109 1254 4451">
     <span class='ocr_line' id='line_1_33' title="bbox 122 4109 1223 4186; baseline -0.005 -16"><span class='ocrx_word' id='word_1_240' title='bbox 122 4116 144 4170; x_wconf 92' lang='lat'><strong>1.</strong></span> <span class='ocrx_word' id='word_1_241' title='bbox 167 4131 265 4186; x_wconf 87' lang='lat' dir='ltr'><strong>regern</strong></span> <span class='ocrx_word' id='word_1_242' title='bbox 283 4113 386 4170; x_wconf 82' lang='lat' dir='ltr'><strong>factum</strong></span> <span class='ocrx_word' id='word_1_243' title='bbox 405 4112 449 4168; x_wconf 89' lang='lat' dir='ltr'><strong>die</strong></span> <span class='ocrx_word' id='word_1_244' title='bbox 467 4113 484 4166; x_wconf 88' lang='grc'><strong>9</strong></span> <span class='ocrx_word' id='word_1_245' title='bbox 503 4112 562 4168; x_wconf 85' lang='lat' dir='ltr'><strong>Oct.</strong></span> <span class='ocrx_word' id='word_1_246' title='bbox 581 4129 606 4167; x_wconf 88' lang='lat' dir='ltr'><strong>a.</strong></span> <span class='ocrx_word' id='word_1_247' title='bbox 620 4114 680 4168; x_wconf 80' lang='grc'>168.</span> <span class='ocrx_word' id='word_1_248' title='bbox 777 4115 802 4168; x_wconf 80' lang='grc'><strong>2.</strong></span> <span class='ocrx_word' id='word_1_249' title='bbox 826 4128 850 4168; x_wconf 90' lang='lat' dir='ltr'><strong>e.</strong></span> <span class='ocrx_word' id='word_1_250' title='bbox 864 4112 1013 4168; x_wconf 74' lang='lat' dir='ltr'><strong>tat-tte.</strong></span> <span class='ocrx_word' id='word_1_251' title='bbox 1041 4111 1075 4165; x_wconf 92' lang='lat' dir='ltr'><strong>V.</strong></span> <span class='ocrx_word' id='word_1_252' title='bbox 1094 4109 1223 4166; x_wconf 87' lang='lat' dir='ltr'><strong>llonasti·</strong></span> 
     </span>
     <span class='ocr_line' id='line_1_34' title="bbox 65 4198 1223 4273; baseline -0.002 -19"><span class='ocrx_word' id='word_1_253' title='bbox 65 4212 114 4254; x_wconf 80' lang='lat' dir='ltr'><strong>cun</strong></span> <span class='ocrx_word' id='word_1_254' title='bbox 132 4203 316 4273; x_wconf 72' lang='lat' dir='ltr'><strong>Anglicunum</strong></span> <span class='ocrx_word' id='word_1_255' title='bbox 335 4201 464 4271; x_wconf 82' lang='lat' dir='ltr'><strong>(London</strong></span> <span class='ocrx_word' id='word_1_256' title='bbox 483 4201 567 4268; x_wconf 86' lang='grc'>1846)</span> <span class='ocrx_word' id='word_1_257' title='bbox 586 4201 619 4256; x_wconf 89' lang='grc' dir='ltr'><strong>Τ.</strong></span> <span class='ocrx_word' id='word_1_258' title='bbox 636 4201 649 4256; x_wconf 97' lang='grc'>1</span> <span class='ocrx_word' id='word_1_259' title='bbox 668 4201 727 4256; x_wconf 82' lang='lat'>154.</span> <span class='ocrx_word' id='word_1_260' title='bbox 818 4203 844 4255; x_wconf 85' lang='lat'><strong>3.</strong></span> <span class='ocrx_word' id='word_1_261' title='bbox 868 4199 928 4270; x_wconf 89' lang='lat' dir='ltr'><strong>qui,</strong></span> <span class='ocrx_word' id='word_1_262' title='bbox 952 4199 988 4254; x_wconf 83' lang='lat' dir='ltr'><strong>ab</strong></span> <span class='ocrx_word' id='word_1_263' title='bbox 1012 4198 1148 4254; x_wconf 83' lang='lat' dir='ltr'><strong>avunculo</strong></span> <span class='ocrx_word' id='word_1_264' title='bbox 1172 4211 1223 4252; x_wconf 91' lang='lat' dir='ltr'><strong>suo</strong></span> 
     </span>
     <span class='ocr_line' id='line_1_35' title="bbox 63 4283 1223 4362; baseline -0.006 -16"><span class='ocrx_word' id='word_1_265' title='bbox 63 4283 141 4346; x_wconf 75' lang='lat' dir='ltr'><strong>diuiso</strong></span> <span class='ocrx_word' id='word_1_266' title='bbox 158 4307 226 4362; x_wconf 89' lang='lat' dir='ltr'><strong>rege</strong></span> <span class='ocrx_word' id='word_1_267' title='bbox 239 4292 407 4360; x_wconf 80' lang='grc'>(760-194)</span> <span class='ocrx_word' id='word_1_268' title='bbox 419 4291 448 4346; x_wconf 88' lang='lat' dir='ltr'><strong>iu</strong></span> <span class='ocrx_word' id='word_1_269' title='bbox 465 4291 625 4346; x_wconf 62' lang='lat' dir='ltr'><strong>seuientem</strong></span> <span class='ocrx_word' id='word_1_270' title='bbox 642 4290 720 4359; x_wconf 86' lang='lat' dir='ltr'><strong>regni</strong></span> <span class='ocrx_word' id='word_1_271' title='bbox 733 4293 871 4360; x_wconf 83' lang='lat' dir='ltr'><strong>aceeptus,</strong></span> <span class='ocrx_word' id='word_1_272' title='bbox 890 4294 955 4346; x_wconf 83' lang='lat' dir='ltr'><strong>ante</strong></span> <span class='ocrx_word' id='word_1_273' title='bbox 967 4303 1069 4344; x_wconf 89' lang='lat' dir='ltr'><strong>annum</strong></span> <span class='ocrx_word' id='word_1_274' title='bbox 1083 4285 1135 4341; x_wconf 82' lang='grc'><strong>794</strong></span> <span class='ocrx_word' id='word_1_275' title='bbox 1146 4283 1223 4341; x_wconf 86' lang='lat' dir='ltr'><strong>obiit</strong></span> 
     </span>
     <span class='ocr_line' id='line_1_36' title="bbox 64 4371 1254 4451; baseline -0.003 -17"><span class='ocrx_word' id='word_1_276' title='bbox 64 4371 92 4428; x_wconf 79' lang='lat' dir='ltr'><strong>V.</strong></span> <span class='ocrx_word' id='word_1_277' title='bbox 107 4378 286 4451; x_wconf 82' lang='lat' dir='ltr'><strong>Luppenberg</strong></span> <span class='ocrx_word' id='word_1_278' title='bbox 304 4379 404 4436; x_wconf 83' lang='lat' dir='ltr'><strong>Gesclr.</strong></span> <span class='ocrx_word' id='word_1_279' title='bbox 422 4395 478 4436; x_wconf 87' lang='lat' dir='ltr'><strong>von</strong></span> <span class='ocrx_word' id='word_1_280' title='bbox 495 4378 623 4449; x_wconf 82' lang='lat' dir='ltr'><strong>England</strong></span> <span class='ocrx_word' id='word_1_281' title='bbox 641 4379 654 4434; x_wconf 94' lang='lat'>1</span> <span class='ocrx_word' id='word_1_282' title='bbox 673 4379 733 4434; x_wconf 81' lang='lat'>241.</span> <span class='ocrx_word' id='word_1_283' title='bbox 1249 4404 1254 4412; x_wconf 88' lang='lat'><em>-</em></span> 
     </span>
    </p>
   </div>
   <div class='ocr_carea' id='block_1_9' title="bbox 0 0 1560 4844">
    <p class='ocr_par' dir='ltr' id='par_1_14' title="bbox 0 0 1560 4844">
     <span class='ocr_line' id='line_1_37' title="bbox 0 0 1560 4844; baseline 0 2"><span class='ocrx_word' id='word_1_284' title='bbox 0 0 1560 4844; x_wconf 95' lang='lat' dir='ltr'><strong> </strong></span> 
     </span>
    </p>
   </div>
  </div>
 </body>
</html>
