3024 4864
284 275 350 342 256
495 293 521 341 s.
537 293 715 342 somnum
735 295 780 342 sn
803 295 905 342 noum
926 293 1114 342 mucronis
1137 293 1188 340 roe.
1206 293 1252 339 roc

125 429 266 500 'itt—'155
284 434 399 518 gnaris.
445 434 489 500 Et
511 435 648 529 adhoc·
670 436 783 523 ipsudb
807 435 963 520 agendum
986 435 1076 519 alios,
1100 453 1312 519 quoscumque
1334 434 1386 501 vel
1404 435 1448 500 iu-

284 550 386 617 bendo
409 551 459 618 vel
481 551 676 635 suggerendo
699 553 815 639 possit,
844 570 1016 638 provocare
1045 551 1243 617 auctoritatis
1263 555 1340 616 tuae
1361 569 1449 618 veno

283 666 385 733 tanda
417 667 542 735 dilectio
571 687 697 754 semper
725 668 767 734 sit
799 669 902 734 vivaci
934 666 1089 734 memoria
1121 666 1231 753 plena,
1263 672 1331 732 tam
1364 666 1450 732 dum·

285 783 445 850 advixisse
474 783 587 850 mein
615 783 675 849 hac
702 783 828 850 mortali
858 803 953 850 came
982 781 1107 866 audias,
1138 801 1232 868 qnam
1259 783 1357 849 ctiam
1384 787 1452 868 post

285 897 405 964 obitum
428 918 549 982 meum,
573 898 601 964 si
622 903 727 965 tecum
750 919 933 986 promerear
955 898 1071 966 habere
1094 899 1306 984 superstitem.

374 1013 432 1080 His
460 1015 566 1098 itaque
594 1013 751 1081 breviterd
780 1014 1025 1100 summatimque
1052 1013 1233 1101 prelibatis,
1263 1033 1362 1080 unam
1388 1033 1452 1080 rem

285 1134 430 1215 preterea
452 1151 473 1195 a
493 1128 582 1196 vobis
607 1128 750 1197 desidero
771 1129 850 1196 mibi
874 1129 1030 1214 exhiberi,
1061 1149 1156 1216 quam
1178 1128 1267 1196 vobis
1291 1127 1452 1213 adquirere

285 1245 377 1312 valde
400 1243 527 1312 difficile
550 1266 634 1330 esse,
662 1247 754 1312 iuxta
776 1245 860 1331 quod
882 1246 961 1312 mihi
982 1245 1158 1312 indicatum
1181 1252 1247 1328 ost,
1277 1243 1452 1312 nullatenus

285 1381 371 1444 reor3
400 1361 460 1428 hoo
487 1367 536 1428 est
563 1362 641 1428 duos
669 1360 825 1445 falcones,
854 1381 987 1447 quorum
1018 1381 1069 1428 ars
1092 1369 1125 1428 et
1147 1361 1225 1428 artis
1249 1359 1378 1426 audatia
1399 1360 1451 1427 sit:

284 1497 377 1561 grues
400 1477 480 1544 velle
502 1475 637 1545 libenter
659 1477 814 1565 captando
837 1478 978 1564 arripere
1001 1483 1033 1543 ot
1056 1475 1236 1564 arripiendo
1257 1481 1454 1543 consternere

285 1592 361 1659 solo.
408 1592 456 1661 Ob
477 1593 559 1662 hanc
581 1594 698 1660 etenim
720 1613 848 1660 causam
871 1593 910 1661 de
931 1593 1045 1660 harum
1067 1592 1277 1679 adquisitione
1299 1597 1332 1658 et
1352 1597 1453 1658 trans

284 1708 527 1776 mittendamm·
551 1710 593 1776 ad
614 1728 672 1777 nos
700 1710 805 1777 avium
833 1729 890 1776 vos
919 1727 1084 1793 rogamus,
1115 1709 1190 1794 quia
1216 1705 1364 1774 uidelicet
1385 1727 1454 1794 per·

284 1825 378 1910 pauci
400 1825 493 1893 buius
516 1826 640 1909 generis
664 1825 830 1912 accipitres
852 1826 888 1892 in
909 1826 1026 1892 nostris
1049 1824 1246 1908 regionibus,
1270 1824 1331 1890 bec
1353 1827 1403 1890 est
1421 1824 1455 1889 in

286 1937 409 2025 Guntia,
432 1941 667 2028 repperiuntur,
691 1942 745 2027 qui
767 1948 834 2008 tam
857 1941 956 2008 bonos
979 1941 1156 2027 producant
1176 1939 1279 2006 foetus
1302 1945 1335 2007 et
1349 1940 1391 2006 ad
1406 1959 1455 2006 su-

284 2056 461 2141 pradictam
490 2061 592 2124 artem
621 2057 727 2123 animo
756 2058 853 2141 agiles
883 2077 921 2124 ac
947 2055 1102 2123 bellicosi¹
1124 2053 1296 2122 educentur
1323 2061 1356 2122 et
1383 2055 1456 2122 edo-

285 2178 412 2238 mantur
434 2192 471 2239 ac
493 2173 673 2240 doceantur.
752 2172 916 2240 Postremo
939 2177 1044 2238 autem
1066 2172 1100 2238 in
1123 2169 1185 2237 line
1208 2169 1362 2258 epistulae
1384 2189 1456 2259 pre-

285 2303 349 2368 cor,
371 2291 408 2351 ut
430 2287 470 2352 ad
493 2288 683 2355 scribentem
706 2293 756 2356 te⁸
777 2288 947 2370 rescribas3
972 2293 1004 2354 et
1024 2286 1139 2353 litteris
1162 2287 1225 2353 tuis
1250 2286 1329 2353 mibi
1355 2287 1458 2352 mani·

284 2400 401 2468 festaro
429 2400 585 2488 digneris,
622 2409 659 2471 ut
688 2424 740 2488 ea,
772 2423 852 2489 quae
882 2404 941 2470 tibi
972 2403 1089 2487 direxi,
1118 2403 1197 2469 bene
1227 2402 1292 2469 sint
1320 2401 1458 2468 reddita

286 2514 438 2585 Orantem
459 2537 517 2604 pro
539 2519 631 2586 nobis
653 2519 881 2588 beatitudinem
904 2524 992 2586 tuam
1013 2517 1200 2602 longevum*¹
1224 2519 1333 2585 divina
1354 2519 1459 2605 pietas

285 2631 403 2700 faciat‘.

291 2845 378 2916 104.
398 2848 584 2933 Bonifatius
605 2849 757 2934 Optatam
779 2849 920 2914 abbatem
935 2847 1134 2914 Caenonem
1148 2850 1187 2914 de
1201 2850 1341 2914 inermdc
1355 2871 1463 2916 tecum

390 2963 596 3048 fraternitate
618 2963 782 3051 spirituali
804 2962 975 3030 licitator'*⁸
1073 2962 1109 3044 (S
1129 2966 1202 3047 106,
1225 2961 1264 3030 W
1280 2966 1334 3048 93,
1357 2961 1463 3046 Get)

128 3102 270 3159 ubo—755
376 3093 641 3162 Reverentissimo
663 3095 756 3162 fratri
778 3096 875 3164 immo
891 3097 1095 3164 dilectissimo
1110 3095 1326 3164 consacerdoti
1342 3095 1464 3184 Optato

288 3206 387 3277 abba¹
410 3216 442 3278 et
462 3212 628 3278 uniuersae
650 3217 778 3278 sanctae
800 3213 1050 3297 congregationi,
1079 3213 1138 3279 sub
1161 3231 1238 3280 cura
1258 3212 1345 3278 illius
1366 3233 1465 3297 regu-

287 3326 365 3393 laris
392 3327 477 3393 ritae
505 3346 650 3394 normam
678 3328 883 3413 custodienti,
913 3327 1105 3413 Bonifatius,
1140 3329 1208 3394 sine
1237 3329 1467 3415 praerogativa

288 3442 474 3509 meritorum
502 3443 683 3510 nominatus
706 3443 887 3530 episcopus,
919 3443 1089 3513 obtabilem
1111 3445 1145 3510 in
1168 3443 1294 3512 Christo
1318 3445 1466 3512 cantatis

289 3557 433 3626 salutem.

377 3672 598 3741 Venerandam
632 3675 809 3742 sanctitatis
838 3681 962 3743 vestrae
991 3675 1190 3743 elementiam
1218 3676 1342 3743 intimis
1372 3677 1467 3745 obse·

289 3809 414 3858 cramus
436 3789 617 3876 praecibus:
640 3797 677 3857 ut
698 3810 756 3858 nos
778 3789 924 3875 indignos
939 3791 1103 3860 vobiscum
1117 3793 1151 3858 in
1165 3793 1287 3858 unitate
1300 3792 1470 3860 fraternae

289 3905 466 3973 dilectionis
489 3910 521 3973 et
543 3906 701 3972 societatis
724 3907 876 3992 spiritalis
899 3908 1059 3995 suscipere
1082 3913 1115 3975 et
1135 3908 1251 3975 habere
1269 3908 1468 3993 dignemini3

362 4062 384 4094 ι
401 4047 446 4094 huc
463 4052 497 4096 st.
567 4047 590 4094 b.
610 4064 668 4094 corr.
683 4050 706 4093 t·
721 4047 797 4107 ipsum
814 4051 840 4097 C.
907 4063 928 4097 c.
949 4049 988 4096 diu
1004 4053 1040 4097 M.
1106 4049 1130 4096 d.
1151 4051 1226 4110 priter
1241 4054 1277 4098 ll.
1345 4065 1366 4098 e.
1388 4055 1469 4099 bans-

288 4127 404 4175 mittamm
420 4128 489 4176 cedd.
566 4127 583 4173 l.
604 4125 699 4174 bellicos
715 4131 750 4174 br.
825 4142 846 4187 g.
866 4132 902 4176 tte
917 4130 987 4177 codd.
1000 4145 1043 4188 pro
1058 4127 1109 4176 tibi.
1183 4129 1207 4176 b.
1226 4129 1348 4189 longarum
1364 4147 1429 4178 eon.
1445 4134 1469 4178 ab

288 4207 407 4266 longevum
423 4209 450 4255 C·
527 4207 542 4252 l.
564 4205 621 4253 lacit
637 4207 665 4255 7.
743 4207 766 4254 k.
786 4225 816 4255 as
832 4209 858 4256 V
869 4209 988 4256 'll-'lle-
1011 4209 1064 4258 Sr‘m
1078 4211 1190 4256 tama.

361 4303 385 4356 1.
410 4299 561 4370 Catinensi,
580 4301 633 4356 750
649 4301 787 4371 postliai.
801 4304 864 4358 6-
878 4304 930 4358 760
947 4303 1005 4358 Ian
1018 4303 1045 4358 4.
1073 4303 1107 4360 V.
1120 4303 1221 4358 Leonis
1233 4302 1327 4360 chron.
1344 4310 1468 4361 monast.

289 4387 447 4445 desinentis
464 4389 508 4445 ed.
523 4388 706 4446 Wattenbaob
723 4391 753 4446 in
769 4391 842 4448 lion.
861 4390 953 4448 Germ.
972 4390 1021 4448 SS.
1040 4391 1094 4449 VII
1104 4392 1166 4462 bob,
1179 4393 1241 4448 586,
