3090 4848
204 440 256 496 745

177 516 229 562 ante
237 512 287 562 Oct.

218 3459 270 3513 745

198 3531 247 3578 Oet
257 3532 287 3578 25

308 273 372 340 140
554 293 580 340 s.
598 292 774 340 soumaru
795 295 840 340 nr
861 294 964 342 uuum
986 293 1173 342 semeonis
1196 293 1227 340 eo

306 453 393 498 mum
417 432 518 501 scelus
542 438 574 500 et
596 434 793 520 blasphemia
813 439 924 502 contra
946 434 1049 502 Deum
1080 455 1150 502 esse
1180 435 1362 520 videbatur,
1390 435 1466 502 fecit

306 549 453 616 Venienti
476 551 559 616 enim
583 551 716 636 populo,
741 555 773 616 et
794 556 952 637 prostrato
977 551 1168 637 antepedes
1191 553 1258 618 eius
1282 559 1314 618 et
1336 549 1469 636 cupienti

306 665 449 732 confiteri
471 671 601 753 peccata
624 687 697 751 sua,
725 667 821 732 dixit:
854 667 929 734 Soio
959 671 1065 734 omnia
1092 681 1222 754 peccatu
1249 681 1367 748 omno,
1398 669 1470 753 quio

305 783 386 849 mitt
407 786 532 869 capuita
560 796 634 848 sunt
662 783 782 848 occulta
810 796 922 848 ecana
969 783 1046 848 Noa
1069 797 1114 850 est
1136 807 1216 871 opus
1239 757 1395 867 confiteri3
1423 785 1471 846 aed

305 902 455 965 dima'aea'
477 911 551 964 anat
579 896 685 962 cobis*
706 911 835 984 peccata
863 911 967 964 osona
992 903 1172 986 praecata.
1221 900 1336 968 Sacram*
1362 911 1392 964 et
1420 899 1470 964 ab·

306 1016 402 1082 soluti
432 1017 625 1080 caecamini
658 1015 702 1078 ad
732 1017 840 1080 douae
867 1028 984 1080 acanus
1014 1038 1083 1080 cum
1107 1039 1198 1102 pace.
1289 1013 1332 1080 Et
1359 1013 1471 1096 omnia,

306 1150 521 1216 quaecumque
544 1133 687 1194 sanetum
712 1129 908 1213 euangelium
926 1128 1107 1216 ypochritas
1122 1129 1235 1196 fecisse
1249 1133 1397 1210 testatur,
1421 1148 1472 1195 suo

305 1247 415 1314 habitu
438 1251 469 1312 et
491 1246 616 1310 incessu
639 1249 671 1312 et
693 1245 832 1324 moribus
855 1245 997 1311 imitatus
1021 1250 1079 1312 eet.

394 1361 486 1428 Alter
509 1367 612 1427 autem
636 1359 809 1444 hereticus,
834 1362 889 1445 qui
912 1360 1027 1428 dicitnr
1050 1359 1213 1444 Clemens,
1237 1365 1348 1428 contra
1370 1362 1474 1430 catho-

304 1479 399 1546 licam
421 1477 583 1544 contendit
605 1475 798 1560 aecclesiam,
823 1495 957 1544 canones
981 1475 1185 1544 ecclesiarum
1200 1475 1318 1544 Christi
1341 1477 1476 1562 abnegat

306 1600 338 1661 et
359 1595 492 1678 refutat,
515 1597 669 1660 amatus
692 1596 725 1658 et
746 1591 923 1659 intellectus
947 1596 1127 1660 sanctorum
1150 1596 1276 1678 petrum
1299 1593 1476 1660 Hieronimi

304 1709 475 1794 Augustini
498 1707 643 1793 Gregorii
665 1713 817 1776 recusata
865 1707 1037 1794 Syncdalia
1059 1709 1129 1776 iura
1151 1727 1320 1795 spsmens,
1345 1710 1474 1796 proprio

304 1846 400 1894 sensu
427 1823 590 1892 adfirmat:
622 1845 656 1890 se
681 1859 722 1870 -
746 1827 819 1911 post
847 1824 925 1892 duos
955 1822 1036 1891 filios
1065 1824 1127 1890 sibi
1149 1825 1184 1890 in
1205 1823 1360 1892 adulterio
1385 1831 1475 1892 natos

304 1942 363 2010 sub
386 1943 512 2009 nomine
535 1940 676 2027 episcopi
699 1975 741 1986 —
766 1960 835 2006 esse
856 1960 949 2025 posse
971 1939 1050 2024 legis
1074 1940 1265 2020 christianae
1281 1942 1474 2029 episcopum.

304 2054 515 2126 Iudaismum¹
536 2057 699 2139 inducens,
723 2055 839 2122 iustum
864 2075 932 2122 esse
953 2055 1074 2122 iudicat
1097 2055 1283 2123 christiano:
1308 2063 1354 2140 ut,
1378 2059 1410 2124 si
1425 2079 1478 2124 vo-

303 2175 414 2258 luerit,
449 2174 577 2240 viduam
611 2172 719 2240 matris
755 2171 894 2238 defuncti
928 2173 1063 2258 accipiat
1091 2193 1231 2240 uxorem.
1278 2172 1339 2251 Qui
1366 2179 1479 2240 conns

303 2289 396 2357 iidem
420 2293 600 2356 sanctorum
623 2293 751 2374 patrum
774 2287 945 2374 contendit,
969 2288 1091 2356 dicens:
1119 2289 1204 2374 quod
1226 2287 1370 2357 Christus
1394 2290 1479 2358 lilius

304 2406 375 2490 Dei,
398 2404 590 2472 descendens
613 2404 654 2469 ad
676 2403 803 2486 inferos,
827 2422 946 2487 omnes,
970 2424 1047 2488 quos
1067 2405 1183 2472 infami
1207 2425 1315 2473 aarum
1331 2405 1479 2490 detinuit,

303 2521 377 2588 inde
400 2520 579 2602 liberasset,
604 2518 746 2586 credulos
769 2524 802 2585 et
822 2518 1017 2605 incredulos,
1040 2520 1219 2588 laudatores
1242 2521 1304 2588 Dei
1319 2522 1426 2588 ¹simul
1449 2527 1481 2588 et

304 2637 439 2704 autores
462 2635 647 2703 iuuerunt
693 2635 737 2700 si
759 2634 858 2702 mua
881 2635 945 2702 ana
966 2635 1131 2704 nonium
1152 2637 1191 2704 ue
1213 2611 1481 2725 plurimadona

303 2753 374 2837 Dei,
398 2752 557 2820 contraria
578 2749 652 2818 fidei
675 2750 856 2835 catholicae,
880 2749 1034 2818 adfirmat
1126 2753 1327 2840 Quapropter
1356 2753 1398 2820 de
1422 2754 1483 2820 hoc

304 2889 428 2955 quoque
450 2868 587 2936 heretico
610 2886 736 2954 precor:
760 2873 797 2932 ut
818 2886 876 2951 per
898 2866 1020 2934 litteras
1042 2873 1164 2934 vestras
1187 2869 1340 2936 mandare
1359 2871 1483 2936 curetis

304 2985 376 3052 duci
400 2984 621 3068 Carlomanno‚
644 2989 680 3050 ut
702 2982 846 3048 mittatur
868 2983 902 3046 in
925 2982 1115 3065 custodiam3
1144 2991 1180 3052 ut
1202 2985 1324 3052 semina
1346 2991 1484 3054 satanae

304 3102 399 3169 latius
421 3121 485 3167 non
508 3101 653 3183 seminet,
675 3119 715 3164 ne
738 3098 871 3164 forsitan
894 3118 958 3164 una
980 3100 1048 3166 ovis
1070 3101 1216 3168 morbida
1229 3107 1333 3169 totum
1347 3122 1484 3186 gregem

304 3217 434 3305 polluat
525 3215 637 3282 Velare
660 3214 860 3281 sanctitatem
882 3220 1020 3282 vestram
1043 3221 1075 3283 et
1096 3217 1258 3304 prosperis
1284 3218 1485 3304 profectibus

304 3334 441 3419 gaudere
463 3333 496 3398 in
520 3331 748 3415 longitudinem
770 3329 893 3396 dicrum
916 3331 1094 3417 optamus“.

394 3450 536 3534 Cumque
558 3446 676 3514 relecta
690 3450 782 3528 esset,
805 3444 973 3514 Zacharias
990 3448 1207 3516 sanctissimus
1223 3468 1260 3516 aa
1275 3449 1487 3518 beatissimus

304 3587 389 3652 papa
411 3565 506 3632 dixit:
531 3565 687 3644 Audistis,
713 3564 874 3628 carnemt
885 3563 1021 3648 fratres,
1046 3568 1126 3652 qaid
1146 3569 1182 3632 a'a
1199 3569 1261 3632 aaa
1277 3569 1418 3653 epistola
1433 3592 1486 3635 re·

304 3684 416 3748 lecim
438 3686 479 3748 ait
501 3704 538 3747 ere
560 3680 723 3765 caeleps
746 3680 827 3758 illei,
853 3682 910 3765 pai
930 3703 963 3745 aa
985 3683 1029 3746 ad
1050 3703 1141 3748 aiom
1164 3684 1488 3770 condemnationem

304 3800 461 3885 apostolos
482 3797 612 3885 populis
631 3796 923 3883 praedicamenta
1004 3795 1202 3863 Sanctissimi
1218 3798 1361 3884 episcopi
1377 3805 1414 3866 et
1431 3820 1488 3867 ve-

303 3912 459 3980 nerabiles
487 3911 656 3999 presbiteri
686 3909 929 3995 responderunt:
959 3912 1150 3978 Audivimus
1179 3927 1258 3982 certe
1278 3937 1341 4001 per
1369 3921 1489 3984 omnia

303 4053 367 4096 noa
390 4030 548 4116 apostolos
577 4029 632 4093 sed
661 4030 820 4094 minaces
850 4040 980 4094 satanae
1009 4042 1038 4094 et
1055 4051 1279 4115 praecursores
1303 4031 1486 4100 antibasis-³.

376 4220 397 4252 a
418 4205 501 4252 dimisa
520 4207 555 4250 Μ.
654 4203 676 4249 b.
696 4202 762 4250 vobls
783 4220 825 4250 em.
842 4207 877 4250 M.
978 4217 997 4250 e
1019 4208 1122 4252 recussat
1139 4209 1172 4254 M.
1273 4206 1298 4254 d.
1318 4207 1442 4257 idolorum
1461 4215 1490 4260 C.

304 4302 323 4334 a.
343 4285 504 4346 praedicarunt
521 4286 546 4330 C.

375 4389 399 4444 1.
418 4389 452 4444 V.
467 4389 578 4443 Denter.
593 4387 635 4456 25,
648 4387 674 4441 5.
