3164 4842
332 295 397 362 468
557 313 760 363 wmnmannr
783 315 862 363 vrun
885 315 1276 365 s.aorv1rnuncn1>.vnr

262 463 313 517 755
332 454 414 540 plius
437 453 614 522 testificatio
637 456 670 521 in
693 456 753 540 his,
778 477 858 541 quae
881 457 990 524 auditu
1012 457 1063 524 vel
1084 457 1155 524 visu
1174 459 1379 545 perciperent,
1401 477 1482 544 prae-

264 535 312 582 m
331 570 459 637 valeret.

420 685 561 771 Cumque
592 686 791 754 honorabiles
820 693 886 754 tam
915 694 1041 755 sancus
1069 688 1287 756 consocietatis
1313 689 1423 756 fratres
1449 687 1484 754 ad

330 803 525 888 praedictam
559 802 669 870 urbem
703 811 942 889 pervenerunt·,
976 811 1052 871 tunc
1085 805 1201 892 quippe
1230 803 1421 888 aliquantula
1444 805 1485 872 eis

331 917 474 985 obviaml
489 917 599 1005 populi
621 925 690 986 erat
708 925 896 1005 congregata
910 919 1065 1003 collecti03
1090 921 1290 1005 eiusdemque
1304 920 1390 987 urbis
1404 940 1485 1007 prae-

331 1033 415 1118 fecti,
439 1034 485 1100 eis
509 1034 707 1102 audientibus
724 1036 1045 1122 -.qnenadm0dun
1069 1055 1089 1102 a
1109 1035 1245 1119 glorioso
1266 1057 1341 1120 rege
1361 1035 1486 1122 Pippino

331 1149 429 1216 exivit
451 1150 588 1236 edictum
605 1152 803 1220 -insonuit
824 1153 1023 1220 interdictum
1041 1157 1082 1235 et,
1105 1171 1145 1218 ne
1159 1151 1233 1220 inde
1248 1152 1402 1239 praedicti
1416 1171 1486 1238 pon·

330 1263 422 1332 tificis
446 1283 560 1352 corpus
583 1273 791 1353 amoveretur,
814 1269 967 1334 indictum
991 1273 1047 1334 est.
1082 1266 1144 1334 Sed
1167 1269 1242 1354 quia
1264 1267 1487 1355 omnipotentis

330 1383 431 1464 magis
459 1403 553 1467 quam
581 1381 761 1450 hominum·
790 1385 979 1451 convalescit
1005 1384 1172 1468 fortitudo,
1200 1382 1365 1450 mirabilel
1387 1383 1487 1450 statim

330 1517 367 1564 ac
389 1498 594 1565 memorabile
610 1501 729 1566 ermetis
746 1499 952 1584 adstantibus,
977 1499 1119 1583 angelica
1133 1500 1234 1584 magis
1250 1519 1343 1585 quam
1360 1499 1489 1566 humana

329 1619 492 1700 peractum
511 1615 697 1698 cognitione,
721 1616 863 1682 auditum
878 1621 926 1683 est
940 1615 1142 1683 miraculum:
1167 1615 1397 1701 aecclesiaeque
1412 1613 1488 1699 gloc·

329 1739 416 1795 oum·
439 1731 473 1795 in
500 1731 625 1813 signum
653 1731 835 1798 amotionis‘
857 1732 957 1799 sancti
986 1732 1142 1818 corporis,
1171 1732 1309 1798 humana
1334 1751 1401 1798 non
1423 1751 1488 1798 con·

329 1847 509 1928 tinguente⁸
531 1866 643 1931 manu,
673 1853 864 1914 commotum
891 1853 953 1929 est;
988 1849 1034 1913 ita
1056 1852 1092 1913 ut
1114 1867 1238 1931 omnes,
1267 1849 1433 1934 repentino
1454 1848 1490 1912 ti-

328 1962 425 2028 moris
448 1981 565 2047 pavore
587 1963 733 2049 perculsi,
760 1964 898 2030 maximo
921 1969 1058 2031 tremore
1081 1963 1328 2050 obstupuerunth
1352 1969 1395 2047 et,
1421 1961 1490 2028 iusti

328 2078 420 2143 huius
443 2078 637 2145 reddendum
660 2099 728 2146 esse
751 2081 887 2166 corpus¹,
914 2078 1215 2166 proclamaverunt&
1251 2078 1367 2164 Sieque
1389 2079 1490 2145 statim

328 2193 486 2260 redditum
510 2201 558 2262 est
580 2214 703 2281 corpus,
729 2205 760 2262 ct
783 2217 801 2262 a
823 2196 994 2282 praedictis
1017 2201 1124 2262 sancte
1145 2194 1374 2262 recordationis
1392 2193 1491 2261 iratri-

328 2309 386 2375 bus
415 2329 485 2376 cum
512 2309 643 2396 psalmis
667 2311 853 2397 hymnisque
874 2311 1044 2378 honorifice
1068 2311 1222 2394 ablatum,
1251 2330 1288 2378 ac
1309 2311 1382 2377 sine
1403 2309 1491 2376 remi-

243 2445 310 2492 nas
328 2426 471 2508 gentium
492 2425 600 2492 labore
622 2427 783 2494 tricesima
804 2428 907 2498 obitus
931 2429 979 2493 sui
1003 2427 1053 2495 die
1076 2427 1260 2514 perductum
1285 2433 1334 2494 est
1357 2425 1399 2492 ad
1421 2425 1491 2492 civi·

328 2545 426 2607 uum
450 2541 662 2628 supradictam
685 2541 891 2626 Magonciam.

417 2655 559 2742 Miraque
581 2657 642 2724 Dei
669 2659 893 2745 omnipotentis
916 2659 1115 2744 providentia
1138 2658 1256 2725 laetum
1280 2663 1342 2739 est,
1376 2662 1414 2724 ut
1434 2675 1492 2722 unc

328 2773 498 2857 eodemque
527 2773 592 2857 die,
622 2775 690 2841 sine
719 2780 837 2841 statuto
859 2773 1133 2861 praediffinitiouis
1157 2779 1312 2861 tempore,
1341 2773 1435 2859 quasi
1457 2771 1493 2838 ad

328 2891 480 2954 statutum
504 2889 793 2975 praedistinationis
816 2889 900 2956 diem
922 2895 989 2956 tam
1011 2889 1122 2974 legati,
1153 2895 1295 2956 sanctum
1318 2887 1493 2956 deferentes

327 3023 451 3090 corpus,
476 3025 570 3089 quam
594 3005 689 3072 etiam
712 3006 751 3072 de
767 3005 947 3092 longinquis
963 3006 1054 3090 louge
1068 3006 1193 3091 lateque
1207 3003 1390 3088 regionibus
1404 3003 1494 3071 mulli
1570 3027 1571 3078 3

328 3121 467 3186 virorum
491 3139 528 3186 ac
550 3121 718 3188 mulierum
741 3119 880 3188 fidelium
904 3123 944 3189 ad
958 3123 1039 3189 tanti
1054 3122 1115 3188 viri
1129 3121 1240 3187 mortis
1256 3120 1409 3205 obsequia
1424 3139 1495 3187 con-

329 3239 490 3301 venerant.
527 3235 589 3303 Sed
612 3242 644 3303 et
666 3257 763 3324 supra
785 3237 887 3304 dictus
910 3238 1039 3305 Domini
1062 3239 1203 3322 antistes,
1228 3242 1296 3304 tam
1318 3234 1495 3304 venerande

329 3351 491 3435 dignitatis
519 3372 694 3437 successor,
726 3354 780 3439 qui
805 3353 905 3438 regali
933 3352 987 3420 illo
1016 3353 1060 3420 in'
1083 3357 1226 3440 tempore
1254 3355 1496 3440 praesenserat

328 3467 457 3554 palatio,
483 3468 576 3535 huius
600 3469 727 3537 omniuo
749 3471 878 3553 ignarus
900 3488 1022 3554 cauam,
1050 3470 1288 3553 adventusque*
1303 3470 1407 3536 sancti
1428 3487 1496 3536 cor·
1570 3511 1571 3556 3

328 3584 415 3669 poris
437 3584 570 3668 inscius,
600 3585 640 3650 ad
662 3585 839 3670 civitatem,
866 3605 959 3670 quam
981 3585 1210 3672 praediximus,
1234 3583 1328 3652 velud
1350 3583 1411 3651 sub
1433 3601 1495 3650 uno
1570 3559 1571 3646 l

329 3699 500 3785 eodemque
528 3699 604 3767 hore
626 3707 784 3767 momento
807 3701 959 3788 pervenit.
995 3701 1157 3787 Tantaque
1180 3701 1338 3785 omnibus,
1368 3700 1497 3767 aliunde
1570 3709 1571 3790 l

330 3815 566 3882 advenientibus
596 3816 646 3882 vel
675 3817 770 3884 etiarn
799 3818 937 3884 eiusdem
961 3816 1048 3883 urbis
1070 3817 1190 3884 civibus
1213 3823 1246 3884 et
1267 3817 1383 3883 doloris
1406 3817 1495 3883 ineu
1570 3795 1571 3842 Ὗ

328 3931 440 3998 buerat
461 3932 601 3998 mestitia
623 3937 655 3998 et
675 3932 783 4016 gaudii
806 3933 1016 4000 exuberabat¹¹
1038 3933 1188 4018 laetitia⁰,
1216 3939 1253 4000 ut
1275 3934 1386 4017 etiam,
1413 3931 1496 3998 tanti
1569 3927 1571 3974 l

329 4053 495 4134 perspecta
522 4045 679 4134 pontilicis
707 4053 928 4134 temporaneal
950 4049 1090 4136 corporis
1120 4055 1237 4132 morte,
1266 4055 1299 4116 et
1326 4043 1496 4115 amissum*

401 4194 421 4227 a.
441 4181 586 4240 pervenirent
602 4185 630 4228 A.
721 4181 744 4227 b.
765 4181 855 4228 abbiam
871 4185 895 4230 F.
989 4197 1009 4229 e.
1029 4183 1147 4231 hminum
1163 4187 1188 4231 F.
1273 4181 1296 4229 d.
1317 4180 1453 4229 mirm'rablle
1469 4181 1494 4227 1.

329 4275 349 4306 e.
371 4260 471 4307 cloccum
486 4265 514 4308 A.
604 4260 622 4308 i.
642 4261 808 4307 ammonitionis
817 4263 850 4308 -F.
927 4274 948 4320 g.
970 4263 1114 4321 contingente
1129 4265 1157 4310 A.
1234 4261 1258 4309 h.
1278 4260 1452 4322 obstupuissent
1466 4265 1494 4308 A.

329 4341 345 4385 i.
366 4340 469 4398 corporis
484 4343 510 4386 F.
577 4337 828 4399 inpensiuncula
892 4340 908 4388 l.
928 4341 953 4388 ia
969 4357 1011 4388 on.
1024 4346 1052 4389 A.
1115 4356 1145 4389 m.
1165 4343 1308 4403 adventuque
1323 4346 1349 4391 F.
1411 4355 1436 4388 n.
1456 4353 1493 4387 ex·

329 4417 409 4464 uberat
425 4420 450 4465 F.
527 4431 549 4465 c.
569 4419 675 4467 laetititia
690 4423 715 4469 F.
792 4434 815 4480 p.
835 4423 981 4481 temporaneo
997 4424 1023 4469 F.
1100 4435 1123 4482 q.
1144 4423 1240 4470 amicum
1255 4426 1281 4473 Γ.
