3148 4846
426 289 613 336 rrrsronsa
635 287 865 338 mocurnnrnn
887 287 980 336 as-eo
1221 273 1287 338 409

120 434 231 496 matra
256 431 415 498 iusticiam
444 430 575 498 abstulit
602 437 634 497 et
654 429 808 498 violenter
834 429 949 498 babere
971 430 1153 516 praesumit
1188 429 1288 518 Unde,
1305 437 1408 558 ffll

120 547 268 631 quoniam
291 549 445 614 universis
464 547 524 614 Dei
545 546 690 614 fidelibus
713 552 745 613 st
766 547 954 632 praesertim
976 545 1053 613 viris
1075 546 1232 630 religiosis
1255 549 1288 614 in

119 682 178 728 sna
199 663 325 730 iusticia
347 664 503 732 debitores
527 665 703 747 existimus,
726 663 918 730 fraternitati
940 669 1014 730 tuae
1036 683 1093 749 per
1116 663 1290 749 apostolica

119 779 239 864 scripta
270 780 472 846 mandamus:
506 788 659 866 qnatenus
693 780 888 866 praedictum
923 779 1104 866 episcopum
1133 779 1288 847 instanter

117 913 247 961 moneas
270 901 302 962 et
325 898 410 962 omni
433 915 504 962 cum
526 897 722 962 districtione
746 894 926 982 compellas,
949 901 986 961 ut
1007 895 1159 981 praefatis
1182 896 1288 963 abbati

118 1016 152 1077 et
165 1011 323 1078 'fratribus
339 1013 551 1100 praescriptas
569 1011 744 1094 aecclesias,
768 1012 946 1097 postposita
963 1031 1053 1078 mora
1068 1017 1100 1077 et
1114 1013 1287 1098 occasione,

117 1127 266 1194 restituat
288 1135 319 1195 et
340 1127 438 1194 libere
462 1127 574 1194 deinde
596 1126 787 1214 pacificeque
810 1127 959 1211 dimitat,
983 1127 1034 1194 rel
1055 1128 1289 1214 inpraesentia

116 1247 174 1309 tua
196 1242 322 1330 plenam
344 1244 458 1311 exinde
479 1244 638 1311 iusticiam
660 1263 724 1309 non
741 1240 867 1310 differat
881 1243 1039 1310 exhibere.
1074 1243 1159 1311 Data
1172 1243 1289 1312 Feren-

115 1365 186 1426 tum
210 1359 393 1427 duodecimo
416 1359 486 1426 Kal.
510 1359 642 1447 Aprilis.

119 1517 181 1589 59.
204 1521 388 1587 Aleaander
403 1521 465 1588 III
480 1544 570 1609 papo
596 1523 751 1606 muprbtro
778 1517 919 1586 Girordo
942 1521 1091 1585 Puoelloe
1112 1522 1230 1587 reditus
1253 1525 1288 1586 c'n

211 1637 365 1704 Teutonico
388 1639 548 1718 dimissos,
576 1649 696 1726 petente
720 1633 896 1702 Claristiooo
915 1636 938 1701 Ι
956 1637 1190 1724 arctiepacopo
1214 1639 1286 1703 Mo-

204 1758 337 1840 gunano
358 1757 519 1820 restituit'.

206 1885 388 1954 Alexander
412 1887 577 1974 episcopus
602 1905 710 1950 servus
732 1905 893 1950 servornm
910 1883 971 1950 Dei
984 1883 1137 1967 magistro
1153 1883 1286 1952 Girardo
1322 1895 1391 1949 1178

113 2001 280 2070 Pucelloeb
304 2002 437 2070 salutem
461 2008 493 2069 et
516 2001 719 2089 apostolicam
744 2000 1001 2066 benedictionem.
1303 1966 1409 2016 ΠΜ

206 2115 401 2185 Litteratura
424 2122 480 2185 tna
502 2139 538 2186 ac
560 2117 701 2204 probitas
725 2135 762 2182 ao
784 2136 907 2181 morum
925 2115 1071 2181 honestas
1087 2134 1144 2181 nos
1159 2122 1289 2183 monent

114 2236 305 2323 propensius
335 2241 366 2301 et
394 2234 574 2317 hortantur,
604 2238 640 2298 ut
662 2237 693 2298 te
716 2233 797 2298 sicut
820 2231 953 2318 probum
976 2231 1139 2298 honestum
1165 2237 1196 2298 et
1218 2231 1288 2299 lite-

115 2357 222 2418 ratum
245 2353 348 2417 virum
371 2351 492 2444 sincero
516 2349 684 2432 diligamus
708 2348 849 2413 cantabo
873 2345 987 2413 affectu
1007 2353 1038 2413 et
1053 2347 1182 2434 speciali
1197 2369 1288 2436 prae

115 2467 262 2552 rogation
288 2467 403 2534 amoris
428 2471 459 2532 et
481 2465 602 2550 gratiae
624 2464 794 2564 foveamus.
830 2461 898 2530 Hac
920 2464 1017 2547 igitur
1039 2463 1289 2532 consideratione

114 2583 254 2667 inducti,
284 2589 316 2650 et
343 2602 511 2669 personam
535 2586 622 2648 tuam
646 2579 777 2668 speciali
798 2579 939 2647 volentes
962 2579 1138 2646 dilectionis
1161 2587 1288 2650 nostrae

114 2698 282 2786 privilegio
305 2699 470 2782 decmare,
499 2697 556 2764 tibi
580 2697 738 2778 redditus,
762 2716 839 2780 quos
862 2696 895 2762 in
918 2716 1015 2779 regno
1039 2695 1231 2763 Tbeutonioo
1254 2699 1287 2763 in

114 2814 241 2882 fervore
264 2815 421 2881 scismatis
444 2812 531 2880 nullo
555 2816 684 2897 cogente
708 2816 880 2897 spontanee
903 2811 1061 2894 dimisisti,
1085 2811 1123 2876 de
1139 2819 1288 2880 consueta

115 2931 285 2998 clementia
318 2936 350 2998 et
382 2929 575 3014 benignitate
604 2928 687 2995 sedis
717 2926 921 3014 apostolicae,
956 2927 1134 2993 interventu
1164 2947 1286 3014 quoqne

115 3046 306 3115 venerabilis
335 3047 443 3114 fratris
467 3047 568 3112 nostri
590 3043 766 3128 Mogontini
790 3043 1019 3129 archiepiscopi
1027 3039 1045 3127 ¹,
1074 3044 1285 3127 restituimus;

116 3168 301 3247 numeror,
325 3168 362 3230 ut
382 3182 445 3230 non
466 3161 549 3228 obsit
563 3160 622 3227 tibi
639 3159 679 3227 ad
694 3159 934 3226 diminutionem
949 3159 1000 3225 vel
1014 3157 1169 3225 maculam
1184 3160 1287 3227 famae

115 3285 191 3346 tuae
220 3299 278 3346 nec
306 3280 390 3346 circa
416 3278 647 3366 promotionem
677 3281 764 3342 tuam
793 3275 852 3341 tibi
875 3274 1105 3362 praeiudicium
1127 3275 1231 3342 valeat
1253 3277 1287 3342 in

116 3401 279 3482 posterum
301 3415 462 3478 generare,
490 3392 572 3479 quod
596 3391 778 3478 aliquandiu
801 3391 942 3458 redditus
965 3391 1048 3458 inter
1071 3390 1286 3460 schismaticos

115 3511 257 3578 nosceris
279 3511 427 3578 tenuisse.
462 3509 582 3576 Datum
603 3508 752 3582 Laterani
775 3507 819 3574 Id.
843 3505 960 3572 Martii.

119 3670 181 3742 60.
204 3671 388 3737 Alouander
410 3669 472 3736 ΙΙΙ
490 3694 583 3758 popo
605 3668 782 3736 Cbrbooao
798 3667 822 3734 Ι
839 3669 1074 3756 archiepiscopo
1097 3671 1285 3756 Moqmosao

206 3788 382 3854 &aarum
404 3787 545 3853 obbutm
566 3786 798 3852 Piaccrieooern
821 3785 1039 3852 commendate

206 3920 387 3987 Alexander
414 3919 578 4006 episcopus
602 3937 710 3984 servus
734 3925 894 3985 servorum
918 3917 978 3985 Dei
1001 3916 1172 3985 venerabili
1193 3917 1285 3984 fratri
1314 3929 1382 3983 1179

117 4035 301 4122 Maguntino
324 4031 578 4123 archiepiscopo'
593 4035 727 4102 salutem
750 4038 783 4101 et
803 4033 1007 4121 apostolicam
1025 4033 1283 4100 benedictionem.
1307 4001 1383 4048 m

191 4193 212 4226 a.
233 4179 349 4226 adumar
364 4179 483 4226 Daciam
498 4180 557 4225 Hirr.
572 4179 654 4224 Froac.
671 4177 946 4240 sS.11'ttl,Boaquaer
961 4179 1015 4224 uec.
1028 4177 1076 4224 XV
1085 4175 1138 4222 96⁰.
1200 4175 1222 4221 b.
1240 4175 1284 4222 Pn-

119 4259 175 4306 ellae
196 4260 245 4316 ιὼς
268 4262 351 4318 ειήμεί
370 4257 487 4316 Pueellae,
504 4243 529 4304 ¹n.
548 4259 649 4304 Historia
670 4259 801 4304 monosterii
819 4259 843 4304 S.
859 4258 982 4319 Augustini
1001 4258 1169 4304 coruscationis
1191 4273 1216 4313 ρ.
1230 4255 1284 4302 420.

119 4353 139 4386 o.
153 4357 182 4386 ex
193 4340 267 4385 chron.
280 4341 427 4387 Caesariensi
442 4353 480 4398 up.
491 4337 626 4383 Ducbcrinm
637 4338 716 4396 spicil.
730 4337 813 4392 7521,
831 4337 945 4382 Muraron'
954 4337 1005 4381 Bar.
1017 4335 1070 4380 1ral.
1080 4336 1122 4383 SS·
1133 4336 1221 4394 1121».
1230 4335 1283 4382 909.

189 4427 214 4482 1.
239 4425 383 4484 Christiani
395 4425 416 4480 1.
506 4425 531 4479 2.
555 4420 707 4478 Christiano
719 4421 740 4478 1.
