3148 4846
285 279 352 346 44⁸
526 297 733 348 mmmmm
754 297 833 348 erno
852 295 1075 350 sucturum
1095 295 1211 348 omer

214 449 268 504 ‘11⁹
285 439 382 526 plens
403 457 550 524 agrorum
571 459 745 526 peregrum
766 439 881 527 epotis,
902 443 1075 526 prserupte
1096 438 1227 526 Alpium
1247 438 1324 524 iugo
1344 442 1449 509 w

284 555 398 624 condit

274 711 280 724 ·
372 671 629 757 Incognitosqne·
651 668 887 741 eunocum·
910 674 942 737 et
970 668 1106 740 confines
1129 662 1318 740 Germuniee
1339 667 1450 736 termi-

283 807 341 856 nos
363 787 559 873 adgrediens,
582 788 616 852 in
631 785 841 874 Thyringeem
856 787 947 853 iuxte
960 786 1143 854 mmmmm
1159 784 1449 874 apostolicaesedis

282 903 508 972 considerando
536 922 720 990 progressus
748 907 811 986 est3
841 902 882 970 sd
909 903 1010 972 inster
1032 902 1181 972 videlicet
1204 900 1450 988 prudentissime

284 1019 364 1107 spis,
392 1038 472 1104 quse
494 1019 628 1086 suctim·
650 1038 834 1105 osmpcrnm
857 1017 1060 1086 circumvolet
1082 1038 1158 1087 orvs
1180 1023 1222 1102 et,
1247 1035 1449 1085 numerosam

282 1134 489 1202 redolentium
521 1133 689 1202 herborum
723 1135 845 1221 copinm
876 1134 1055 1220 pennigeris
1083 1133 1220 1202 molliter
1246 1138 1450 1220 perstrepens

284 1247 359 1333 niis,
381 1249 612 1335 circumvallet,
636 1251 839 1338 carpentique
860 1256 963 1318 rostro
986 1254 1194 1337 pertemptat,
1222 1247 1372 1316 melliflue
1392 1247 1450 1316 nbi

282 1366 419 1432 necteris
440 1365 540 1433 lsteet
560 1365 701 1451 dulcedo,
725 1371 758 1432 et
777 1366 843 1434 suis
866 1385 946 1450 enm,
970 1366 1055 1432 omni
1077 1366 1204 1453 penitus
1225 1364 1380 1432 mortiferi
1395 1384 1449 1432 su-

283 1481 359 1548 cus‘
387 1480 596 1550 amaritudine
624 1487 820 1569 contempte,
856 1481 1020 1550 dveeriis·
1051 1481 1189 1566 invehit,
1217 1485 1249 1548 et
1275 1480 1449 1550 secundum

283 1598 443 1683 quondum
457 1597 647 1686 spostolicae
663 1597 911 1666 ratiocinationis
925 1593 1058 1683 eloquii'
1071 1595 1319 1682 similitudinem,
1341 1597 1450 1667 omnis

282 1715 397 1802 probet
423 1720 457 1782 et
484 1713 569 1800 quod
595 1712 713 1780 bonnm
741 1719 789 1782 est
815 1718 902 1781 tenet
910 1709 927 1780 ¹.
963 1712 1097 1784 Sanetus
1124 1712 1232 1797 itaque
1259 1714 1307 1782 vir
1327 1714 1363 1782 in
1385 1713 1449 1800 Ty-

282 1830 393 1916 rtnges
417 1830 509 1898 inxte
534 1830 666 1898 insitum
693 1827 755 1896 sibi
781 1829 964 1896 mendotum
991 1827 1157 1915 apostolici
1178 1827 1334 1916 pontibois
1356 1849 1449 1898 sens·

282 1951 367 2014 tores
390 1946 523 2032 deniqne
544 1945 674 2034 plebist,
703 1945 818 2016 otim·
839 1945 949 2032 populi
970 1945 1146 2032 principes,
1169 1943 1272 2012 uerbis
1294 1944 1448 2032 spiriteli·

283 2061 341 2130 bus
363 2061 476 2130 effetus
499 2068 557 2148 est,
580 2081 695 2148 eosque
717 2061 759 2128 sd
779 2081 887 2128 verum
910 2060 1080 2145 agnitionis
1103 2060 1188 2128 riom
1209 2067 1242 2128 et
1262 2059 1448 2146 intellegen-

281 2177 347 2244 tise
373 2177 475 2246 lucem
502 2179 699 2266 proroosvit,
730 2198 824 2262 quom
852 2177 927 2244 olim
956 2181 1029 2242 ente
1056 2177 1205 2244 maximo¹
1228 2177 1384 2264 siquidem
1406 2197 1447 2247 ox

280 2299 382 2381 poste,
406 2295 513 2381 prunis
535 2294 655 2362 seducti
678 2293 868 2377 doctoribus,
890 2292 1103 2380 perdiderunt
1139 2290 1202 2360 Sed
1223 2298 1254 2360 et
1269 2292 1447 2361 secerdotes

282 2429 320 2476 ec
341 2409 531 2496 presbiteros
547 2445 589 2456 -
606 2429 740 2495 qnorum
759 2408 815 2474 elii
830 2408 982 2492 relegisse
998 2407 1059 2474 Dei
1073 2427 1108 2475 se
1123 2409 1346 2497 omnipotentis
1361 2408 1448 2479 cultu

280 2523 490 2610 incoluerunt,
513 2525 568 2594 elii
588 2525 723 2610 quidem,
745 2525 914 2594 forniceris
927 2524 1133 2592 contaminati
1146 2524 1329 2611 pollutione,
1351 2525 1447 2594 rasti·

281 2642 407 2708 mcnise
434 2642 674 2727 oondneutism,
705 2661 799 2727 qnsm
826 2641 924 2710 sscris
951 2641 1123 2708 servientes
1145 2640 1297 2710 alteribus
1318 2661 1447 2710 serrare

281 2756 467 2842 debuerunt,
490 2759 714 2826 emiserunt-
734 2757 929 2826 sermonibus
945 2756 1144 2841 susngeliois,
1165 2763 1317 2843 qunntnm
1331 2759 1446 2844 potuit,

283 2874 469 2942 emelitiss
502 2875 659 2961 pravitate
694 2874 734 2942 od
767 2875 936 2942 cenomcse
966 2873 1197 2942 constitutionis
1223 2873 1446 2944 rectitudinem

281 2991 419 3058 correxit
441 2990 605 3058 senonum
626 2995 719 3075 etque
740 2990 900 3057 instruxit

368 3105 412 3174 Et
432 3106 599 3174 Frenoicm
621 3106 751 3190 deinde,
772 3105 922 3174 frutribus
945 3125 1051 3176 secum
1074 3105 1302 3192 oomesntibus,
1326 3106 1448 3192 ingres·

282 3240 335 3288 sus
365 3228 422 3291 est
464 3221 640 3308 Statimque
669 3220 793 3288 cudite¹¹
819 3220 986 3290 Rostbodi¹
1007 3221 1180 3292 Frssonum
1207 3219 1309 3308 regis'
1333 3229 1447 3308 morte,

282 3335 430 3406 niseumm
445 3338 570 3424 quidem
586 3332 753 3422 duminis⁸,
776 3357 890 3422 magno
904 3338 1031 3422 genuus
1045 3339 1170 3424 gordio,
1193 3339 1321 3431 navigio
1336 3358 1447 3408 escen·

282 3451 338 3540 dit,
360 3459 490 3541 optens,
515 3454 598 3540 qnod
620 3455 717 3522 etism
738 3451 849 3522 Frenis
870 3455 1052 3542 recipisset⁰
1075 3453 1205 3522 verbum
1227 3454 1303 3538 Dei;
1332 3459 1365 3522 et
1387 3453 1447 3522 nd·

280 3569 415 3638 incultos
444 3569 571 3638 coelesti
597 3570 829 3657 prsediostione
857 3575 958 3638 terres
986 3571 1138 3658 pervenit
1176 3570 1305 3656 lemque
1330 3571 1447 3641 otroeis

280 3692 422 3756 censente
444 3687 528 3772 regis
549 3686 721 3754 Restbodi’
736 3687 963 3772 persecutione,
986 3686 1147 3756 doctrines
1164 3687 1309 3754 cedentis
1324 3686 1448 3754 somine

279 3802 487 3888 ministravit;
516 3809 562 3888 et,
590 3802 679 3871 verbi
700 3801 761 3870 Dei
788 3801 873 3872 inme
901 3803 1048 3891 expulsa,
1075 3802 1249 3873 fannion
1272 3802 1447 3889 paganicos

350 3984 372 4018 ι.
391 3971 562 4032 lncessnttesqne
578 3973 604 4020 F.
680 3969 704 4018 b.
723 3969 885 4029 &nuntiorum
900 3976 929 4030 A,
944 3975 972 4021 B.
1048 3986 1069 4020 c.
1090 3973 1174 4022 suctim
1190 3975 1216 4030 F,
1229 3976 1258 4029 A.
1274 3971 1402 4020 nemetim
1412 3973 1446 4029 se

280 4067 311 4098 ιι
330 4051 443 4110 rupctimt
522 4049 545 4097 d.
564 4049 626 4096 meis
642 4053 668 4107 F.
689 4063 758 4098 ruens
772 4054 800 4100 A.
877 4064 898 4099 e.
918 4052 1023 4100 tiburtis
1040 4055 1065 4111 F,
1086 4053 1191 4102 sirssriis
1208 4057 1239 4109 A,
1256 4054 1283 4100 B.
1359 4051 1377 4100 t
1397 4051 1445 4098 elo·

279 4129 319 4192 qut
334 4133 361 4178 Γ.
449 4143 471 4190 ι
491 4130 545 4190 pleb
560 4133 587 4186 1⁸,
607 4128 682 4190 plebis
697 4133 726 4178 A.
815 4130 839 4178 b.
858 4133 974 4193 mnusque
989 4137 1022 4190 A,
1037 4135 1065 4182 B.
1152 4132 1284 4181 imino
1298 4133 1326 4188 F,
1348 4149 1406 4180 eon.
1421 4132 1446 4181 in

278 4211 376 4258 mxime
390 4214 419 4259 A.
479 4209 503 4258 k.
523 4210 601 4258 cudite
617 4213 645 4258 F.
704 4209 721 4257 l.
741 4200 861 4260 iis'sdbodi
874 4216 903 4269 A,
918 4211 1023 4260 Rcdbodi
1039 4215 1066 4260 B.
1127 4226 1158 4259 m.
1179 4212 1267 4260 tibrum
1278 4215 1303 4262 F.
1365 4226 1390 4262 ι.
1408 4225 1446 4260 rs·

279 4290 379 4354 cepisset
393 4293 423 4348 A.
438 4292 467 4338 B.
544 4304 566 4338 o.
586 4291 626 4338 sut
640 4292 667 4347 F,
683 4289 713 4338 nd
728 4293 756 4348 A,
772 4293 800 4339 B.
876 4305 900 4353 p.
920 4291 1040 4340 itredbcdi
1054 4296 1083 4352 A,
1095 4291 1204 4340 debodt
1216 4295 1245 4340 B.

350 4395 375 4450 1.
399 4393 647 4465 lurconum.
727 4396 754 4452 2.
776 4409 858 4465 enen
876 4411 901 4452 c
915 4397 967 4456 rm
984 4395 1086 4456 obiisse
1103 4400 1219 4457 consta
1296 4397 1324 4454 8.
1346 4395 1445 4459 Rheni·
