3148 4846
296 278 363 344 360
606 293 792 342 nrusuouau
814 293 1042 342 moeusurssn
1068 293 1104 338 aa.
1123 293 1153 338 aa

175 445 243 500 1024
296 437 378 505 roris
400 434 538 504 tumultu
560 435 616 504 sed
639 435 790 502 orationis
805 435 934 504 obtentu
949 441 1060 502 eontra
1074 433 1252 520 pulsantem
1267 454 1456 522 opponamus

127 521 180 568 ω’
195 519 248 568 m
259 521 504 620 13οοιιιιιιιιιιὶῐθῐ
527 550 681 638 clypeum.

297 763 357 834 24.
382 765 484 832 Arabo
520 767 773 852 archiepiscopus
808 767 1013 852 Mopentiaue
1048 765 1233 852 Cuoepundi
1269 768 1461 854 inmerotffl

382 882 490 948 scribit
512 884 551 948 de
575 884 739 948 interdicto
763 905 894 969 opopa
917 883 980 946 sibi
999 882 1088 948 illoto
1113 895 1141 946 et
1163 883 1202 946 do
1224 882 1390 968 Piliput'mi
1410 906 1460 948 or·

382 997 575 1084 chiepubcopi
596 996 787 1064 Coloniensis
811 998 927 1072 honere
950 1011 1051 1064 aucto
1087 997 1202 1084 Ropot,
1227 1012 1303 1084 opat
1324 1013 1360 1064 aa
1380 999 1459 1064 Pili·

379 1115 501 1200 primus
532 1126 560 1178 et
587 1112 795 1180 Theodericus
811 1111 853 1178 ΙΙ
872 1115 1035 1200 epiecopus
1059 1114 1220 1180 Mastousia
1247 1117 1367 1202 synodo
1390 1137 1462 1179 eoae

383 1231 554 1318 intersim&

128 1353 132 1360 ’
172 1371 241 1456 1024¹
383 1361 484 1431 Dirae
505 1361 653 1428 dominae
676 1381 752 1428 suae
767 1360 952 1444 (hunegundi
974 1361 1082 1428 divina
1096 1361 1283 1448 disponente
1298 1363 1463 1449 prudentia

125 1447 177 1492 ω’
192 1444 504 1546 “⁸¹³³eoman0rum
533 1478 727 1563 imperatrici
758 1482 910 1560 augustae
934 1477 1075 1561 Abibo),
1106 1477 1166 1544 Dei
1192 1479 1295 1562 gratia
1317 1479 1463 1564 quioquid

294 1600 357 1678 est,
382 1592 495 1660 ellectu
518 1593 621 1660 cordis
643 1593 828 1660 avidissimo
851 1592 974 1660 debitae
997 1594 1159 1660 servitutis
1183 1600 1215 1660 et
1238 1595 1390 1662 orationis
1412 1595 1463 1662 de·

293 1710 473 1778 sehesimas
496 1709 704 1776 exhibitiones
727 1711 761 1776 in
784 1708 919 1776 Christe.

381 1825 416 1892 ln
444 1825 557 1912 primis
580 1825 741 1908 desidero,
773 1825 942 1892 karissima
964 1824 1107 1910 domina,
1137 1831 1173 1891 ut
1194 1825 1299 1892 nullus
1322 1826 1386 1892 nisi
1408 1826 1463 1894 tibi

291 1941 457 2010 familiaris
489 1989 585 2008 .....
615 1940 701 2026 legat
728 1942 820 2008 huius
850 1940 1001 2028 epistolae
1030 1941 1135 2008 uerba.
1172 1990 1289 2008 ......
1314 1943 1464 2009 seruitute

292 2057 349 2126 tibi
374 2057 508 2142 alligari,
532 2062 649 2140 quanto
673 2057 741 2124 sine
759 2057 880 2141 gratiae
898 2077 974 2124 suae
989 2057 1154 2124 dulcedine
1168 2056 1247 2124 nihil
1262 2058 1341 2124 mibi
1356 2059 1464 2124 iucun-

293 2173 365 2240 dum
396 2177 501 2259 potest
529 2172 578 2240 rel
609 2172 699 2240 dulee
725 2173 835 2240 videri.
871 2173 968 2259 Nam,
998 2193 1037 2239 ex
1060 2193 1122 2259 quo
1144 2174 1282 2260 primum
1305 2173 1464 2242 iucundis·

292 2290 372 2356 simo
396 2289 517 2373 gratiam
540 2294 613 2356 tuae
635 2309 765 2356 munere
782 2290 915 2356 donatus
931 2311 1012 2372 sum,
1034 2295 1099 2355 tam
1116 2287 1282 2376 multiplex
1297 2290 1373 2356 inde
1388 2289 1464 2358 mibi

292 2404 429 2471 fluxerat
456 2405 672 2488 commodum,
703 2412 740 2472 ut
767 2405 862 2472 nullis
885 2406 986 2492 possit
1008 2405 1127 2472 divitiis
1149 2407 1387 2492 recompensari
1408 2425 1464 2476 nea

221 2535 226 2564 ⁵
292 2520 510 2588 facundissimi
533 2522 689 2587 sermonis
705 2527 818 2588 ornatu
834 2521 927 2604 digne
941 2520 1074 2604 laudari,
1098 2527 1134 2590 ut
1157 2569 1230 2587 ....
1254 2521 1333 2588 nihil
1350 2523 1464 2590 exinde

293 2636 382 2720 mihi,
406 2637 489 2722 quod
512 2637 580 2702 sine
604 2641 657 2704 tuo
680 2636 795 2702 iudicio
818 2637 908 2702 dulce
931 2636 1090 2703 videretur
1106 2643 1138 2704 et
1151 2637 1283 2732 laetum,⁸
1302 2639 1385 2704 nihil
1400 2645 1464 2706 tam

293 2753 485 2820 eanherium
510 2752 559 2818 vel
582 2771 739 2838 asperum,
764 2752 845 2838 quod
870 2771 932 2818 nou
956 2753 1155 2820 aestimarem
1178 2759 1233 2820 tua
1248 2753 1398 2821 clementi
1413 2754 1464 2822 be-

293 2869 448 2953 nignitate
471 2873 587 2953 tuoque
610 2867 740 2936 consiho
762 2867 929 2936 facillimeb
953 2887 1102 2954 superare

383 2984 551 3052 Caeterum
573 2985 726 3050 moeroris
749 2985 891 3050 anxietas
914 2989 1051 3050 menmm
1075 2984 1152 3051 mihi
1171 2984 1291 3070 aliquot
1305 2985 1374 3054 dies
1391 3006 1464 3074 ape-

295 3100 415 3168 stolieis
442 3100 652 3185 legationibus
681 3099 836 3182 turbarit3
866 3101 921 3167 sed
950 3101 1159 3168 conscientiae
1181 3101 1354 3170 consolatio
1378 3109 1464 3170 hau·

295 3217 424 3302 quillam
449 3217 535 3284 facit.
569 3215 699 3300 Idcirco,
723 3217 891 3284 karissima
905 3215 1043 3300 dominu,
1065 3217 1249 3283 abscondita
1264 3222 1312 3284 est
1327 3223 1395 3284 tam
1411 3219 1464 3284 diu

294 3333 407 3419 pietati
429 3338 518 3416 tuae,
542 3333 616 3418 quia
639 3333 778 3419 speravi:
807 3331 906 3416 illam,
930 3338 1095 3416 numquam
1122 3333 1160 3400 ad
1184 3353 1275 3400 aures
1297 3339 1370 3400 tuas
1393 3355 1464 3422 per-

293 3449 426 3532 veniret,
450 3447 647 3533 aliquatenus
670 3468 763 3534 pesse
785 3448 887 3516 leniri.
923 3448 993 3514 Non
1012 3449 1095 3516 enim
1111 3450 1220 3534 ignoro
1236 3450 1464 3536 compassionis

294 3571 368 3632 tuae
395 3564 573 3632 mirandum
602 3585 637 3654 ao
660 3564 848 3632 laudabilem
872 3563 1033 3648 affectuum,
1061 3585 1153 3650 quem
1178 3565 1274 3632 solius
1297 3565 1359 3632 Dei
1381 3566 1463 3632 dono

295 3679 352 3748 tibi
376 3680 440 3748 soie
463 3699 661 3762 eoncessum3
686 3681 817 3765 ideoque
840 3681 924 3746 solus
948 3680 1064 3746 doloris
1087 3679 1172 3747 volui
1194 3680 1321 3748 calicem
1344 3681 1462 3764 bibere,

294 3815 335 3862 ue
368 3816 458 3864 meus
490 3801 546 3862 tua
574 3795 753 3862 turbaretur
781 3797 1006 3882 compassionis
1035 3815 1166 3862 merore.
1207 3795 1269 3864 Sed
1297 3798 1372 3882 quia
1401 3817 1461 3865 uon

296 3917 401 3999 potest
422 3912 482 3980 iste
505 3911 658 3995 transire,
680 3911 743 3977 nisi
765 3917 800 3976 tu
822 3910 911 3978 bibas
935 3911 1064 3998 paulum
1087 3911 1170 3996 inde,
1193 3913 1262 3979 lae.
1277 3963 1305 3979 ..
1329 3911 1461 3980 confido.

296 4028 376 4108 Quid
407 4027 548 4093 tacturus
583 4027 659 4109 sim,
694 4027 726 4092 in
761 4027 894 4112 epistole
925 4034 982 4095 tua
1012 4028 1190 4113 rescribite,
1226 4030 1373 4113 quoniam
1402 4029 1463 4095 erit

367 4253 388 4288 a.
409 4257 438 4287 es
459 4239 537 4286 codiee
558 4255 600 4286 me.
614 4239 786 4286 meres-ceo
805 4243 886 4288 mentia
908 4243 933 4290 S.
948 4244 1011 4289 Petri
1029 4243 1152 4299 &surdius
1175 4241 1293 4302 danuebrii
1310 4243 1460 4292 Scimus,

295 4321 368 4368 edidit
388 4321 518 4370 seneen
541 4319 645 4367 Concilio
664 4321 798 4366 Germaniae
814 4322 908 4376 11162,
929 4323 1015 4381 repellit
1035 4323 1174 4369 Gimtrecit
1193 4323 1272 4370 Gouola.
1288 4321 1329 4369 der
1344 4321 1460 4370 wasa

294 4403 423 4451 Kaboura
438 4399 484 4460 (ed.
500 4397 575 4459 senia)
591 4403 617 4448 11
631 4399 685 4448 671·
761 4399 784 4450 b.
804 4399 902 4450 fallint
917 4401 953 4448 cd.
