3164 4842
415 307 463 358 nx
486 306 641 358 onnnorn
662 309 742 356 vrrs
765 308 792 358 s.
809 307 985 360 nonnum
1217 293 1283 363 499

202 445 394 533 Hucusque
415 467 487 516 cnm
510 448 713 536 spatularum
738 451 820 518 seris
835 449 970 520 snffiem
984 449 1158 536 inn'masee,
1182 453 1283 538 qualis

112 561 203 630 neor
230 569 387 649 quanave
415 583 491 632 cura
512 572 621 634 sanae
644 565 806 634 Boniiacio
828 566 924 635 inerit
946 568 1030 634 circa
1052 587 1177 652 omncs,
1205 589 1284 654 qnos

112 679 181 765 ipse
210 680 252 748 cd
272 680 512 748 christianitatis
534 681 653 750 cnltnrn
676 684 840 750 convertit
876 681 911 750 Si
934 703 1026 768 quern
1050 705 1125 752 vero
1147 691 1282 768 moreat,

112 796 197 880 quud
219 796 374 883 plurimae
397 797 559 884 epistolae,
583 818 716 883 quarum
739 800 858 867 menno
878 797 915 868 fit
928 801 963 866 in
978 801 1202 887 suprascriptis
1217 802 1283 888 epi·

111 911 219 995 stolis,
248 912 301 980 hio
328 913 448 999 pariter
474 914 612 1000 scriptae
639 935 703 982 non
731 915 901 998 habentur,
933 916 1028 1000 sciat,
1055 916 1133 984 illud
1163 917 1223 986 hac
1243 917 1283 984 de

110 1045 208 1096 cansa
230 1029 390 1114 wudase,
414 1031 564 1115 quonium
587 1049 742 1115 unquam
764 1051 819 1099 eus
840 1033 930 1119 potni
952 1033 1104 1100 invenire.

201 1145 324 1214 Deinde
345 1147 379 1212 ln
402 1147 514 1234 primis
537 1147 642 1214 dicere
664 1147 744 1232 volo,
769 1153 888 1234 quanta
902 1148 1108 1216 Karlomanni
1128 1148 1282 1236 principis

111 1258 236 1326 devon'o
258 1261 355 1328 fuerit
376 1263 461 1330 cirea
474 1263 630 1332 Fuldense
645 1267 883 1333 monasterium.
952 1263 1150 1332 Rationwile
1164 1265 1283 1334 etenim

111 1375 236 1444 rislam
258 1377 390 1446 eandem
414 1379 612 1448 devotionem
634 1380 793 1465 intimare,
815 1401 881 1448 non
903 1382 1005 1448 solum
1028 1381 1068 1448 ad
1092 1380 1282 1449 declaranda

110 1493 193 1558 tanfi
222 1494 283 1560 viri
310 1493 478 1580 beneficia,
514 1497 749 1564 verumetiam
778 1498 819 1564 ad
848 1498 1023 1584 proiectum
1053 1497 1197 1581 illorum,
1228 1498 1282 1584 qni

111 1609 266 1696 exemplis
293 1610 384 1678 bonis
412 1611 570 1679 aedificari
592 1618 769 1698 merentur,
799 1615 980 1700 pariterque
1003 1613 1044 1680 ad
1066 1614 1282 1682 contusionem

110 1745 230 1812 eornm,
254 1727 317 1811 qui,
340 1727 415 1796 licet
436 1729 558 1814 optima
580 1749 721 1814 quaeque
743 1730 847 1796 sciant
867 1729 997 1797 videant
1014 1730 1154 1814 audiunt,
1177 1730 1212 1796 in
1226 1749 1282 1796 nc·

110 1842 212 1926 quitia
238 1847 345 1910 tanam
373 1843 466 1912 solita
492 1851 712 1932 perseverant,
741 1867 796 1914 ore
818 1846 1037 1914 tantummodo
1060 1845 1164 1914 Deum
1186 1844 1282 1912 conli-

109 1963 212 2026 tentes
246 1959 302 2026 sed
329 1959 422 2026 iactis
450 1967 618 2046 negantes,
653 1962 796 2030 cordium
827 1983 919 2030 cures
949 1963 988 2028 ad
1017 1961 1167 2028 seunlsris
1198 1961 1281 2028 vitus

110 2093 250 2142 umorem
277 2081 453 2144 reserantes
482 2078 537 2144 sed
565 2078 606 2145 ad
633 2085 802 2166 praccepta
823 2079 932 2146 divina
951 2078 1154 2146 obdurantss.
1190 2077 1281 2144 Prin·

109 2209 182 2277 ceps
205 2191 303 2274 igitur
324 2192 515 2279 praedictus,
543 2195 686 2278 quamvis
708 2197 847 2280 undique
870 2195 1081 2262 adiacentium
1103 2193 1281 2280 provincia·

108 2327 179 2374 rum
203 2307 284 2374 bello
307 2308 577 2395 comprimeretur,
600 2330 664 2378 non
687 2318 793 2380 tumen
816 2311 887 2378 ideo
911 2332 931 2378 a
952 2311 1174 2398 procuratione
1191 2327 1281 2376 sanc·

108 2429 213 2490 torum
241 2423 382 2492 locorum
410 2445 634 2512 arsurumque
656 2427 718 2495 Dei
744 2428 978 2509 reuahobatun
1009 2427 1139 2496 credens
1163 2428 1281 2512 utiquc,

109 2561 199 2607 arma
226 2541 421 2626 spiritualia,
455 2543 489 2608 id
517 2549 566 2610 est
594 2545 726 2612 virtutes
755 2545 894 2627 enimse,
923 2543 1023 2610 multu
1052 2544 1183 2610 lorfiors
1213 2562 1282 2610 esse

108 2677 202 2741 quam
230 2657 422 2744 corporalia,
453 2657 633 2744 nullamque
656 2681 744 2748 spem
768 2661 887 2727 habens
909 2661 942 2726 in
965 2659 1168 2726 multitudine
1189 2679 1281 2742 exer-‚-

108 2774 189 2840 citus
211 2773 329 2858 ubsque
352 2774 511 2861 spirituali
532 2777 660 2861 virtute,
683 2779 774 2844 iuxta
788 2776 882 2844 illud:
906 2777 983 2842 Non
997 2777 1139 2842 solvatur
1153 2795 1282 2862 reaper

106 2892 239 2957 matum
259 2895 415 2974 cirtam,
441 2907 469 2958 et
488 2897 581 2979 papas
603 2917 668 2960 coc
690 2895 865 2960 calcabitur
886 2897 922 2958 s'cs
940 2894 1141 2958 malamina
1154 2894 1280 2956 cirrata

107 3002 209 3072 suaet
243 3006 415 3092 Postquam
444 3028 519 3092 ergo
546 3009 654 3077 omnia
675 3009 868 3076 christianae
890 3008 1051 3092 religionis
1073 3007 1159 3090 iura,
1189 3011 1225 3072 ut
1246 3005 1280 3072 io

106 3121 367 3208 propendentibus
395 3124 468 3190 libri
498 3125 590 3192 huius
619 3126 746 3211 scriptis
776 3125 903 3208 agnosci
933 3128 1053 3212 potest,
1086 3128 1152 3190 tum
1182 3121 1279 3188 lalsoe

106 3238 295 3306 assumus
315 3259 410 3324 qnam
425 3241 579 3308 hereticos
595 3241 792 3327 expellendo,
814 3241 905 3308 iuxta
919 3240 1020 3308 sunon'
1034 3238 1190 3306 Bonifccii
1206 3257 1279 3304 eon·

106 3355 213 3422 silium
237 3356 385 3440 correxit,
409 3357 494 3424 illius
517 3358 614 3425 etiam
637 3363 711 3424 voss
733 3359 766 3424 in
783 3357 976 3425 monasterio
991 3355 1142 3424 Fuldensi
1156 3355 1280 3422 noviter

105 3476 286 3540 constructo
308 3473 461 3560 implevit
547 3469 647 3540 Nam¹
670 3491 742 3540 unm
765 3473 863 3542 abbas
887 3472 1008 3540 Sturmi
1032 3519 1151 3538 ......
1175 3469 1278 3553 sigillo
1331 3455 1332 3460 ¹

104 3587 236 3674 proprio
258 3585 385 3656 firmare
408 3589 537 3658 studuit

195 3703 274 3772 Gnm
303 3705 400 3788 igitur
427 3705 505 3772 lraeo
532 3710 625 3791 atque
653 3706 702 3774 hie
732 3704 848 3774 similia
869 3705 952 3772 idern
976 3703 1208 3770 Karlomunnns
1230 3703 1278 3770 fs-

105 3820 192 3888 ciens
220 3821 254 3888 in
277 3839 384 3890 amore
407 3821 467 3888 Dei
491 3827 523 3888 et
545 3823 683 3908 proximi
704 3821 815 3906 magis
830 3839 867 3888 ac
889 3819 989 3904 magis
1012 3819 1192 3906 proliceret,
1222 3819 1278 3886 sed

104 3937 237 4004 eandem
266 3937 467 4007 dilectionem
496 3959 560 4004 non
590 3959 628 4006 ea
655 3959 718 4024 qna
745 3938 846 4004 voluit
873 3935 1055 4020 integritate
1082 3935 1116 4002 in
1144 3934 1278 4002 seculari

103 4053 216 4124 habitu
240 4054 431 4124 constitutus
453 4053 586 4141 implere
607 4054 820 4140 praevaleret,
849 4052 946 4137 elegit
967 4052 1121 4140 optimam
1143 4056 1277 4137 partem,

178 4329 204 4383 1.
227 4327 330 4397 Pasa
345 4329 387 4386 16.
479 4328 505 4382 2.
535 4327 626 4397 ,Nam
649 4341 711 4382 oum
736 4324 822 4382 abbas
846 4323 948 4380 Sturmi
967 4355 1000 4364 -
1019 4322 1133 4382 firmare·
1148 4321 1273 4378 sandow

105 4413 253 4486 desumpta
270 4421 335 4471 sunt
352 4431 387 4471 ex
404 4415 501 4486 Eigllis
519 4416 577 4472 vita
594 4414 698 4472 Sturnni
716 4418 786 4486 (cup.
802 4417 854 4484 12),
873 4414 945 4470 uon.
960 4413 1050 4470 Germ.
1064 4411 1113 4468 SS.
1125 4412 1151 4468 11
1163 4413 1224 4468 370.

1004 4509 1062 4566 32*
