3110 4844
313 287 378 355 278
554 303 581 352 s.
598 302 775 352 normsrrr
798 304 843 352 nr
861 303 964 352 uuum
985 303 1173 352 erraneum
1197 303 1241 349 ns

153 455 294 512 rsa-aet
313 465 407 531 nuuc,
430 445 465 512 in
486 450 560 512 tuae
583 444 787 513 beatitudinis
811 445 953 512 amicitia
974 444 1124 530 confisus,
1148 451 1184 513 ut
1206 444 1374 512 seeundum
1393 444 1462 530 qued

313 567 527 630 antecessores
549 561 651 628 nostri
672 561 756 628 inter
778 581 812 628 se
838 562 942 628 facere
961 582 1025 628 non
1045 567 1224 646 cessarunt,
1252 563 1300 628 ita
1326 561 1415 628 etiam
1438 563 1465 626 et

312 698 370 745 nes
392 679 497 745 faeere
519 677 666 744 similiter
689 677 894 764 adoptamus,
918 679 1080 745 mittentes
1101 677 1199 744 rerba
1222 678 1406 744 suavissima
1424 695 1466 742 sa·

312 794 474 861 lutationis
506 799 537 860 et
563 794 667 879 pacis;
696 799 732 860 ut
760 792 959 877 euangelicus
988 813 1090 860 sermo
1113 793 1284 880 impleatur
1311 794 1344 859 in
1371 791 1465 857 nobis:

312 911 397 996 quod
418 910 486 976 eius
508 929 578 976 esse
601 907 747 995 discipuli
775 929 971 994 mereamur,
999 911 1026 975 si
1054 909 1254 976 dilectionem
1282 907 1469 975 babuerimus

312 1025 353 1094 ad
374 1026 510 1092 iurieam
519 1021 536 1090 ¹.

401 1141 519 1208 ldcireo
542 1141 601 1208 tibi
623 1141 764 1208 indicare
786 1140 981 1224 curarimus,
1010 1159 1068 1207 nos
1090 1141 1216 1206 misisse
1239 1144 1363 1208 vestrae
1384 1139 1471 1206 beati·

312 1257 415 1324 tudini
436 1276 537 1343 parva
559 1258 694 1341 quedam
712 1256 908 1340 munuscula,
932 1277 996 1322 nou
1007 1276 1106 1342 parva
1122 1255 1277 1341 siquidem
1293 1256 1421 1322 cariata
1435 1287 1470 1300 -

312 1371 345 1438 id
369 1378 417 1438 est
439 1391 566 1459 capsam
590 1392 685 1459 anam
709 1373 749 1438 ad
773 1371 909 1438 officium
934 1372 1060 1456 quidem
1078 1370 1282 1455 sacerdotale,
1307 1391 1347 1437 ex
1363 1369 1471 1437 essibus

312 1487 515 1556 fabricatam‘
528 1523 570 1534 —
584 1487 781 1553 salutationis
793 1487 1011 1553 tantummode
1024 1507 1061 1554 ac
1071 1487 1298 1554 benedictionis
1310 1507 1414 1570 eausa,
1425 1505 1474 1571 per

312 1602 475 1670 Isbardum
492 1601 675 1687 religiosum
690 1603 924 1690 presbyterum3
944 1608 980 1669 ut
995 1623 1042 1686 ea,
1059 1601 1158 1687 quael
1173 1609 1282 1670 nestra
1298 1609 1383 1687 sunt,
1398 1601 1473 1669 beni-

312 1739 373 1803 gne
388 1719 578 1806 suscipiatis.
603 1718 817 1804 Similiterque
833 1724 865 1785 et
879 1740 937 1785 nos
953 1718 1071 1784 avobis
1082 1718 1166 1785 bona
1175 1721 1317 1806 recipere
1328 1725 1473 1805 optamus

401 1834 534 1923 Insuper
557 1837 669 1920 etiam,
700 1837 841 1902 emnium
870 1835 1005 1900 fratrum
1028 1835 1207 1919 carissime,
1238 1855 1295 1921 pre
1319 1841 1406 1902 certe
1425 1833 1476 1898 boe

313 1971 407 2018 nosse
428 1957 516 2017 tuam
540 1949 709 2018 amabilem
733 1951 931 2018 devotionem
947 1949 1014 2018 Deo
1031 1955 1111 2016 teste
1128 1949 1288 2017 desidere:
1313 1949 1397 2035 quod
1412 1953 1476 2014 tuae

312 2067 489 2134 sanctitatis
518 2067 718 2133 dilectionem
746 2065 780 2131 in
804 2066 937 2134 eundem
967 2066 1107 2132 caritatis
1136 2065 1241 2132 locum
1268 2071 1300 2131 et
1327 2065 1478 2132 fraternae

312 2183 471 2250 societatis
495 2181 706 2248 consolarium
728 2179 863 2249 libenter
886 2182 1023 2267 suscipio
1047 2189 1141 2267 atque
1164 2182 1306 2249 tenacius
1329 2180 1478 2264 contineo,

311 2299 346 2365 in
370 2318 430 2383 quo
452 2297 601 2364 videlieet
623 2297 706 2363 beati
722 2299 823 2384 patris
839 2303 870 2363 et
887 2298 1118 2384 predecessoris
1133 2299 1181 2363 tui
1195 2297 1348 2364 Bonifatii
1365 2315 1479 2382 semper

312 2413 498 2479 inconcussa
520 2412 639 2479 mansit
662 2417 694 2479 et
715 2417 882 2500 permanet
903 2413 1016 2496 iugiter
1033 2413 1174 2500 reposita
1189 2412 1330 2495 dileeti03
1357 2419 1394 2480 ut
1407 2413 1480 2478 iuter

312 2547 370 2593 nos
401 2547 524 2613 quoque
547 2533 580 2594 et
600 2535 725 2595 nestros
749 2529 898 2614 deinceps
921 2527 1088 2595 familiaris
1112 2549 1148 2594 ac
1172 2529 1324 2614 spiritalis
1350 2527 1481 2595 amicitia

313 2647 380 2709 tam
404 2642 444 2708 ad
467 2643 643 2709 animarum
667 2649 849 2711 nostrarum
872 2643 1012 2710 remedia
1033 2643 1068 2710 in
1091 2644 1286 2711 orationibus
1315 2651 1351 2711 et
1378 2646 1481 2710 misaa-

313 2779 385 2825 rum
408 2757 670 2826 celebrationibus
695 2779 788 2843 quam
813 2759 853 2825 ad
882 2759 976 2826 buius
1004 2759 1088 2826 vitae
1118 2779 1261 2845 quaeque
1288 2757 1483 2847 competentia

313 2875 518 2960 fraternaque
547 2871 696 2957 suffragia
719 2873 853 2941 fideliter
874 2876 1035 2961 persistat.
1125 2873 1169 2941 Et
1192 2877 1231 2942 ad
1254 2875 1333 2943 haee
1358 2893 1483 2962 quoque,

315 3011 396 3076 quae
425 2990 592 3077 praemisi,
621 3009 813 3076 magnopere
840 2997 896 3057 tua
924 2990 1032 3077 perfici
1062 2990 1228 3058 dilectione
1258 2991 1422 3058 desidere:
1455 2995 1486 3054 ut

318 3125 426 3172 omnes
450 3107 567 3192 quippe
590 3105 767 3172 sacerdotes
790 3105 851 3173 Dei
874 3111 906 3173 et
926 3105 1063 3172 familias
1085 3105 1243 3172 benedicti
1265 3126 1302 3172 ac
1323 3105 1412 3172 beati
1431 3103 1485 3170 Bo

315 3219 420 3288 nifatii
447 3221 598 3308 martyris
621 3219 740 3288 Christi
768 3221 935 3305 diligenter
964 3227 1058 3306 atque
1082 3220 1261 3288 amabiliter
1283 3242 1321 3287 ex
1346 3242 1421 3289 meo
1443 3239 1487 3286 sa·

315 3335 398 3402 lutea
421 3337 548 3402 nemine
571 3337 769 3423 horterisque
796 3357 855 3423 pre
885 3337 991 3422 nobis,
1022 3337 1107 3422 quod
1134 3343 1166 3403 et
1193 3357 1251 3424 pre
1279 3338 1361 3423 ipsis
1390 3339 1488 3404 faeere

316 3470 380 3518 non
410 3451 615 3536 desistamus,
645 3453 869 3539 omnipotentis
892 3452 952 3520 Dei
980 3452 1180 3520 clementiam
1210 3453 1336 3519 obnixis
1362 3471 1488 3520 exorare

316 3565 472 3654 precibus.
563 3566 612 3634 De
640 3567 816 3635 redditione
844 3589 919 3636 uere
948 3569 1110 3656 praefatae
1137 3569 1185 3635 rei
1213 3569 1279 3635 sive
1308 3591 1369 3657 per
1400 3568 1490 3636 verba

316 3682 425 3749 fratris
448 3684 549 3748 nestri
572 3684 637 3749 sive
661 3683 755 3750 etiam
780 3705 837 3770 per
858 3683 982 3751 litteras
1005 3691 1078 3752 tuae
1100 3685 1259 3752 fraternae
1280 3685 1414 3772 pietatis
1437 3703 1489 3751 uos

317 3798 488 3865 certiorare
515 3797 631 3864 iubeto.
723 3798 973 3886 Omnipotentis⁸
998 3799 1059 3868 Dei
1082 3801 1184 3887 pietas
1208 3821 1266 3867 sua
1288 3822 1345 3867 vos
1371 3807 1492 3887 pretee-

316 3913 404 3980 tione
426 3913 563 3997 muniat,
593 3919 625 3980 et
653 3913 692 3980 ad
720 3914 890 3983 utilitatem
920 3917 1130 4003 plurimorum
1162 3917 1339 3983 sanctitatis
1369 3925 1493 3984 uestrae

317 4028 563 4096 sincerissimam
588 4029 751 4096 caritatem
775 4030 891 4114 iugiter
912 4033 945 4099 in
968 4037 1158 4118 perpetuum
1181 4053 1371 4100 conseruare
1396 4039 1430 4100 et
1443 4051 1493 4099 cu·

317 4143 436 4212 stedire
458 4144 614 4228 dignetur.

390 4310 410 4342 a
431 4295 564 4342 fabricatum
583 4293 610 4342 V.
688 4293 711 4340 b.
732 4312 761 4340 aa
778 4296 847 4354 qula?
926 4311 945 4343 e.
965 4295 1174 4356 omnipopenteutia
1192 4300 1220 4346 V.

389 4387 607 4458 1.10e.1e,35.
