<?xml version="1.0" encoding="UTF-8"?>
<!DOCTYPE html PUBLIC "-//W3C//DTD XHTML 1.0 Transitional//EN"
    "http://www.w3.org/TR/xhtml1/DTD/xhtml1-transitional.dtd">
<html xmlns="http://www.w3.org/1999/xhtml" xml:lang="en" lang="en">
 <head>
  <title>
</title>
<meta http-equiv="Content-Type" content="text/html;charset=utf-8" />
  <meta name='ocr-system' content='tesseract 3.04.00' />
  <meta name='ocr-capabilities' content='ocr_page ocr_carea ocr_par ocr_line ocrx_word'/>
</head>
<body>
  <div class='ocr_page' id='page_1' title='image "./bibliothecareru03jaffgoog_0132.png"; bbox 0 0 3090 4848; ppageno 0'>
   <div class='ocr_carea' id='block_1_1' title="bbox 130 433 279 554">
    <p class='ocr_par' dir='ltr' id='par_1_1' title="bbox 130 433 279 554">
     <span class='ocr_line' id='line_1_1' title="bbox 179 433 232 488; baseline 0 0"><span class='ocrx_word' id='word_1_1' title='bbox 179 433 232 488; x_wconf 71' lang='lat'><strong>742</strong></span> 
     </span>
     <span class='ocr_line' id='line_1_2' title="bbox 130 505 279 554; baseline 0 -1"><span class='ocrx_word' id='word_1_2' title='bbox 130 505 176 554; x_wconf 80' lang='lat' dir='ltr'><strong>lan.</strong></span> <span class='ocrx_word' id='word_1_3' title='bbox 186 505 279 553; x_wconf 78' lang='lat' dir='ltr'><strong>-liart</strong></span> 
     </span>
    </p>
   </div>
   <div class='ocr_carea' id='block_1_2' title="bbox 303 271 1232 336">
    <p class='ocr_par' dir='ltr' id='par_1_2' title="bbox 303 271 1232 336">
     <span class='ocr_line' id='line_1_3' title="bbox 303 271 1232 336; baseline -0.003 0"><span class='ocrx_word' id='word_1_4' title='bbox 303 271 366 336; x_wconf 79' lang='lat'><strong>112</strong></span> <span class='ocrx_word' id='word_1_5' title='bbox 560 288 586 335; x_wconf 91' lang='lat' dir='ltr'><strong>s.</strong></span> <span class='ocrx_word' id='word_1_6' title='bbox 602 287 778 335; x_wconf 71' lang='lat' dir='ltr'><strong>normann</strong></span> <span class='ocrx_word' id='word_1_7' title='bbox 800 289 845 335; x_wconf 81' lang='lat' dir='ltr'><strong>sn</strong></span> <span class='ocrx_word' id='word_1_8' title='bbox 866 287 970 335; x_wconf 81' lang='lat' dir='ltr'><strong>aunan</strong></span> <span class='ocrx_word' id='word_1_9' title='bbox 991 285 1178 336; x_wconf 80' lang='lat' dir='ltr'><strong>umeronna</strong></span> <span class='ocrx_word' id='word_1_10' title='bbox 1202 287 1232 334; x_wconf 76' lang='lat' dir='ltr'><strong>as</strong></span> 
     </span>
    </p>
   </div>
   <div class='ocr_carea' id='block_1_3' title="bbox 298 427 1478 2023">
    <p class='ocr_par' dir='ltr' id='par_1_3' title="bbox 298 427 1475 1676">
     <span class='ocr_line' id='line_1_4' title="bbox 298 427 1469 516; baseline -0.002 -20"><span class='ocrx_word' id='word_1_11' title='bbox 298 430 381 496; x_wconf 88' lang='lat' dir='ltr'><strong>mari</strong></span> <span class='ocrx_word' id='word_1_12' title='bbox 403 434 436 496; x_wconf 88' lang='lat' dir='ltr'><strong>et</strong></span> <span class='ocrx_word' id='word_1_13' title='bbox 457 429 592 496; x_wconf 89' lang='lat' dir='ltr'><strong>stabiliri</strong></span> <span class='ocrx_word' id='word_1_14' title='bbox 614 433 780 516; x_wconf 72' lang='lat' dir='ltr'><strong>precantes</strong></span> <span class='ocrx_word' id='word_1_15' title='bbox 802 429 1027 496; x_wconf 72' lang='lat' dir='ltr'><strong>desideramus.</strong></span> <span class='ocrx_word' id='word_1_16' title='bbox 1063 427 1166 494; x_wconf 92' lang='lat' dir='ltr'><strong>Unam</strong></span> <span class='ocrx_word' id='word_1_17' title='bbox 1189 447 1258 495; x_wconf 89' lang='lat' dir='ltr'><strong>esse</strong></span> <span class='ocrx_word' id='word_1_18' title='bbox 1281 429 1388 496; x_wconf 86' lang='lat' dir='ltr'><strong>rodem</strong></span> <span class='ocrx_word' id='word_1_19' title='bbox 1405 429 1469 516; x_wconf 90' lang='lat' dir='ltr'><strong>epi-</strong></span> 
     </span>
     <span class='ocr_line' id='line_1_5' title="bbox 299 543 1471 633; baseline -0.002 -21"><span class='ocrx_word' id='word_1_20' title='bbox 299 551 446 633; x_wconf 87' lang='lat' dir='ltr'><strong>scopatus</strong></span> <span class='ocrx_word' id='word_1_21' title='bbox 474 545 669 612; x_wconf 80' lang='lat' dir='ltr'><strong>decrevimus</strong></span> <span class='ocrx_word' id='word_1_22' title='bbox 697 548 731 611; x_wconf 92' lang='lat' dir='ltr'><strong>in</strong></span> <span class='ocrx_word' id='word_1_23' title='bbox 760 545 904 629; x_wconf 85' lang='lat' dir='ltr'><strong>castello,</strong></span> <span class='ocrx_word' id='word_1_24' title='bbox 937 543 1019 630; x_wconf 90' lang='lat' dir='ltr'><strong>quod</strong></span> <span class='ocrx_word' id='word_1_25' title='bbox 1049 544 1163 610; x_wconf 87' lang='lat' dir='ltr'><strong>dicitnr</strong></span> <span class='ocrx_word' id='word_1_26' title='bbox 1185 543 1406 628; x_wconf 79' lang='lat' dir='ltr'><strong>Wirzaburg·;</strong></span> <span class='ocrx_word' id='word_1_27' title='bbox 1442 550 1471 610; x_wconf 89' lang='lat' dir='ltr'><strong>et</strong></span> 
     </span>
     <span class='ocr_line' id='line_1_6' title="bbox 299 655 1469 748; baseline -0.002 -20"><span class='ocrx_word' id='word_1_28' title='bbox 299 661 431 728; x_wconf 90' lang='lat' dir='ltr'><strong>alteram</strong></span> <span class='ocrx_word' id='word_1_29' title='bbox 454 662 488 727; x_wconf 93' lang='lat' dir='ltr'><strong>in</strong></span> <span class='ocrx_word' id='word_1_30' title='bbox 511 661 638 748; x_wconf 93' lang='lat' dir='ltr'><strong>oppido,</strong></span> <span class='ocrx_word' id='word_1_31' title='bbox 663 661 746 746; x_wconf 91' lang='lat' dir='ltr'><strong>quod</strong></span> <span class='ocrx_word' id='word_1_32' title='bbox 768 662 950 728; x_wconf 85' lang='lat' dir='ltr'><strong>nominatur</strong></span> <span class='ocrx_word' id='word_1_33' title='bbox 965 655 1166 744; x_wconf 82' lang='lat' dir='ltr'><strong>Buraburg¹3</strong></span> <span class='ocrx_word' id='word_1_34' title='bbox 1193 661 1319 727; x_wconf 76' lang='lat' dir='ltr'><strong>tertiam</strong></span> <span class='ocrx_word' id='word_1_35' title='bbox 1339 661 1374 726; x_wconf 92' lang='lat' dir='ltr'><strong>in</strong></span> <span class='ocrx_word' id='word_1_36' title='bbox 1391 659 1469 743; x_wconf 90' lang='lat' dir='ltr'><strong>loco,</strong></span> 
     </span>
     <span class='ocr_line' id='line_1_7' title="bbox 300 776 1471 863; baseline -0.002 -19"><span class='ocrx_word' id='word_1_37' title='bbox 300 778 354 862; x_wconf 89' lang='lat' dir='ltr'><strong>qui</strong></span> <span class='ocrx_word' id='word_1_38' title='bbox 376 778 491 844; x_wconf 90' lang='lat' dir='ltr'><strong>dicitnr</strong></span> <span class='ocrx_word' id='word_1_39' title='bbox 514 776 733 863; x_wconf 63' lang='lat' dir='ltr'><strong>Erphesfurtl,</strong></span> <span class='ocrx_word' id='word_1_40' title='bbox 757 777 812 862; x_wconf 88' lang='lat' dir='ltr'><strong>qui</strong></span> <span class='ocrx_word' id='word_1_41' title='bbox 833 777 894 843; x_wconf 85' lang='lat' dir='ltr'><strong>fuit</strong></span> <span class='ocrx_word' id='word_1_42' title='bbox 915 777 979 843; x_wconf 88' lang='lat' dir='ltr'><strong>iam</strong></span> <span class='ocrx_word' id='word_1_43' title='bbox 1003 777 1079 843; x_wconf 93' lang='lat' dir='ltr'><strong>olim</strong></span> <span class='ocrx_word' id='word_1_44' title='bbox 1102 776 1177 842; x_wconf 91' lang='lat' dir='ltr'><strong>urbs</strong></span> <span class='ocrx_word' id='word_1_45' title='bbox 1200 797 1397 862; x_wconf 85' lang='lat' dir='ltr'><strong>paganorum</strong></span> <span class='ocrx_word' id='word_1_46' title='bbox 1421 797 1471 842; x_wconf 86' lang='lat' dir='ltr'><strong>ru·</strong></span> 
     </span>
     <span class='ocr_line' id='line_1_8' title="bbox 300 892 1472 981; baseline -0.002 -22"><span class='ocrx_word' id='word_1_47' title='bbox 300 894 460 959; x_wconf 86' lang='lat' dir='ltr'><strong>sticarum.</strong></span> <span class='ocrx_word' id='word_1_48' title='bbox 499 893 585 960; x_wconf 89' lang='lat' dir='ltr'><strong>Haec</strong></span> <span class='ocrx_word' id='word_1_49' title='bbox 612 894 675 959; x_wconf 89' lang='lat' dir='ltr'><strong>tria</strong></span> <span class='ocrx_word' id='word_1_50' title='bbox 701 893 771 960; x_wconf 89' lang='lat' dir='ltr'><strong>loca</strong></span> <span class='ocrx_word' id='word_1_51' title='bbox 799 893 930 981; x_wconf 90' lang='lat' dir='ltr'><strong>propria</strong></span> <span class='ocrx_word' id='word_1_52' title='bbox 956 899 1045 960; x_wconf 89' lang='lat' dir='ltr'><strong>carta</strong></span> <span class='ocrx_word' id='word_1_53' title='bbox 1067 893 1254 959; x_wconf 90' lang='lat' dir='ltr'><strong>auctoritate</strong></span> <span class='ocrx_word' id='word_1_54' title='bbox 1276 892 1472 979; x_wconf 89' lang='lat' dir='ltr'><strong>apostolatus</strong></span> 
     </span>
     <span class='ocr_line' id='line_1_9' title="bbox 300 1007 1473 1096; baseline -0.003 -20"><span class='ocrx_word' id='word_1_55' title='bbox 300 1009 398 1076; x_wconf 83' lang='lat' dir='ltr'><strong>vestri</strong></span> <span class='ocrx_word' id='word_1_56' title='bbox 420 1009 568 1076; x_wconf 87' lang='lat' dir='ltr'><strong>roborare</strong></span> <span class='ocrx_word' id='word_1_57' title='bbox 591 1015 624 1077; x_wconf 87' lang='lat' dir='ltr'><strong>et</strong></span> <span class='ocrx_word' id='word_1_58' title='bbox 645 1008 830 1075; x_wconf 90' lang='lat' dir='ltr'><strong>confirmare</strong></span> <span class='ocrx_word' id='word_1_59' title='bbox 853 1009 1020 1093; x_wconf 80' lang='lat' dir='ltr'><strong>diligenter</strong></span> <span class='ocrx_word' id='word_1_60' title='bbox 1041 1007 1254 1096; x_wconf 89' lang='lat' dir='ltr'><strong>postulamus:</strong></span> <span class='ocrx_word' id='word_1_61' title='bbox 1283 1013 1332 1091; x_wconf 90' lang='lat' dir='ltr'><strong>ut,</strong></span> <span class='ocrx_word' id='word_1_62' title='bbox 1357 1008 1384 1073; x_wconf 89' lang='lat' dir='ltr'><strong>si</strong></span> <span class='ocrx_word' id='word_1_63' title='bbox 1409 1007 1473 1073; x_wconf 91' lang='lat' dir='ltr'><strong>Do-</strong></span> 
     </span>
     <span class='ocr_line' id='line_1_10' title="bbox 300 1122 1473 1213; baseline 0 -23"><span class='ocrx_word' id='word_1_64' title='bbox 300 1125 404 1191; x_wconf 90' lang='lat' dir='ltr'><strong>minus</strong></span> <span class='ocrx_word' id='word_1_65' title='bbox 433 1125 584 1210; x_wconf 81' lang='lat' dir='ltr'><strong>voluerit,</strong></span> <span class='ocrx_word' id='word_1_66' title='bbox 618 1146 676 1213; x_wconf 88' lang='lat' dir='ltr'><strong>per</strong></span> <span class='ocrx_word' id='word_1_67' title='bbox 705 1125 925 1192; x_wconf 85' lang='lat' dir='ltr'><strong>auctoritatem</strong></span> <span class='ocrx_word' id='word_1_68' title='bbox 954 1129 985 1192; x_wconf 88' lang='lat' dir='ltr'><strong>et</strong></span> <span class='ocrx_word' id='word_1_69' title='bbox 1013 1129 1216 1211; x_wconf 89' lang='lat' dir='ltr'><strong>praeceptum</strong></span> <span class='ocrx_word' id='word_1_70' title='bbox 1244 1123 1346 1191; x_wconf 88' lang='lat' dir='ltr'><strong>suncti</strong></span> <span class='ocrx_word' id='word_1_71' title='bbox 1373 1122 1473 1208; x_wconf 83' lang='lat' dir='ltr'><strong>Petri,</strong></span> 
     </span>
     <span class='ocr_line' id='line_1_11' title="bbox 300 1238 1473 1329; baseline 0 -23"><span class='ocrx_word' id='word_1_72' title='bbox 300 1240 492 1316; x_wconf 86' lang='lat' dir='ltr'><strong>iussionibus</strong></span> <span class='ocrx_word' id='word_1_73' title='bbox 515 1241 706 1329; x_wconf 90' lang='lat' dir='ltr'><strong>apostolicis,</strong></span> <span class='ocrx_word' id='word_1_74' title='bbox 728 1242 879 1308; x_wconf 86' lang='lat' dir='ltr'><strong>fundatae</strong></span> <span class='ocrx_word' id='word_1_75' title='bbox 901 1245 933 1308; x_wconf 92' lang='lat' dir='ltr'><strong>et</strong></span> <span class='ocrx_word' id='word_1_76' title='bbox 956 1240 1094 1308; x_wconf 89' lang='lat' dir='ltr'><strong>stabilite</strong></span> <span class='ocrx_word' id='word_1_77' title='bbox 1117 1241 1182 1308; x_wconf 90' lang='lat' dir='ltr'><strong>sint</strong></span> <span class='ocrx_word' id='word_1_78' title='bbox 1204 1247 1268 1307; x_wconf 88' lang='lat' dir='ltr'><strong>tres</strong></span> <span class='ocrx_word' id='word_1_79' title='bbox 1290 1241 1325 1307; x_wconf 92' lang='lat' dir='ltr'><strong>in</strong></span> <span class='ocrx_word' id='word_1_80' title='bbox 1341 1238 1473 1306; x_wconf 86' lang='lat' dir='ltr'><strong>Germa·</strong></span> 
     </span>
     <span class='ocr_line' id='line_1_12' title="bbox 302 1356 1474 1444; baseline 0.001 -22"><span class='ocrx_word' id='word_1_81' title='bbox 302 1357 356 1422; x_wconf 87' lang='lat' dir='ltr'><strong>nia</strong></span> <span class='ocrx_word' id='word_1_82' title='bbox 377 1357 570 1444; x_wconf 82' lang='lat' dir='ltr'><strong>episcopales</strong></span> <span class='ocrx_word' id='word_1_83' title='bbox 594 1358 699 1440; x_wconf 82' lang='lat' dir='ltr'><strong>sodes3</strong></span> <span class='ocrx_word' id='word_1_84' title='bbox 723 1363 755 1425; x_wconf 90' lang='lat' dir='ltr'><strong>et</strong></span> <span class='ocrx_word' id='word_1_85' title='bbox 777 1362 813 1423; x_wconf 87' lang='lat' dir='ltr'><strong>ut</strong></span> <span class='ocrx_word' id='word_1_86' title='bbox 834 1363 1016 1444; x_wconf 75' lang='lat' dir='ltr'><strong>praesentes</strong></span> <span class='ocrx_word' id='word_1_87' title='bbox 1039 1356 1088 1422; x_wconf 83' lang='lat' dir='ltr'><strong>vol</strong></span> <span class='ocrx_word' id='word_1_88' title='bbox 1111 1357 1236 1424; x_wconf 83' lang='lat' dir='ltr'><strong>futurae</strong></span> <span class='ocrx_word' id='word_1_89' title='bbox 1254 1358 1474 1441; x_wconf 78' lang='lat' dir='ltr'><strong>generationes</strong></span> 
     </span>
     <span class='ocr_line' id='line_1_13' title="bbox 301 1471 1475 1560; baseline 0.001 -22"><span class='ocrx_word' id='word_1_90' title='bbox 301 1492 365 1539; x_wconf 92' lang='lat' dir='ltr'><strong>non</strong></span> <span class='ocrx_word' id='word_1_91' title='bbox 394 1479 613 1560; x_wconf 86' lang='lat' dir='ltr'><strong>praesumant,</strong></span> <span class='ocrx_word' id='word_1_92' title='bbox 643 1474 692 1540; x_wconf 86' lang='lat' dir='ltr'><strong>val</strong></span> <span class='ocrx_word' id='word_1_93' title='bbox 720 1473 903 1559; x_wconf 87' lang='lat' dir='ltr'><strong>parrochias</strong></span> <span class='ocrx_word' id='word_1_94' title='bbox 931 1493 1132 1559; x_wconf 89' lang='lat' dir='ltr'><strong>corrumpere</strong></span> <span class='ocrx_word' id='word_1_95' title='bbox 1161 1472 1211 1540; x_wconf 88' lang='lat' dir='ltr'><strong>vel</strong></span> <span class='ocrx_word' id='word_1_96' title='bbox 1240 1471 1359 1539; x_wconf 86' lang='lat' dir='ltr'><strong>violare</strong></span> <span class='ocrx_word' id='word_1_97' title='bbox 1381 1492 1475 1560; x_wconf 79' lang='lat' dir='ltr'><strong>prae</strong></span> 
     </span>
     <span class='ocr_line' id='line_1_14' title="bbox 301 1589 757 1676; baseline 0.002 -22"><span class='ocrx_word' id='word_1_98' title='bbox 301 1594 428 1676; x_wconf 87' lang='lat' dir='ltr'><strong>ceptum</strong></span> <span class='ocrx_word' id='word_1_99' title='bbox 450 1589 641 1676; x_wconf 86' lang='lat' dir='ltr'><strong>apostolicae</strong></span> <span class='ocrx_word' id='word_1_100' title='bbox 663 1590 757 1658; x_wconf 87' lang='lat' dir='ltr'><strong>sedis.</strong></span> 
     </span>
    </p>

    <p class='ocr_par' dir='ltr' id='par_1_4' title="bbox 301 1702 1478 2023">
     <span class='ocr_line' id='line_1_15' title="bbox 389 1702 1475 1792; baseline -0.001 -22"><span class='ocrx_word' id='word_1_101' title='bbox 389 1704 507 1772; x_wconf 89' lang='lat' dir='ltr'><strong>Notum</strong></span> <span class='ocrx_word' id='word_1_102' title='bbox 530 1704 675 1772; x_wconf 87' lang='lat' dir='ltr'><strong>similitor</strong></span> <span class='ocrx_word' id='word_1_103' title='bbox 697 1705 739 1772; x_wconf 92' lang='lat' dir='ltr'><strong>sit</strong></span> <span class='ocrx_word' id='word_1_104' title='bbox 759 1705 945 1792; x_wconf 83' lang='lat' dir='ltr'><strong>paternitati</strong></span> <span class='ocrx_word' id='word_1_105' title='bbox 969 1709 1109 1787; x_wconf 86' lang='lat' dir='ltr'><strong>vestrae,</strong></span> <span class='ocrx_word' id='word_1_106' title='bbox 1138 1703 1221 1789; x_wconf 90' lang='lat' dir='ltr'><strong>qnod</strong></span> <span class='ocrx_word' id='word_1_107' title='bbox 1243 1702 1475 1770; x_wconf 84' lang='lat' dir='ltr'><strong>Garlomannus</strong></span> 
     </span>
     <span class='ocr_line' id='line_1_16' title="bbox 302 1819 1477 1906; baseline 0 -20"><span class='ocrx_word' id='word_1_108' title='bbox 302 1821 367 1887; x_wconf 85' lang='lat' dir='ltr'><strong>dux</strong></span> <span class='ocrx_word' id='word_1_109' title='bbox 393 1819 587 1888; x_wconf 85' lang='lat' dir='ltr'><strong>Francorum</strong></span> <span class='ocrx_word' id='word_1_110' title='bbox 614 1842 682 1906; x_wconf 91' lang='lat' dir='ltr'><strong>me,</strong></span> <span class='ocrx_word' id='word_1_111' title='bbox 711 1822 915 1888; x_wconf 78' lang='lat' dir='ltr'><strong>arcessitum⁶</strong></span> <span class='ocrx_word' id='word_1_112' title='bbox 938 1821 978 1887; x_wconf 91' lang='lat' dir='ltr'><strong>ad</strong></span> <span class='ocrx_word' id='word_1_113' title='bbox 1007 1841 1055 1905; x_wconf 90' lang='lat' dir='ltr'><strong>se,</strong></span> <span class='ocrx_word' id='word_1_114' title='bbox 1084 1819 1224 1904; x_wconf 74' lang='lat' dir='ltr'><strong>rogaritz</strong></span> <span class='ocrx_word' id='word_1_115' title='bbox 1255 1819 1352 1886; x_wconf 87' lang='lat' dir='ltr'><strong>utin</strong></span> <span class='ocrx_word' id='word_1_116' title='bbox 1381 1825 1477 1906; x_wconf 87' lang='lat' dir='ltr'><strong>parte</strong></span> 
     </span>
     <span class='ocr_line' id='line_1_17' title="bbox 301 1935 1478 2023; baseline 0 -21"><span class='ocrx_word' id='word_1_117' title='bbox 301 1937 391 2020; x_wconf 74' lang='lat' dir='ltr'><strong>regni</strong></span> <span class='ocrx_word' id='word_1_118' title='bbox 412 1935 621 2021; x_wconf 83' lang='lat' dir='ltr'><strong>Francorum,</strong></span> <span class='ocrx_word' id='word_1_119' title='bbox 651 1957 731 2023; x_wconf 88' lang='lat' dir='ltr'><strong>quae</strong></span> <span class='ocrx_word' id='word_1_120' title='bbox 758 1937 791 2003; x_wconf 93' lang='lat' dir='ltr'><strong>in</strong></span> <span class='ocrx_word' id='word_1_121' title='bbox 815 1957 873 2004; x_wconf 89' lang='lat' dir='ltr'><strong>sua</strong></span> <span class='ocrx_word' id='word_1_122' title='bbox 896 1943 1136 2023; x_wconf 86' lang='lat' dir='ltr'><strong>estpotestate,</strong></span> <span class='ocrx_word' id='word_1_123' title='bbox 1166 1937 1320 2023; x_wconf 86' lang='lat' dir='ltr'><strong>synodum</strong></span> <span class='ocrx_word' id='word_1_124' title='bbox 1342 1935 1478 2022; x_wconf 76' lang='lat' dir='ltr'><strong>oepore¹</strong></span> 
     </span>
    </p>
   </div>
   <div class='ocr_carea' id='block_1_4' title="bbox 260 2051 1479 2142">
    <p class='ocr_par' dir='ltr' id='par_1_5' title="bbox 260 2051 1479 2142">
     <span class='ocr_line' id='line_1_18' title="bbox 260 2051 1479 2142; baseline 0.002 -24"><span class='ocrx_word' id='word_1_125' title='bbox 260 2131 266 2142; x_wconf 33' lang='grc' dir='ltr'>ι</span> <span class='ocrx_word' id='word_1_126' title='bbox 301 2069 501 2136; x_wconf 76' lang='lat' dir='ltr'><strong>congregare.</strong></span> <span class='ocrx_word' id='word_1_127' title='bbox 541 2052 585 2119; x_wconf 88' lang='lat' dir='ltr'><strong>Et</strong></span> <span class='ocrx_word' id='word_1_128' title='bbox 610 2053 771 2139; x_wconf 87' lang='lat' dir='ltr'><strong>promisit,</strong></span> <span class='ocrx_word' id='word_1_129' title='bbox 807 2073 841 2120; x_wconf 89' lang='lat' dir='ltr'><strong>se</strong></span> <span class='ocrx_word' id='word_1_130' title='bbox 869 2053 908 2120; x_wconf 91' lang='lat' dir='ltr'><strong>de</strong></span> <span class='ocrx_word' id='word_1_131' title='bbox 936 2052 1167 2120; x_wconf 88' lang='lat' dir='ltr'><strong>aecclesiastica</strong></span> <span class='ocrx_word' id='word_1_132' title='bbox 1193 2051 1361 2135; x_wconf 82' lang='lat' dir='ltr'><strong>religione,</strong></span> <span class='ocrx_word' id='word_1_133' title='bbox 1393 2071 1479 2137; x_wconf 88' lang='lat' dir='ltr'><strong>quae</strong></span> 
     </span>
    </p>
   </div>
   <div class='ocr_carea' id='block_1_5' title="bbox 301 2166 1489 3905">
    <p class='ocr_par' dir='ltr' id='par_1_6' title="bbox 301 2166 1488 3764">
     <span class='ocr_line' id='line_1_19' title="bbox 301 2166 1481 2255; baseline 0.003 -22"><span class='ocrx_word' id='word_1_134' title='bbox 301 2167 367 2234; x_wconf 89' lang='lat' dir='ltr'><strong>iam</strong></span> <span class='ocrx_word' id='word_1_135' title='bbox 394 2167 488 2252; x_wconf 79' lang='lat' dir='ltr'><strong>longo</strong></span> <span class='ocrx_word' id='word_1_136' title='bbox 510 2173 668 2254; x_wconf 90' lang='lat' dir='ltr'><strong>tempore,</strong></span> <span class='ocrx_word' id='word_1_137' title='bbox 695 2169 731 2234; x_wconf 93' lang='lat' dir='ltr'><strong>id</strong></span> <span class='ocrx_word' id='word_1_138' title='bbox 753 2175 802 2234; x_wconf 85' lang='lat' dir='ltr'><strong>est</strong></span> <span class='ocrx_word' id='word_1_139' title='bbox 824 2187 888 2235; x_wconf 92' lang='lat' dir='ltr'><strong>uon</strong></span> <span class='ocrx_word' id='word_1_140' title='bbox 910 2168 1015 2234; x_wconf 90' lang='lat' dir='ltr'><strong>miuus</strong></span> <span class='ocrx_word' id='word_1_141' title='bbox 1039 2187 1133 2253; x_wconf 88' lang='lat' dir='ltr'><strong>quam</strong></span> <span class='ocrx_word' id='word_1_142' title='bbox 1155 2187 1214 2255; x_wconf 92' lang='lat' dir='ltr'><strong>per</strong></span> <span class='ocrx_word' id='word_1_143' title='bbox 1236 2168 1403 2251; x_wconf 82' lang='lat' dir='ltr'><strong>sexaginta</strong></span> <span class='ocrx_word' id='word_1_144' title='bbox 1425 2166 1481 2236; x_wconf 87' lang='lat' dir='ltr'><strong>vol</strong></span> 
     </span>
     <span class='ocr_line' id='line_1_20' title="bbox 301 2271 1480 2371; baseline 0 -21"><span class='ocrx_word' id='word_1_145' title='bbox 301 2284 503 2370; x_wconf 78' lang='lat' dir='ltr'><strong>septuaginta</strong></span> <span class='ocrx_word' id='word_1_146' title='bbox 525 2303 633 2367; x_wconf 86' lang='lat' dir='ltr'><strong>annos,</strong></span> <span class='ocrx_word' id='word_1_147' title='bbox 657 2271 777 2352; x_wconf 82' lang='lat' dir='ltr'><strong>edocta</strong></span> <span class='ocrx_word' id='word_1_148' title='bbox 799 2289 831 2350; x_wconf 92' lang='lat' dir='ltr'><strong>et</strong></span> <span class='ocrx_word' id='word_1_149' title='bbox 852 2284 1008 2371; x_wconf 89' lang='lat' dir='ltr'><strong>dissipata</strong></span> <span class='ocrx_word' id='word_1_150' title='bbox 1029 2284 1099 2368; x_wconf 79' lang='lat' dir='ltr'><strong>fruit,</strong></span> <span class='ocrx_word' id='word_1_151' title='bbox 1123 2283 1243 2367; x_wconf 87' lang='lat' dir='ltr'><strong>aliquid</strong></span> <span class='ocrx_word' id='word_1_152' title='bbox 1266 2285 1424 2366; x_wconf 79' lang='lat' dir='ltr'><strong>corrigere</strong></span> <span class='ocrx_word' id='word_1_153' title='bbox 1447 2291 1480 2351; x_wconf 88' lang='lat' dir='ltr'><strong>et</strong></span> 
     </span>
     <span class='ocr_line' id='line_1_21' title="bbox 302 2399 1481 2487; baseline 0.001 -21"><span class='ocrx_word' id='word_1_154' title='bbox 302 2399 471 2466; x_wconf 89' lang='lat' dir='ltr'><strong>emendare</strong></span> <span class='ocrx_word' id='word_1_155' title='bbox 497 2399 603 2466; x_wconf 60' lang='lat' dir='ltr'><strong>vellet</strong></span> <span class='ocrx_word' id='word_1_156' title='bbox 638 2399 852 2487; x_wconf 82' lang='lat' dir='ltr'><strong>Quapropter,</strong></span> <span class='ocrx_word' id='word_1_157' title='bbox 885 2401 913 2467; x_wconf 90' lang='lat' dir='ltr'><strong>si</strong></span> <span class='ocrx_word' id='word_1_158' title='bbox 941 2401 1001 2467; x_wconf 90' lang='lat' dir='ltr'><strong>boc</strong></span> <span class='ocrx_word' id='word_1_159' title='bbox 1023 2400 1090 2467; x_wconf 90' lang='lat' dir='ltr'><strong>Deo</strong></span> <span class='ocrx_word' id='word_1_160' title='bbox 1117 2400 1293 2486; x_wconf 89' lang='lat' dir='ltr'><strong>inspirante</strong></span> <span class='ocrx_word' id='word_1_161' title='bbox 1319 2403 1481 2469; x_wconf 78' lang='lat' dir='ltr'><strong>ueraciter</strong></span> 
     </span>
     <span class='ocr_line' id='line_1_22' title="bbox 301 2514 1479 2604; baseline 0.003 -23"><span class='ocrx_word' id='word_1_162' title='bbox 301 2514 435 2602; x_wconf 90' lang='lat' dir='ltr'><strong>implere</strong></span> <span class='ocrx_word' id='word_1_163' title='bbox 462 2515 612 2599; x_wconf 86' lang='lat' dir='ltr'><strong>voluerit,</strong></span> <span class='ocrx_word' id='word_1_164' title='bbox 640 2515 806 2582; x_wconf 90' lang='lat' dir='ltr'><strong>consilium</strong></span> <span class='ocrx_word' id='word_1_165' title='bbox 837 2521 870 2582; x_wconf 89' lang='lat' dir='ltr'><strong>et</strong></span> <span class='ocrx_word' id='word_1_166' title='bbox 890 2521 1094 2604; x_wconf 77' lang='lat' dir='ltr'><strong>praesepem</strong></span> <span class='ocrx_word' id='word_1_167' title='bbox 1117 2521 1242 2583; x_wconf 85' lang='lat' dir='ltr'><strong>vestrae</strong></span> <span class='ocrx_word' id='word_1_168' title='bbox 1265 2517 1479 2602; x_wconf 85' lang='lat' dir='ltr'><strong>auctoritatis,</strong></span> 
     </span>
     <span class='ocr_line' id='line_1_23' title="bbox 303 2628 1482 2719; baseline 0.003 -23"><span class='ocrx_word' id='word_1_169' title='bbox 303 2631 336 2696; x_wconf 90' lang='lat' dir='ltr'><strong>id</strong></span> <span class='ocrx_word' id='word_1_170' title='bbox 365 2637 415 2697; x_wconf 90' lang='lat' dir='ltr'><strong>est</strong></span> <span class='ocrx_word' id='word_1_171' title='bbox 442 2631 633 2718; x_wconf 87' lang='lat' dir='ltr'><strong>apostolicae</strong></span> <span class='ocrx_word' id='word_1_172' title='bbox 661 2632 763 2716; x_wconf 86' lang='lat' dir='ltr'><strong>sedis,</strong></span> <span class='ocrx_word' id='word_1_173' title='bbox 792 2630 907 2698; x_wconf 87' lang='lat' dir='ltr'><strong>habere</strong></span> <span class='ocrx_word' id='word_1_174' title='bbox 934 2639 968 2699; x_wconf 90' lang='lat' dir='ltr'><strong>et</strong></span> <span class='ocrx_word' id='word_1_175' title='bbox 997 2651 1108 2719; x_wconf 90' lang='lat' dir='ltr'><strong>sapere</strong></span> <span class='ocrx_word' id='word_1_176' title='bbox 1131 2628 1269 2700; x_wconf 84' lang='lat' dir='ltr'><strong>debeo&#39;¹.</strong></span> <span class='ocrx_word' id='word_1_177' title='bbox 1359 2631 1482 2702; x_wconf 85' lang='lat' dir='ltr'><strong>Franci</strong></span> 
     </span>
     <span class='ocr_line' id='line_1_24' title="bbox 303 2747 1483 2835; baseline 0.002 -21"><span class='ocrx_word' id='word_1_178' title='bbox 303 2749 405 2832; x_wconf 92' lang='lat' dir='ltr'><strong>enim,</strong></span> <span class='ocrx_word' id='word_1_179' title='bbox 428 2752 464 2814; x_wconf 86' lang='lat' dir='ltr'><strong>ut</strong></span> <span class='ocrx_word' id='word_1_180' title='bbox 485 2749 624 2815; x_wconf 89' lang='lat' dir='ltr'><strong>seniores</strong></span> <span class='ocrx_word' id='word_1_181' title='bbox 647 2748 772 2833; x_wconf 90' lang='lat' dir='ltr'><strong>dicunt,</strong></span> <span class='ocrx_word' id='word_1_182' title='bbox 795 2747 867 2834; x_wconf 89' lang='lat' dir='ltr'><strong>plus</strong></span> <span class='ocrx_word' id='word_1_183' title='bbox 891 2768 985 2832; x_wconf 90' lang='lat' dir='ltr'><strong>quam</strong></span> <span class='ocrx_word' id='word_1_184' title='bbox 1007 2767 1065 2835; x_wconf 89' lang='lat' dir='ltr'><strong>per</strong></span> <span class='ocrx_word' id='word_1_185' title='bbox 1088 2753 1212 2834; x_wconf 91' lang='lat' dir='ltr'><strong>tempus</strong></span> <span class='ocrx_word' id='word_1_186' title='bbox 1235 2749 1398 2832; x_wconf 80' lang='lat' dir='ltr'><strong>octaginta</strong></span> <span class='ocrx_word' id='word_1_187' title='bbox 1423 2771 1483 2816; x_wconf 88' lang='lat' dir='ltr'><strong>an·</strong></span> 
     </span>
     <span class='ocr_line' id='line_1_25' title="bbox 303 2861 1484 2950; baseline 0.001 -18"><span class='ocrx_word' id='word_1_188' title='bbox 303 2884 417 2932; x_wconf 90' lang='lat' dir='ltr'><strong>norum</strong></span> <span class='ocrx_word' id='word_1_189' title='bbox 450 2864 604 2950; x_wconf 89' lang='lat' dir='ltr'><strong>synodum</strong></span> <span class='ocrx_word' id='word_1_190' title='bbox 638 2883 702 2930; x_wconf 90' lang='lat' dir='ltr'><strong>non</strong></span> <span class='ocrx_word' id='word_1_191' title='bbox 733 2863 875 2930; x_wconf 84' lang='lat' dir='ltr'><strong>iecanmt</strong></span> <span class='ocrx_word' id='word_1_192' title='bbox 906 2883 966 2930; x_wconf 89' lang='lat' dir='ltr'><strong>nec</strong></span> <span class='ocrx_word' id='word_1_193' title='bbox 999 2861 1268 2950; x_wconf 86' lang='lat' dir='ltr'><strong>archiepiscopum</strong></span> <span class='ocrx_word' id='word_1_194' title='bbox 1297 2864 1484 2933; x_wconf 86' lang='lat' dir='ltr'><strong>babuerunt</strong></span> 
     </span>
     <span class='ocr_line' id='line_1_26' title="bbox 303 2979 1482 3048; baseline 0.002 -2"><span class='ocrx_word' id='word_1_195' title='bbox 303 3001 362 3048; x_wconf 91' lang='lat' dir='ltr'><strong>nec</strong></span> <span class='ocrx_word' id='word_1_196' title='bbox 388 2979 558 3047; x_wconf 87' lang='lat' dir='ltr'><strong>aecclesiae</strong></span> <span class='ocrx_word' id='word_1_197' title='bbox 581 2980 732 3046; x_wconf 87' lang='lat' dir='ltr'><strong>canonica</strong></span> <span class='ocrx_word' id='word_1_198' title='bbox 753 2980 825 3047; x_wconf 86' lang='lat' dir='ltr'><strong>iura</strong></span> <span class='ocrx_word' id='word_1_199' title='bbox 847 2979 979 3045; x_wconf 79' lang='lat' dir='ltr'><strong>alicubi⁸</strong></span> <span class='ocrx_word' id='word_1_200' title='bbox 1000 2979 1176 3046; x_wconf 85' lang='lat' dir='ltr'><strong>fundabant</strong></span> <span class='ocrx_word' id='word_1_201' title='bbox 1196 2979 1247 3046; x_wconf 86' lang='lat' dir='ltr'><strong>vol</strong></span> <span class='ocrx_word' id='word_1_202' title='bbox 1269 2979 1482 3048; x_wconf 78' lang='lat' dir='ltr'><strong>renovabant</strong></span> 
     </span>
     <span class='ocr_line' id='line_1_27' title="bbox 303 3095 1484 3182; baseline 0.001 -19"><span class='ocrx_word' id='word_1_203' title='bbox 303 3095 397 3163; x_wconf 84' lang='lat' dir='ltr'><strong>blodo</strong></span> <span class='ocrx_word' id='word_1_204' title='bbox 425 3101 531 3162; x_wconf 87' lang='lat' dir='ltr'><strong>autem</strong></span> <span class='ocrx_word' id='word_1_205' title='bbox 559 3096 700 3162; x_wconf 83' lang='lat' dir='ltr'><strong>maxima</strong></span> <span class='ocrx_word' id='word_1_206' title='bbox 727 3115 767 3162; x_wconf 85' lang='lat' dir='ltr'><strong>ex</strong></span> <span class='ocrx_word' id='word_1_207' title='bbox 795 3101 887 3182; x_wconf 82' lang='lat' dir='ltr'><strong>parte</strong></span> <span class='ocrx_word' id='word_1_208' title='bbox 916 3115 974 3181; x_wconf 93' lang='lat' dir='ltr'><strong>per</strong></span> <span class='ocrx_word' id='word_1_209' title='bbox 1000 3095 1144 3161; x_wconf 82' lang='lat' dir='ltr'><strong>civitates</strong></span> <span class='ocrx_word' id='word_1_210' title='bbox 1167 3095 1362 3182; x_wconf 86' lang='lat' dir='ltr'><strong>episcopales</strong></span> <span class='ocrx_word' id='word_1_211' title='bbox 1384 3097 1484 3165; x_wconf 87' lang='lat' dir='ltr'><strong>sedes</strong></span> 
     </span>
     <span class='ocr_line' id='line_1_28' title="bbox 303 3209 1485 3298; baseline 0.003 -21"><span class='ocrx_word' id='word_1_212' title='bbox 303 3211 440 3278; x_wconf 74' lang='lat' dir='ltr'><strong>beditas</strong></span> <span class='ocrx_word' id='word_1_213' title='bbox 463 3216 536 3277; x_wconf 89' lang='lat' dir='ltr'><strong>sunt</strong></span> <span class='ocrx_word' id='word_1_214' title='bbox 556 3210 657 3296; x_wconf 89' lang='lat' dir='ltr'><strong>laicis,</strong></span> <span class='ocrx_word' id='word_1_215' title='bbox 680 3211 803 3298; x_wconf 89' lang='lat' dir='ltr'><strong>cupidis</strong></span> <span class='ocrx_word' id='word_1_216' title='bbox 827 3211 867 3277; x_wconf 90' lang='lat' dir='ltr'><strong>ad</strong></span> <span class='ocrx_word' id='word_1_217' title='bbox 889 3211 1124 3298; x_wconf 89' lang='lat' dir='ltr'><strong>possidendum,</strong></span> <span class='ocrx_word' id='word_1_218' title='bbox 1147 3209 1198 3276; x_wconf 86' lang='lat' dir='ltr'><strong>vel</strong></span> <span class='ocrx_word' id='word_1_219' title='bbox 1213 3210 1399 3278; x_wconf 85' lang='lat' dir='ltr'><strong>adulteratis</strong></span> <span class='ocrx_word' id='word_1_220' title='bbox 1416 3211 1485 3280; x_wconf 88' lang='lat' dir='ltr'><strong>cle-</strong></span> 
     </span>
     <span class='ocr_line' id='line_1_29' title="bbox 303 3325 1484 3414; baseline 0.002 -20"><span class='ocrx_word' id='word_1_221' title='bbox 303 3328 394 3412; x_wconf 91' lang='lat' dir='ltr'><strong>ricis,</strong></span> <span class='ocrx_word' id='word_1_222' title='bbox 423 3326 648 3394; x_wconf 83' lang='lat' dir='ltr'><strong>scortatoribus</strong></span> <span class='ocrx_word' id='word_1_223' title='bbox 678 3332 710 3393; x_wconf 87' lang='lat' dir='ltr'><strong>et</strong></span> <span class='ocrx_word' id='word_1_224' title='bbox 736 3325 929 3414; x_wconf 86' lang='lat' dir='ltr'><strong>publicanis,</strong></span> <span class='ocrx_word' id='word_1_225' title='bbox 960 3327 1142 3394; x_wconf 80' lang='lat' dir='ltr'><strong>seculariter</strong></span> <span class='ocrx_word' id='word_1_226' title='bbox 1171 3327 1211 3393; x_wconf 91' lang='lat' dir='ltr'><strong>ad</strong></span> <span class='ocrx_word' id='word_1_227' title='bbox 1239 3327 1484 3414; x_wconf 83' lang='lat' dir='ltr'><strong>perfruendum</strong></span> 
     </span>
     <span class='ocr_line' id='line_1_30' title="bbox 303 3441 1487 3532; baseline 0.001 -21"><span class='ocrx_word' id='word_1_228' title='bbox 303 3445 386 3511; x_wconf 91' lang='lat' dir='ltr'><strong>Nam</strong></span> <span class='ocrx_word' id='word_1_229' title='bbox 409 3443 517 3529; x_wconf 90' lang='lat' dir='ltr'><strong>siper</strong></span> <span class='ocrx_word' id='word_1_230' title='bbox 539 3443 669 3510; x_wconf 82' lang='lat' dir='ltr'><strong>verbum</strong></span> <span class='ocrx_word' id='word_1_231' title='bbox 691 3447 832 3510; x_wconf 73' lang='lat' dir='ltr'><strong>reanum</strong></span> <span class='ocrx_word' id='word_1_232' title='bbox 855 3443 915 3509; x_wconf 90' lang='lat' dir='ltr'><strong>boc</strong></span> <span class='ocrx_word' id='word_1_233' title='bbox 935 3443 1107 3528; x_wconf 83' lang='lat' dir='ltr'><strong>negotium,</strong></span> <span class='ocrx_word' id='word_1_234' title='bbox 1130 3441 1209 3509; x_wconf 91' lang='lat' dir='ltr'><strong>duce</strong></span> <span class='ocrx_word' id='word_1_235' title='bbox 1229 3449 1360 3528; x_wconf 82' lang='lat' dir='ltr'><strong>rogante</strong></span> <span class='ocrx_word' id='word_1_236' title='bbox 1379 3463 1487 3532; x_wconf 89' lang='lat' dir='ltr'><strong>supra</strong></span> 
     </span>
     <span class='ocr_line' id='line_1_31' title="bbox 304 3557 1488 3648; baseline 0.003 -22"><span class='ocrx_word' id='word_1_237' title='bbox 304 3560 403 3643; x_wconf 89' lang='lat' dir='ltr'><strong>dicto,</strong></span> <span class='ocrx_word' id='word_1_238' title='bbox 434 3577 560 3625; x_wconf 87' lang='lat' dir='ltr'><strong>movere</strong></span> <span class='ocrx_word' id='word_1_239' title='bbox 589 3567 621 3625; x_wconf 87' lang='lat' dir='ltr'><strong>et</strong></span> <span class='ocrx_word' id='word_1_240' title='bbox 642 3558 783 3646; x_wconf 90' lang='lat' dir='ltr'><strong>incipere</strong></span> <span class='ocrx_word' id='word_1_241' title='bbox 804 3557 918 3643; x_wconf 89' lang='lat' dir='ltr'><strong>debeo,</strong></span> <span class='ocrx_word' id='word_1_242' title='bbox 946 3564 1149 3646; x_wconf 88' lang='lat' dir='ltr'><strong>praeceptum</strong></span> <span class='ocrx_word' id='word_1_243' title='bbox 1172 3565 1205 3625; x_wconf 90' lang='lat' dir='ltr'><strong>et</strong></span> <span class='ocrx_word' id='word_1_244' title='bbox 1225 3559 1376 3626; x_wconf 90' lang='lat' dir='ltr'><strong>iudicium</strong></span> <span class='ocrx_word' id='word_1_245' title='bbox 1402 3581 1488 3648; x_wconf 90' lang='lat' dir='ltr'><strong>apo·</strong></span> 
     </span>
     <span class='ocr_line' id='line_1_32' title="bbox 305 3674 1486 3764; baseline 0.002 -22"><span class='ocrx_word' id='word_1_246' title='bbox 305 3674 434 3742; x_wconf 87' lang='lat' dir='ltr'><strong>stolicae</strong></span> <span class='ocrx_word' id='word_1_247' title='bbox 454 3675 538 3742; x_wconf 89' lang='lat' dir='ltr'><strong>sedis</strong></span> <span class='ocrx_word' id='word_1_248' title='bbox 554 3693 624 3742; x_wconf 92' lang='lat' dir='ltr'><strong>oum</strong></span> <span class='ocrx_word' id='word_1_249' title='bbox 640 3675 830 3743; x_wconf 76' lang='lat' dir='ltr'><strong>canonibush</strong></span> <span class='ocrx_word' id='word_1_250' title='bbox 847 3675 1086 3742; x_wconf 85' lang='lat' dir='ltr'><strong>aecclesiasticis</strong></span> <span class='ocrx_word' id='word_1_251' title='bbox 1102 3681 1228 3762; x_wconf 89' lang='lat' dir='ltr'><strong>praesto</strong></span> <span class='ocrx_word' id='word_1_252' title='bbox 1242 3674 1357 3742; x_wconf 89' lang='lat' dir='ltr'><strong>habere</strong></span> <span class='ocrx_word' id='word_1_253' title='bbox 1372 3679 1486 3764; x_wconf 90' lang='lat' dir='ltr'><strong>cupio.</strong></span> 
     </span>
    </p>

    <p class='ocr_par' dir='ltr' id='par_1_7' title="bbox 378 3841 1489 3905">
     <span class='ocr_line' id='line_1_33' title="bbox 378 3841 1489 3905; baseline 0.003 -14"><span class='ocrx_word' id='word_1_254' title='bbox 378 3857 399 3891; x_wconf 78' lang='lat' dir='ltr'><strong>a.</strong></span> <span class='ocrx_word' id='word_1_255' title='bbox 418 3843 555 3905; x_wconf 77' lang='lat' dir='ltr'><strong>uuiraaburg</strong></span> <span class='ocrx_word' id='word_1_256' title='bbox 571 3845 597 3891; x_wconf 89' lang='lat' dir='ltr'><strong>C.</strong></span> <span class='ocrx_word' id='word_1_257' title='bbox 668 3843 689 3888; x_wconf 92' lang='lat' dir='ltr'><strong>b.</strong></span> <span class='ocrx_word' id='word_1_258' title='bbox 711 3841 829 3902; x_wconf 79' lang='lat' dir='ltr'><strong>erpesford</strong></span> <span class='ocrx_word' id='word_1_259' title='bbox 846 3847 871 3892; x_wconf 83' lang='lat' dir='ltr'><strong>C.</strong></span> <span class='ocrx_word' id='word_1_260' title='bbox 940 3857 959 3890; x_wconf 91' lang='lat' dir='ltr'><strong>c.</strong></span> <span class='ocrx_word' id='word_1_261' title='bbox 982 3843 1114 3890; x_wconf 70' lang='lat' dir='ltr'><strong>accersitu·</strong></span> <span class='ocrx_word' id='word_1_262' title='bbox 1133 3845 1159 3892; x_wconf 83' lang='lat' dir='ltr'><strong>C.</strong></span> <span class='ocrx_word' id='word_1_263' title='bbox 1226 3843 1249 3890; x_wconf 90' lang='lat' dir='ltr'><strong>d.</strong></span> <span class='ocrx_word' id='word_1_264' title='bbox 1270 3857 1350 3904; x_wconf 85' lang='lat' dir='ltr'><strong>cepere</strong></span> <span class='ocrx_word' id='word_1_265' title='bbox 1367 3848 1403 3900; x_wconf 78' lang='lat' dir='ltr'><strong>M,</strong></span> <span class='ocrx_word' id='word_1_266' title='bbox 1422 3866 1489 3894; x_wconf 80' lang='lat' dir='ltr'><strong>corr.</strong></span> 
     </span>
    </p>
   </div>
   <div class='ocr_carea' id='block_1_6' title="bbox 305 3921 1491 4064">
    <p class='ocr_par' dir='ltr' id='par_1_8' title="bbox 305 3921 1491 4064">
     <span class='ocr_line' id='line_1_34' title="bbox 305 3921 1491 3984; baseline 0.001 -12"><span class='ocrx_word' id='word_1_267' title='bbox 305 3927 328 3972; x_wconf 72' lang='lat' dir='ltr'><strong>ia</strong></span> <span class='ocrx_word' id='word_1_268' title='bbox 348 3924 472 3984; x_wconf 84' lang='lat' dir='ltr'><strong>inciperam</strong></span> <span class='ocrx_word' id='word_1_269' title='bbox 489 3927 515 3972; x_wconf 81' lang='lat' dir='ltr'><strong>C.</strong></span> <span class='ocrx_word' id='word_1_270' title='bbox 600 3937 620 3969; x_wconf 88' lang='lat' dir='ltr'><strong>e.</strong></span> <span class='ocrx_word' id='word_1_271' title='bbox 640 3923 710 3970; x_wconf 79' lang='lat' dir='ltr'><strong>vallet</strong></span> <span class='ocrx_word' id='word_1_272' title='bbox 726 3925 761 3969; x_wconf 82' lang='lat' dir='ltr'><strong>M.</strong></span> <span class='ocrx_word' id='word_1_273' title='bbox 841 3923 858 3969; x_wconf 86' lang='lat' dir='ltr'><strong>l.</strong></span> <span class='ocrx_word' id='word_1_274' title='bbox 879 3922 951 3970; x_wconf 80' lang='lat' dir='ltr'><strong>debeo</strong></span> <span class='ocrx_word' id='word_1_275' title='bbox 974 3941 1016 3970; x_wconf 72' lang='lat' dir='ltr'><strong>om.</strong></span> <span class='ocrx_word' id='word_1_276' title='bbox 1034 3927 1070 3970; x_wconf 84' lang='lat' dir='ltr'><strong>M.</strong></span> <span class='ocrx_word' id='word_1_277' title='bbox 1149 3936 1171 3981; x_wconf 73' lang='lat' dir='ltr'><strong>g.</strong></span> <span class='ocrx_word' id='word_1_278' title='bbox 1193 3921 1261 3971; x_wconf 84' lang='lat' dir='ltr'><strong>elicui</strong></span> <span class='ocrx_word' id='word_1_279' title='bbox 1280 3927 1313 3970; x_wconf 78' lang='lat' dir='ltr'><strong>M.</strong></span> <span class='ocrx_word' id='word_1_280' title='bbox 1396 3924 1424 3970; x_wconf 82' lang='lat' dir='ltr'><strong>li.</strong></span> <span class='ocrx_word' id='word_1_281' title='bbox 1448 3928 1491 3974; x_wconf 69' lang='lat' dir='ltr'><strong>tete</strong></span> 
     </span>
     <span class='ocr_line' id='line_1_35' title="bbox 305 4003 1050 4064; baseline -0.005 -10"><span class='ocrx_word' id='word_1_282' title='bbox 305 4007 387 4054; x_wconf 62' lang='lat' dir='ltr'><strong>&amp;aba</strong></span> <span class='ocrx_word' id='word_1_283' title='bbox 401 4006 444 4061; x_wconf 79' lang='lat' dir='ltr'><strong>fol.</strong></span> <span class='ocrx_word' id='word_1_284' title='bbox 458 4005 472 4052; x_wconf 82' lang='lat'><em>8</em></span> <span class='ocrx_word' id='word_1_285' title='bbox 490 4004 541 4052; x_wconf 77' lang='lat' dir='ltr'><strong>cod·</strong></span> <span class='ocrx_word' id='word_1_286' title='bbox 559 4005 591 4059; x_wconf 76' lang='grc' dir='ltr'><strong>ι’,</strong></span> <span class='ocrx_word' id='word_1_287' title='bbox 606 4003 644 4050; x_wconf 77' lang='lat' dir='ltr'><strong>atr·</strong></span> <span class='ocrx_word' id='word_1_288' title='bbox 659 4003 721 4064; x_wconf 76' lang='lat' dir='ltr'><strong>quod</strong></span> <span class='ocrx_word' id='word_1_289' title='bbox 736 4004 869 4064; x_wconf 75' lang='lat' dir='ltr'><strong>sequebatur</strong></span> <span class='ocrx_word' id='word_1_290' title='bbox 883 4005 965 4060; x_wconf 75' lang='lat' dir='ltr'><strong>folium</strong></span> <span class='ocrx_word' id='word_1_291' title='bbox 981 4004 1050 4050; x_wconf 76' lang='lat' dir='ltr'><strong>duat.</strong></span> 
     </span>
    </p>
   </div>
   <div class='ocr_carea' id='block_1_7' title="bbox 304 4105 1491 4445">
    <p class='ocr_par' dir='ltr' id='par_1_9' title="bbox 304 4105 1491 4445">
     <span class='ocr_line' id='line_1_36' title="bbox 379 4105 1490 4178; baseline 0.002 -14"><span class='ocrx_word' id='word_1_292' title='bbox 379 4111 402 4164; x_wconf 91' lang='lat'><strong>1.</strong></span> <span class='ocrx_word' id='word_1_293' title='bbox 427 4108 501 4178; x_wconf 86' lang='lat' dir='ltr'><strong>quod</strong></span> <span class='ocrx_word' id='word_1_294' title='bbox 524 4108 553 4162; x_wconf 91' lang='lat' dir='ltr'><strong>in</strong></span> <span class='ocrx_word' id='word_1_295' title='bbox 571 4107 671 4162; x_wconf 80' lang='lat' dir='ltr'><strong>Hassis</strong></span> <span class='ocrx_word' id='word_1_296' title='bbox 694 4105 746 4162; x_wconf 82' lang='lat' dir='ltr'><strong>tuit</strong></span> <span class='ocrx_word' id='word_1_297' title='bbox 768 4121 853 4176; x_wconf 89' lang='lat' dir='ltr'><strong>propo</strong></span> <span class='ocrx_word' id='word_1_298' title='bbox 871 4107 1039 4162; x_wconf 82' lang='lat' dir='ltr'><strong>Fritulariam</strong></span> <span class='ocrx_word' id='word_1_299' title='bbox 1059 4107 1145 4174; x_wconf 89' lang='lat' dir='ltr'><strong>(inter</strong></span> <span class='ocrx_word' id='word_1_300' title='bbox 1162 4107 1332 4163; x_wconf 89' lang='lat' dir='ltr'><strong>occidentem</strong></span> <span class='ocrx_word' id='word_1_301' title='bbox 1350 4113 1379 4162; x_wconf 86' lang='lat' dir='ltr'><strong>et</strong></span> <span class='ocrx_word' id='word_1_302' title='bbox 1397 4111 1490 4166; x_wconf 89' lang='lat' dir='ltr'><strong>meri·</strong></span> 
     </span>
     <span class='ocr_line' id='line_1_37' title="bbox 305 4195 1491 4268; baseline 0.002 -15"><span class='ocrx_word' id='word_1_303' title='bbox 305 4197 397 4268; x_wconf 85' lang='lat' dir='ltr'><strong>diam),</strong></span> <span class='ocrx_word' id='word_1_304' title='bbox 415 4197 444 4251; x_wconf 90' lang='lat' dir='ltr'><strong>in</strong></span> <span class='ocrx_word' id='word_1_305' title='bbox 461 4199 562 4267; x_wconf 90' lang='lat' dir='ltr'><strong>monte,</strong></span> <span class='ocrx_word' id='word_1_306' title='bbox 581 4196 629 4265; x_wconf 86' lang='lat' dir='ltr'><strong>qui</strong></span> <span class='ocrx_word' id='word_1_307' title='bbox 646 4195 728 4250; x_wconf 84' lang='lat' dir='ltr'><strong>etiam</strong></span> <span class='ocrx_word' id='word_1_308' title='bbox 747 4195 827 4252; x_wconf 89' lang='lat' dir='ltr'><strong>hodie</strong></span> <span class='ocrx_word' id='word_1_309' title='bbox 846 4195 971 4266; x_wconf 84' lang='lat' dir='ltr'><strong>Bdrberg</strong></span> <span class='ocrx_word' id='word_1_310' title='bbox 988 4211 1011 4251; x_wconf 89' lang='lat' dir='ltr'><strong>s.</strong></span> <span class='ocrx_word' id='word_1_311' title='bbox 1030 4195 1173 4266; x_wconf 83' lang='lat' dir='ltr'><strong>Bllraberg</strong></span> <span class='ocrx_word' id='word_1_312' title='bbox 1189 4195 1333 4252; x_wconf 84' lang='lat' dir='ltr'><strong>vocitatur.</strong></span> <span class='ocrx_word' id='word_1_313' title='bbox 1360 4195 1403 4250; x_wconf 88' lang='lat' dir='ltr'><strong>De</strong></span> <span class='ocrx_word' id='word_1_314' title='bbox 1425 4213 1491 4267; x_wconf 89' lang='lat' dir='ltr'><strong>qno</strong></span> 
     </span>
     <span class='ocr_line' id='line_1_38' title="bbox 304 4283 1491 4357; baseline 0.003 -17"><span class='ocrx_word' id='word_1_315' title='bbox 304 4303 332 4342; x_wconf 87' lang='lat' dir='ltr'><strong>v.</strong></span> <span class='ocrx_word' id='word_1_316' title='bbox 355 4285 571 4342; x_wconf 81' lang='lat' dir='ltr'><strong>Falclrenheiner</strong></span> <span class='ocrx_word' id='word_1_317' title='bbox 595 4283 758 4340; x_wconf 87' lang='lat' dir='ltr'><strong>Geschlcbte</strong></span> <span class='ocrx_word' id='word_1_318' title='bbox 781 4284 942 4340; x_wconf 86' lang='lat' dir='ltr'><strong>Hessieober</strong></span> <span class='ocrx_word' id='word_1_319' title='bbox 964 4283 1060 4340; x_wconf 72' lang='lat' dir='ltr'><strong>santa</strong></span> <span class='ocrx_word' id='word_1_320' title='bbox 1083 4285 1131 4340; x_wconf 85' lang='lat'><strong>13</strong></span> <span class='ocrx_word' id='word_1_321' title='bbox 1154 4300 1215 4355; x_wconf 87' lang='lat' dir='ltr'><strong>squ.</strong></span> <span class='ocrx_word' id='word_1_322' title='bbox 1330 4285 1356 4339; x_wconf 78' lang='lat'><strong>2.</strong></span> <span class='ocrx_word' id='word_1_323' title='bbox 1379 4283 1491 4357; x_wconf 77' lang='lat' dir='ltr'><strong>Itaque</strong></span> 
     </span>
     <span class='ocr_line' id='line_1_39' title="bbox 306 4371 1446 4445; baseline 0 -15"><span class='ocrx_word' id='word_1_324' title='bbox 306 4376 408 4445; x_wconf 88' lang='lat' dir='ltr'><strong>scripta</strong></span> <span class='ocrx_word' id='word_1_325' title='bbox 426 4379 469 4431; x_wconf 86' lang='lat' dir='ltr'><strong>est</strong></span> <span class='ocrx_word' id='word_1_326' title='bbox 486 4374 555 4430; x_wconf 89' lang='lat' dir='ltr'><strong>baec</strong></span> <span class='ocrx_word' id='word_1_327' title='bbox 573 4373 689 4443; x_wconf 86' lang='lat' dir='ltr'><strong>epistola</strong></span> <span class='ocrx_word' id='word_1_328' title='bbox 706 4379 770 4430; x_wconf 89' lang='lat' dir='ltr'><strong>ante</strong></span> <span class='ocrx_word' id='word_1_329' title='bbox 787 4373 860 4429; x_wconf 90' lang='lat' dir='ltr'><strong>diem</strong></span> <span class='ocrx_word' id='word_1_330' title='bbox 879 4376 912 4429; x_wconf 76' lang='lat'><strong>21</strong></span> <span class='ocrx_word' id='word_1_331' title='bbox 931 4374 1034 4444; x_wconf 77' lang='lat' dir='ltr'><strong>Aprilis</strong></span> <span class='ocrx_word' id='word_1_332' title='bbox 1051 4390 1077 4430; x_wconf 78' lang='lat' dir='ltr'><strong>a</strong></span> <span class='ocrx_word' id='word_1_333' title='bbox 1091 4375 1151 4430; x_wconf 77' lang='lat'><strong>742.</strong></span> <span class='ocrx_word' id='word_1_334' title='bbox 1178 4374 1213 4430; x_wconf 86' lang='lat' dir='ltr'><strong>V.</strong></span> <span class='ocrx_word' id='word_1_335' title='bbox 1231 4371 1302 4428; x_wconf 87' lang='lat' dir='ltr'><strong>inira</strong></span> <span class='ocrx_word' id='word_1_336' title='bbox 1319 4387 1380 4443; x_wconf 86' lang='lat' dir='ltr'><strong>cap.</strong></span> <span class='ocrx_word' id='word_1_337' title='bbox 1392 4373 1446 4430; x_wconf 78' lang='lat'><strong>47.</strong></span> 
     </span>
    </p>
   </div>
   <div class='ocr_carea' id='block_1_8' title="bbox 0 0 1568 4848">
    <p class='ocr_par' dir='ltr' id='par_1_10' title="bbox 0 0 1568 4848">
     <span class='ocr_line' id='line_1_40' title="bbox 0 0 1568 4848; baseline 0 0"><span class='ocrx_word' id='word_1_338' title='bbox 0 0 1568 4848; x_wconf 95' lang='lat' dir='ltr'><strong> </strong></span> 
     </span>
    </p>
   </div>
  </div>
 </body>
</html>
