3148 4846
313 321 378 388 452
548 341 754 388 wmumeum
775 341 856 389 vrrs
879 339 905 388 s.
924 339 1099 390 sennenn
1122 341 1196 390 car.
1213 341 1249 388 vr

242 491 294 546 ‘123
311 479 434 548 litteras
461 479 615 568 praedicti
643 481 776 549 Romani
808 481 964 570 pontilicis
992 482 1139 568 sedisque
1167 482 1356 570 apostolicae
1371 481 1465 549 ‘Garis

312 597 401 665 duci·
424 597 550 680 detulit;
579 598 708 684 eiusque
731 598 869 666 dominio
893 618 930 666 ac
951 600 1126 686 patrocinio
1149 599 1307 666 subiectus
1317 594 1335 684 ¹,
1361 598 1399 664 ad
1419 597 1467 665 ob

312 733 414 780 sesses
432 718 505 780 ante
521 733 558 780 sa
573 713 748 780 Hsssorum
764 714 902 781 moetas*
917 734 989 781 cum
1005 735 1158 782 consensu
1171 713 1257 782 Carli
1271 714 1359 782 ducis
1373 714 1467 780 rediit

399 828 497 895 Tum⁶
519 849 593 897 sero
615 828 808 896 Haeserum‘
831 831 895 898 iam
917 831 1020 916 multi,
1044 831 1198 898 catholica
1219 829 1281 897 fide
1303 831 1416 898 subditi
1438 849 1470 897 ac

310 945 502 1031 septiformis
524 945 662 1032 Spiritus
684 946 788 1030 gratia
810 945 995 1032 confirmati,
1019 967 1131 1015 manus
1153 946 1377 1034 inpositionem
1398 947 1470 1012 acci·

310 1066 452 1147 perunt⁸.
486 1060 530 1128 Et
553 1061 607 1128 alii
630 1062 767 1147 quidem,
789 1062 929 1130 nondum
950 1065 1055 1130 animo
1076 1063 1253 1148 confortati,
1275 1064 1472 1130 intemeratos

310 1175 386 1264 fidei
409 1177 596 1244 documenta
616 1178 739 1262 integre
760 1180 924 1267 percipere
945 1185 1157 1262 rennuerunt3
1186 1179 1241 1246 alii
1267 1181 1363 1246 etism
1384 1178 1472 1262 lignis

312 1298 344 1359 st
369 1293 508 1360 fontibus
536 1293 692 1378 clanculo,
725 1293 779 1361 alii
807 1301 913 1362 autem
937 1301 1044 1382 aperte
1067 1295 1299 1378 sacrificabant3
1330 1296 1384 1362 alii
1405 1313 1472 1362 vero

311 1409 468 1494 aruspicia
491 1414 523 1476 ot
544 1409 769 1494 divinationes,
795 1410 963 1498 prestigia'
985 1418 1078 1497 atque
1099 1411 1329 1480 incantationes
1352 1409 1472 1493 occulte,

311 1523 366 1590 alii
388 1525 515 1610 quidem
537 1527 703 1594 manifeste
726 1527 927 1610 exercebaut3
953 1525 1007 1594 alii
1030 1529 1146 1615 quippe
1170 1529 1302 1612 auguria
1324 1533 1357 1596 ct
1376 1526 1472 1614 auspi·

311 1640 361 1707 cia
389 1641 594 1710 intendebant
617 1642 818 1743 diversosque
841 1642 1038 1710 sacrificandi
1060 1645 1139 1710 ritus
1162 1644 1370 1710 incoluerunt
1413 1643 1474 1710 Alii

311 1757 423 1841 etiem,
459 1758 571 1843 quibus
605 1779 694 1826 meus
729 1760 837 1827 sanior
869 1759 988 1843 inerat,
1022 1759 1107 1826 omni
1142 1760 1263 1827 abiecta
1295 1758 1474 1842 gentilitatis

310 1874 546 1961 profanatione,
576 1873 655 1940 nibil
681 1875 793 1942 horum
817 1876 1069 1942 commiserones.
1104 1874 1244 1954 Quorum
1267 1875 1412 1942 consultu
1433 1879 1475 1940 at·

311 2009 370 2074 que
398 1989 529 2057 oonsilio
559 1976 709 2058 roborem*
727 1991 903 2076 quendam*
925 1991 1005 2058 mire
1028 1990 1269 2075 magnitudinis,
1299 1991 1355 2076 qui
1378 1991 1475 2078 prisco

309 2106 515 2192 paganorum¹
539 2105 689 2174 vocabulo
719 2107 896 2194 appellatur
923 2109 1020 2174 robor
1047 2107 1163 2189 Iocas¹,
1195 2108 1229 2174 iu
1258 2106 1327 2173 loco
1358 2107 1411 2192 qui
1434 2105 1475 2172 di-

309 2223 392 2288 citur
407 2217 589 2290 Gaesmere¹
601 2220 623 2307 ²,
647 2223 746 2290 servis
762 2224 822 2290 Dei
845 2242 952 2290 mum
973 2222 1180 2308 adstantibus,
1204 2223 1366 2290 succidere
1380 2229 1476 2309 tcmp-

309 2337 399 2404 tavit.
440 2337 598 2424 Cumque,
629 2341 745 2406 mentis
773 2339 949 2406 constantia
977 2338 1186 2425 confortatus,
1215 2341 1362 2407 arborem
1385 2339 1478 2406 succi·

310 2453 424 2538 disset,
455 2474 572 2538 magna
599 2454 715 2544 quippc
744 2455 853 2522 aderat
881 2455 971 2542 copia
997 2473 1209 2542 paganorum,
1239 2457 1293 2540 qui
1322 2461 1356 2524 et
1378 2455 1478 2522 inimi·
1565 2493 1566 2504 ³

310 2589 382 2634 cum
412 2569 543 2637 deorum
572 2591 700 2638 suorum
727 2571 813 2637 iutra
841 2591 875 2639 ee
905 2571 1145 2656 diligentissime
1173 2572 1374 2639 devotabant
1422 2571 1480 2639 Sed

311 2685 351 2750 ad
374 2685 532 2752 modicum
555 2687 683 2772 quidem
706 2687 817 2755 arbore
839 2689 1016 2773 praecisas,
1040 2689 1205 2756 confestim
1227 2688 1373 2756 inmensa
1392 2687 1479 2755 robo-

309 2799 355 2867 ris
383 2800 499 2885 moles,
529 2802 636 2872 diuino
660 2805 794 2890 desuper
815 2801 893 2869 flatu
915 2805 1104 2890 exagitator,
1124 2804 1301 2893 ¹palmitum
1323 2805 1480 2871 confracto
1565 2847 1566 2866 r

310 2916 464 3001 culmine,
494 2921 622 2986 corruit
667 2919 711 2986 Et
738 2917 828 3004 quasi
858 2920 986 3006 superni
1009 2927 1103 2988 nutus
1126 2920 1256 2988 solatio⁰
1278 2921 1312 2986 iu
1336 2925 1481 3006 quabuor
1565 2963 1566 2976 2

312 3035 407 3100 stiam
437 3039 544 3120 partes
573 3036 718 3122 disrupta
747 3041 810 3118 est,
847 3040 880 3102 et
911 3041 1060 3120 quattuor
1088 3038 1226 3121 ingentis
1257 3034 1481 3121 magnitudinis

312 3149 435 3235 aequali
457 3149 653 3235 longitudine
675 3152 779 3218 bunci
802 3150 920 3237 absque
941 3153 1075 3218 fratrum
1095 3153 1203 3221 labore
1219 3152 1413 3221 adstantium
1429 3171 1482 3237 ap·

311 3272 494 3352 paruerunt.
533 3265 600 3344 Quo
623 3267 702 3352 riso,
725 3267 814 3355 prim
837 3267 1020 3335 devotames
1043 3271 1161 3356 pagani
1183 3270 1278 3337 etiam
1300 3288 1396 3335 versa
1417 3267 1483 3336 vics

312 3379 561 3450 benedictionem
584 3382 737 3468 Domino,
760 3383 896 3470 pristina
918 3383 1041 3452 abieoto
1062 3385 1297 3470 maledictione,
1320 3383 1483 3452 credentes

312 3495 526 3566 reddiderunt
554 3498 643 3566 Tunc
659 3503 764 3566 autem
780 3520 901 3567 summe
916 3501 1092 3567 sanctitatis
1104 3502 1246 3586 antistes,
1262 3501 1394 3568 consilio
1405 3501 1483 3568 inito
1564 3513 1566 3594 p

312 3633 384 3680 oum
400 3614 561 3699 iratribus,
576 3613 716 3698 ligneum
733 3636 773 3682 ex
787 3635 885 3702 supra
899 3615 1001 3683 diotae
1016 3616 1138 3684 arboris
1153 3617 1299 3684 metallo'
1310 3615 1483 3684 oratorium

313 3730 490 3796 construxit
510 3730 668 3816 illudqueq
690 3733 724 3797 in
746 3731 864 3798 honore
887 3733 987 3800 sancti
1009 3731 1096 3802 Petri
1119 3735 1252 3823 apostoli
1274 3733 1443 3802 dedicarit

385 3877 406 3912 a
426 3863 484 3911 duos
500 3867 526 3912 F.
602 3865 625 3911 b.
647 3867 714 3911 numa
729 3863 854 3912 Hessorunr
869 3832 942 3912 metas
958 3869 986 3913 A.
1065 3881 1085 3914 c.
1105 3881 1157 3915 eum
1173 3871 1198 3925 F,
1217 3871 1265 3914 tum
1281 3874 1308 3916 A.
1387 3867 1412 3914 d.
1426 3865 1484 3914 Hea-
1565 3895 1566 3906 2

313 3957 388 3991 sorum
405 3949 433 3991 A.
500 3959 521 3990 s.
541 3947 678 4005 acceperunt
692 3949 721 3992 A.
788 3944 805 3991 i.
824 3944 945 4003 prestigria
960 3948 986 3992 F.
1050 3957 1072 4006 g.
1093 3948 1265 3996 commisssrunt
1280 3951 1306 3995 F.
1367 3945 1393 3994 ln
1414 3957 1483 4007 quea·

312 4023 365 4070 darn
381 4027 407 4081 F,
429 4023 542 4083 eamdam
558 4028 587 4071 A.
663 4026 680 4071 i.
703 4024 855 4071 &manorum
873 4025 931 4072 cod.
950 4025 1046 4072 Vindod.
1063 4043 1083 4072 s.
1096 4029 1170 4082 1111,
1192 4043 1237 4089 quc
1253 4029 1355 4074 Pania
1372 4043 1428 4074 um
1444 4035 1484 4074 ass.

312 4101 335 4150 k.
356 4102 418 4149 iobis
434 4105 459 4150 F.
528 4103 545 4150 l.
565 4103 701 4150 Gaasmerae
715 4108 744 4161 Α,
761 4103 877 4150 Geismare
893 4105 921 4151 B.
987 4119 1018 4151 ru.
1037 4105 1141 4165 praeciso
1153 4109 1178 4162 F,
1193 4097 1297 4166 priscian
1307 4110 1334 4154 A.
1401 4119 1424 4153 u.
1446 4119 1473 4152 ax

313 4183 411 4240 agitatur
427 4185 451 4229 et
461 4186 489 4229 A.
551 4195 573 4228 o.
594 4199 650 4230 corr.
665 4185 689 4229 irs
703 4185 761 4230 autu
776 4181 855 4230 eeneii
870 4188 900 4232 A.
962 4197 984 4245 p.
1004 4185 1143 4243 Μαίης
1159 4203 1190 4232 aa
1205 4185 1318 4234 madallei
1379 4199 1403 4246 q.
1423 4197 1482 4234 su·

313 4274 357 4320 qus
373 4265 399 4318 F,
415 4261 517 4322 illudque
532 4266 561 4308 A.

385 4349 409 4401 1.
432 4347 468 4402 V.
487 4344 576 4402 Bonis.
595 4361 638 4415 ep.
652 4347 687 4402 24
711 4363 795 4418 supra
817 4363 844 4417 p.
857 4349 900 4405 84
998 4351 1024 4406 2.
1048 4348 1175 4408 Geisrnar
1196 4364 1283 4422 prope
1305 4349 1480 4418 Fritalariaur,

314 4432 350 4486 ad
367 4433 547 4490 occidentem.
575 4432 616 4489 Gi.
636 4435 743 4490 Weuclr
760 4437 908 4494 Hessisebe
925 4437 1192 4509 Landssgeacbiobte
1208 4439 1236 4494 ll
1246 4441 1308 4512 234,
1320 4439 1381 4496 235.
