3148 4846
194 414 264 470 1183

185 488 271 549 Sept2

290 247 358 312 412
472 273 475 281 ¹
581 249 818 308 'mommsen
839 259 1069 308 moeuvnmsn
1091 258 1124 306 oa

285 365 408 472 illustri
429 402 644 470 Romanorum
672 402 859 490 imperatori
887 406 920 467 et
947 419 1073 486 semper
1101 403 1233 484 augusto
1261 399 1352 484 longo
1377 405 1451 466 tem·

290 541 367 610 pore
394 517 560 604 magnifice
588 518 771 587 servivisset
799 523 831 586 et
858 522 969 584 eontra
996 513 1092 582 officii
1120 517 1170 583 sui
1193 516 1331 584 debitum
1354 535 1453 583 exces-

291 639 385 706 sisset
405 637 440 703 in
462 635 587 719 multis,
616 653 687 702 oum
712 633 925 700 Romanorum
948 631 1129 719 perfidiam,
1159 633 1213 718 qui
1235 632 1454 719 patrimonium

292 754 440 822 ecclesiae
463 751 620 818 hostiliter
643 750 842 818 devastantes
866 748 1080 816 Tusculanum
1101 749 1245 834 nequiter
1267 747 1454 834 obsidebant

292 871 382 936 aliter
405 869 612 954 comprimere
634 877 698 932 noh
715 885 891 954 possemus,
915 865 1049 932 eundem
1065 865 1336 951 archiepiscopum
1351 863 1392 930 ad
1406 863 1455 931 ob-

292 985 435 1070 sequium
451 984 600 1050 eeclesiae
615 981 865 1050 convocavimus.
896 979 968 1068 Ipse
980 1001 1068 1066 vero,
1082 981 1183 1048 iactus
1199 981 1349 1049 obediens
1363 997 1456 1066 usque

292 1102 333 1167 ad
354 1105 488 1166 mortem
497 1094 515 1183 ¹,
539 1103 584 1182 ut,
608 1099 690 1166 sicut
709 1103 804 1164 cuba
818 1097 1004 1165 exhibuerat
1017 1096 1160 1164 membra
1173 1117 1232 1164 sue
1245 1097 1406 1182 iniquitati
1419 1096 1457 1164 ad

291 1216 500 1302 iniquitatem,
524 1216 570 1282 ita
592 1235 626 1282 se
649 1220 681 1282 et
703 1234 776 1282 suos
799 1213 962 1280 exhiberet
984 1213 1025 1280 ad
1047 1213 1246 1280 serviendum
1267 1213 1407 1280 iustitiae
1425 1213 1456 1278 in

292 1327 587 1400 saanctilieationem¹
603 1331 697 1414 vitae,
721 1330 803 1396 aeris
820 1305 1045 1417 intemperiem·
1056 1330 1148 1416 parvi
1162 1328 1312 1416 pendens,
1336 1328 1377 1394 ad
1392 1347 1457 1394 suo

292 1448 480 1516 currendum
503 1447 652 1514 ecelesiae
673 1445 839 1513 fluctuanti
860 1465 933 1512 enm
954 1445 1075 1530 ingenti
1089 1446 1246 1512 exercitus
1260 1444 1458 1512 multitudine

291 1565 484 1652 properavit
518 1563 712 1649 Factumque
735 1567 798 1647 est,
826 1561 950 1629 volente
972 1561 1123 1647 Domino,
1152 1562 1236 1646 quod
1256 1561 1392 1629 Romani
1413 1562 1457 1630 bis

293 1681 334 1748 ed
356 1679 453 1749 solius
475 1679 612 1746 nominis
636 1680 702 1746 eins
725 1684 879 1745 terrorem
901 1677 1070 1762 fugierunt
1104 1677 1162 1744 illo
1185 1683 1291 1745 antem
1311 1678 1458 1746 Tusculo·

291 1817 369 1864 num
391 1797 544 1880 ingresso,
566 1814 674 1861 muros
697 1794 834 1861 civitmis
856 1795 921 1861 iam
943 1793 1084 1880 predicte
1104 1793 1259 1880 collapsos
1274 1815 1333 1881 pro
1347 1815 1459 1879 magna

291 1918 383 2001 parte
404 1932 463 2000 per
485 1911 570 1978 illins
593 1911 756 1995 auxilium,
780 1915 947 1995 antequem
964 1910 1138 1994 decederet,
1161 1910 1292 1977 fecimus
1307 1912 1457 1999 reparari

292 2028 434 2096 Tandem
456 2026 612 2095 Dominus
635 2028 782 2094 misertus
804 2026 916 2113 ipsius,
942 2032 979 2092 nt
1000 2025 1168 2095 salubriter
1189 2025 1337 2113 impleret
1357 2029 1392 2094 in
1413 2047 1458 2112 eo,

293 2146 377 2232 quod
399 2144 529 2229 legitur:
552 2144 616 2210 Ubi
636 2157 665 2210 te
685 2146 843 2224 inomao,
867 2143 914 2208 idi
934 2155 963 2208 ce
984 2143 1142 2224 iudicabo,
1165 2141 1262 2209 febris
1285 2163 1358 2210 eum
1381 2143 1458 2228 egri·

293 2261 401 2328 tudine
428 2259 614 2344 flagellavit,
643 2259 734 2325 iuxta
762 2257 845 2344 quod
867 2258 1020 2344 scriptum
1043 2263 1109 2325 est:
1141 2259 1240 2342 Quem
1261 2259 1370 2347 dilipa't
1390 2261 1457 2328 Do-

293 2381 413 2458 nrioca,
444 2379 595 2463 comtpitr
614 2376 760 2463 stapellat
790 2387 893 2442 comm
921 2397 1041 2452 omnem
1055 2376 1177 2460 fliam,
1209 2397 1301 2462 quero
1320 2371 1456 2466 reoiptt⁸.

293 2492 383 2560 Unde
410 2492 496 2558 idem
524 2491 777 2578 archiepiscopus
799 2491 833 2556 in
856 2511 930 2557 vera
953 2490 1147 2558 confessione
1169 2496 1202 2558 et
1223 2491 1324 2558 multe
1346 2494 1458 2561 contri·

293 2610 379 2676 tione
401 2607 515 2691 cordis,
538 2608 669 2674 servicio
693 2606 777 2674 beati
797 2605 884 2676 Petri
906 2612 938 2674 et
951 2607 1111 2674 Romanae
1132 2607 1282 2676 eeclesiae
1304 2613 1391 2676 totus
1413 2611 1459 2677 in-

293 2724 441 2808 tendem,
477 2729 640 2810 assumpta
673 2741 764 2789 cruce
798 2729 830 2790 et
863 2724 1030 2808 resignatis
1059 2724 1265 2809 dignitatibus
1293 2726 1458 2810 universis,

294 2846 403 2908 octavo
432 2839 589 2908 Kalendas
618 2837 813 2925 Septembris
847 2839 931 2906 diem
961 2839 1074 2906 elausit
1106 2846 1291 2907 extremum
1382 2841 1460 2920 Quia

295 2961 401 3024 autem
428 2955 561 3022 multum
590 2961 734 3022 tenemur
763 2955 802 3022 de
828 2954 914 3022 illius
940 2955 1041 3023 salute
1064 2976 1132 3023 esse
1154 2955 1296 3041 solliciti,
1325 2957 1380 3044 qui
1402 2977 1458 3046 pro

295 3073 424 3140 servitio
447 3071 634 3138 universalis
657 3071 806 3138 ecclesiae
829 3071 994 3138 morinen
1016 3073 1184 3157 recusavit,
1207 3078 1240 3140 et
1261 3094 1301 3140 ex
1315 3071 1379 3141 line
1393 3075 1458 3141 eius

295 3209 442 3273 mamam
464 3189 622 3276 possimus
645 3188 684 3255 de
706 3186 844 3254 remedio
867 3187 1011 3254 fiduciam
1037 3187 1187 3272 obtinere,
1209 3208 1374 3256 monemus
1391 3191 1458 3256 uni·

295 3307 480 3374 versitatem
506 3310 659 3389 vestram,
689 3303 853 3371 hortamur
879 3305 913 3370 in
935 3285 1072 3370 Domino
1101 3308 1134 3371 et
1154 3303 1355 3372 mandamus:
1384 3325 1458 3392 qua-

295 3427 386 3489 tenus
417 3421 549 3488 eundem
578 3419 862 3507 archiepiscopum,
891 3419 1074 3486 memoriam
1103 3419 1170 3486 eius
1197 3421 1231 3486 in
1254 3422 1367 3490 vestris
1390 3443 1458 3489 ora·

294 3537 433 3606 tionibus
455 3535 615 3620 facientes,
638 3535 750 3603 vestris
774 3535 858 3623 apud
879 3535 1051 3602 Dominum
1073 3535 1348 3606 intercessionibus
1372 3538 1458 3606 adiu·

294 3655 386 3740 vetis,
409 3658 441 3720 et
462 3645 501 3720 in‘
520 3652 663 3719 omnibns
687 3649 944 3718 conventualibus
967 3651 1106 3719 eeclesiis
1129 3653 1332 3720 tisanarium
1349 3674 1406 3742 pro
1422 3673 1457 3721 eo

295 3777 327 3839 et
350 3769 600 3838 anniversarium
621 3767 760 3850 faciatis3
783 3773 819 3834 ut
841 3768 990 3853 maculas,
1014 3789 1093 3854 quae
1115 3767 1164 3835 illi
1180 3769 1219 3837 de
1234 3770 1367 3837 temesis
1385 3789 1456 3836 con·

294 3887 387 3972 tagiis
414 3886 639 3968 adhaeserunt,
670 3885 777 3951 divina
799 3883 966 3951 elementia
986 3884 1148 3970 indulgeat
1170 3891 1202 3953 et
1224 3886 1398 3971 abstergat,
1426 3890 1458 3952 et

294 4023 350 4070 vos
372 4001 411 4068 de
434 4020 528 4088 opere
550 4001 677 4087 pietatis
700 3998 881 4066 indeficiens
903 4001 1088 4068 mereamini
1111 4001 1281 4069 aDomino
1301 4003 1455 4090 premium

295 4118 444 4186 obtinere
479 4116 599 4183 Datum
622 4115 749 4200 Signiae
770 4117 792 4182 4
814 4115 894 4184 Non.
919 4114 1122 4204 Septembris.

366 4251 391 4305 1.
415 4247 529 4318 Philipp.
543 4249 568 4318 2,
581 4249 607 4303 8.
697 4249 722 4303 2.
746 4247 918 4324 ltom.6,19.
1007 4249 1033 4304 3.
1056 4246 1140 4304 Hebr.
1154 4249 1196 4319 12,
1208 4250 1234 4305 6.
