3110 4844
459 287 644 336 amaronan
666 287 893 338 noenurnma
917 289 946 336 re
1220 271 1284 340 349

121 440 165 493 eat
187 427 313 513 ligandi
333 439 426 516 atque
447 429 597 512 aelami,
621 434 817 518 mnetpetur
839 445 867 498 et
887 406 924 496 ti
945 432 997 497 dte
1019 433 1158 497 omnium
1167 433 1283 518 prodi·
1302 437 1355 494 955

119 555 201 622 tore,
231 545 346 610 eladio&
372 547 458 627 ἀίω,
489 549 563 612 iude
589 549 703 613 reddat
728 550 891 612 rationem.
926 545 1006 612 Tum
1035 546 1119 632 quod
1139 546 1285 614 monaehi

119 655 436 744 Magadaeburgeneia
465 661 607 729 eoenohii
635 661 741 730 eodem
772 662 936 748 privilegio
959 683 978 728 e
1000 661 1088 728 vebia
1111 663 1286 748 ventrisque

119 774 369 842 antecessoribus
384 782 459 843 sunt
474 777 705 861 adminioulati3
721 783 790 844 tum
806 779 888 863 quod
904 778 1144 845 minorationem
1159 783 1285 845 nostrae

119 889 202 956 aedis
231 891 531 978 translationemque
558 893 842 962 Helbereateteneie
870 892 1020 960 aeoleeiae
1045 915 1096 961 me
1123 894 1195 960 vivo
1221 914 1285 961 nou

118 1007 322 1074 consentiam.

208 1121 370 1209 Siquidem
400 1121 487 1210 quia¹
515 1145 534 1192 a
561 1125 649 1192 falsie
677 1125 840 1213 prophetia
869 1161 911 1174 -
933 1125 1065 1194 Romam
1095 1126 1223 1192 veniens
1250 1126 1284 1191 in

118 1240 315 1306 vestimentis
339 1241 461 1325 ovium,
490 1241 678 1310 intrinaeeue
702 1248 806 1309 autem
829 1263 930 1330 rapax
952 1238 1074 1329 lnpue’,
1098 1263 1175 1308 euro
1198 1261 1285 1325 gem·

117 1355 241 1441 miaque
263 1355 393 1423 fareitua
417 1393 458 1404 -
481 1357 555 1424 inde
577 1359 711 1444 rediens,
734 1360 885 1427 laetatur:
910 1379 944 1426 ae
966 1359 1051 1425 domi
1073 1357 1156 1424 ferre
1178 1359 1284 1424 neseio

118 1471 207 1538 ouius
235 1492 365 1540 munere
393 1478 440 1540 tot
468 1473 583 1561 pallia,
613 1481 690 1560 quot
711 1475 803 1560 velit,
833 1482 939 1563 empta
961 1480 1104 1542 eentum·
1126 1472 1217 1541 lihrio
1245 1511 1280 1522 -

118 1587 201 1673 quod
224 1588 376 1655 absonum
399 1589 478 1656 mihi
502 1611 521 1656 a
543 1596 648 1657 vestm
671 1591 843 1678 apostoliea
865 1593 1030 1658 maiestate
1045 1609 1139 1677 pesae
1154 1587 1222 1656 ieri
1238 1590 1284 1655 vi·

117 1703 267 1770 detur-
283 1705 387 1772 terena
403 1706 590 1792 apostolieae
607 1707 786 1793 aepistolae,
810 1691 975 1774 hebentes:
1001 1705 1172 1792 apostoliea
1186 1705 1284 1772 maie·

117 1825 200 1886 atate
220 1819 343 1888 lioitnm
365 1822 432 1888 tore
453 1823 531 1907 regi,
555 1823 715 1909 epiaoopia
735 1824 782 1890 ita
803 1823 958 1908 ordinare,
982 1843 1043 1908 quo
1066 1821 1127 1890 sibi
1149 1821 1282 1907 plaeoat.

116 1933 305 2021 Memmio,
329 1957 392 2004 non
414 1937 447 2004 id
469 1938 617 2005 idoneum
639 1939 746 2021 rehar3
772 1959 822 2006 me
845 1939 930 2023 dieo,
954 1938 1008 2024 qui
1029 1937 1129 2024 prius,
1154 1936 1284 2004 Germa-

116 2053 191 2119 niae
205 2051 388 2139 Galliaeque
412 2053 491 2120 alter
512 2055 602 2121 iuxta
624 2055 884 2122 ohrietianitatem
908 2077 928 2122 a
950 2054 1050 2138 vobis,
1073 2055 1101 2119 ei
1125 2054 1200 2140 quid
1215 2073 1284 2120 aor-

116 2167 241 2252 rigendi
270 2175 367 2255 earet,
397 2169 553 2255 corrigere
580 2171 758 2256 debuerim,
787 2191 844 2256 ego
873 2193 893 2238 a
922 2171 1046 2240 nemine
1069 2170 1131 2237 nini
1154 2190 1174 2237 a
1195 2170 1283 2237 vobin

115 2285 248 2371 paleari.

206 2401 296 2469 Hane
323 2402 441 2490 quippe
462 2409 589 2470 nostrae
613 2403 782 2470 aeoeleeiee
804 2403 934 2491 prodam
959 2402 986 2470 ei
1007 2402 1053 2470 ita
1073 2401 1208 2470 stabiliri
1228 2423 1285 2470 roe

116 2516 229 2603 libeat,
258 2517 346 2605 priua
376 2519 542 2586 mittentur
570 2519 741 2606 aepistolae
764 2519 878 2586 domno
902 2525 1009 2588 nostro
1033 2520 1117 2603 regi,
1145 2519 1285 2605 mihique

114 2634 216 2700 ventri
243 2635 459 2701 mieerieordia
480 2641 585 2703 vestro
608 2636 741 2720 vicario,
769 2629 988 2720 Brunonique'
1010 2640 1138 2702 sanotae
1161 2635 1285 2702 Coloni·

116 2750 203 2816 ensis
226 2750 377 2818 aeoleaiae
400 2751 650 2838 archiepiscopo,
680 2757 869 2838 sanctaeque
892 2752 1092 2820 Treveroneis
1117 2749 1285 2818 aeeoleoiae

114 2864 296 2933 Rnodharto
320 2867 571 2954 arehiepieoopo:
595 2867 663 2935 loeo
686 2889 748 2954 qno
770 2869 859 2936 vobio
882 2867 1007 2955 plaeeat
1027 2903 1069 2914 -
1088 2868 1167 2934 mihi
1189 2867 1285 2934 euria-

115 2981 233 3048 aimum
256 2979 435 3067 Mogontiae
457 3019 500 3030 -
524 2983 690 3051 eoueilinm
718 2989 897 3050 aanotorum
925 2983 1060 3050 fratrum
1088 2989 1283 3068 aggregetur.

114 3095 224 3164 Primo
253 3098 331 3165 inibi
352 3099 392 3165 de
415 3103 500 3166 statu
522 3103 650 3166 sanetae
673 3099 839 3185 eaeleaiao,
868 3100 907 3167 de
931 3101 1086 3186 episeopis
1110 3100 1284 3167 exeaeoatia

114 3219 151 3281 et
173 3234 193 3281 a
214 3213 341 3281 oedibus
370 3216 435 3282 auis
464 3216 605 3283 reieetie:
635 3216 675 3282 de
703 3235 795 3283 eaeoo
819 3215 973 3300 Heroldo,
1003 3223 1035 3283 et
1063 3216 1102 3284 de
1124 3215 1284 3302 liuthario,

113 3327 303 3398 Loodieenai
336 3331 487 3399 aeoleeiae
520 3333 669 3400 eanonioe
697 3338 730 3400 et
759 3331 902 3416 legaliter
928 3333 1120 3399 intronizato
1148 3353 1286 3419 moxque

114 3465 206 3513 more
229 3446 327 3514 villiei
349 3448 417 3514 eine
440 3467 536 3515 eausa
558 3449 666 3534 eieoto,
690 3450 884 3534 eaeterisque
905 3447 989 3516 loliis
1004 3449 1142 3516 tritioum
1159 3453 1286 3517 sanotae

114 3562 269 3630 aeoleeiae
293 3562 516 3632 suffocantibus
540 3584 635 3632 oauaa
658 3571 776 3651 agetur.
816 3563 901 3650 Post,
925 3585 981 3631 voa
1005 3565 1124 3649 adiens,
1147 3571 1285 3632 rosham

114 3679 282 3766 appellans
312 3680 516 3767 apostolieum
546 3680 747 3765 dignitatem,
782 3682 892 3748 mittar
921 3681 960 3748 ad
989 3687 1112 3748 exterae
1142 3682 1285 3748 nationes

112 3813 213 3862 eausa
235 3796 470 3883 predieationie,
493 3797 520 3863 ei
542 3798 659 3864 nostrie
682 3817 745 3864 non
769 3798 829 3864 aim
844 3797 1049 3865 necessarius.
1084 3797 1128 3864 Et
1141 3797 1175 3864 id
1190 3798 1284 3883 malo,

112 3931 212 3996 qnam
235 3911 343 3980 uidero
364 3913 450 3980 mala
470 3917 597 3981 nostrae
620 3913 771 3982 aeoleeiae
795 3920 827 3982 et
848 3919 1044 3997 aanotorum3
1073 3916 1122 3980 ein
1145 3913 1285 3999 alioquin

189 4121 211 4156 a.
232 4121 259 4155 .e.
276 4112 302 4157 ι’.

189 4214 214 4267 1.
238 4211 409 4269 hadamarus
427 4212 514 4269 abbae
530 4213 683 4269 Fuldenaia.
754 4215 779 4269 2.
803 4213 898 4270 hlatth.
913 4215 937 4284 7,
952 4216 1000 4270 15:
1021 4212 1184 4284 ,Attendite
1202 4228 1220 4267 a
1236 4210 1285 4267 fal-

1 4345 2 4352 ,
111 4299 155 4357 aia
173 4301 322 4372 prophetia,
341 4301 388 4372 qni
405 4303 520 4358 veniunt
537 4301 573 4357 ad
589 4317 641 4358 voa
658 4302 687 4358 in
704 4303 875 4359 vestimentis
892 4303 994 4374 ovium,
1012 4303 1174 4358 intrinaoens
1193 4305 1286 4357 autem

1 4411 2 4418 ¹
112 4397 182 4447 aaut
198 4391 256 4461 lupi
274 4393 419 4462 rapaooa“.
509 4393 534 4448 3.
559 4391 581 4446 L
