3164 4842
439 271 486 318 ux
509 269 663 318 oratoru
684 271 763 318 unul
787 272 813 319 s.
830 267 1007 319 aerumnam
1240 253 1306 320 487

138 411 214 495 quia
240 411 376 478 mundus
403 413 484 478 iam·
507 415 539 478 in
563 412 700 497 maligno
724 413 846 500 positus
870 419 918 480 est
927 409 944 496 ¹,
975 413 1051 479 adeo
1073 418 1110 479 ut
1132 414 1177 480 eis
1200 414 1306 481 uivere

137 525 287 610 inrideat,
310 527 381 594 illos
405 531 587 613 extinguere
610 531 744 613 studeat,
769 531 822 615 qui
846 530 885 596 ad
900 529 958 594 hoc
973 529 1153 615 specialiter
1168 529 1260 596 electi
1275 535 1307 597 et

137 645 294 727 segregati
315 651 389 710 aunt
406 645 444 712 de
459 646 586 728 mundo,
609 652 646 712 ut
660 647 772 712 maiori
789 647 891 712 studio
907 645 1137 712 intercederent
1151 666 1209 733 pro
1224 648 1304 734 ipso.

227 759 289 827 Sed
316 762 409 828 huius
437 763 651 847 querimoniae
679 763 854 860 interiectio
884 763 946 827 iam
976 759 1105 828 finiatur
1133 766 1164 829 et
1193 763 1234 828 ad
1260 762 1304 844 id,

137 877 220 944 unde
241 879 438 962 recessimus,
462 878 553 966 stilus
575 885 762 944 reuertatur.
797 877 873 945 Dixi
896 897 1032 962 namque
1054 879 1152 965 prius,
1177 879 1260 964 quod
1275 885 1307 945 et

135 993 251 1059 iterum
274 994 355 1077 dico,
379 995 454 1078 quia
476 995 558 1060 inter
581 1015 689 1061 omnes
712 995 845 1077 litteras,
870 1013 947 1079 quae
964 994 1002 1060 de
1018 1001 1126 1060 sancto
1140 993 1304 1060 Bonifatio

135 1107 269 1192 habetis,
293 1110 444 1195 epistolae
460 1110 545 1176 illius
563 1110 641 1175 mihi
660 1111 847 1197 praecipuae
862 1111 1053 1176 uiderentur.
1089 1109 1188 1195 Unde,
1213 1131 1306 1195 quae-

135 1243 258 1309 cunque
280 1226 354 1292 huic
376 1229 464 1312 operi
486 1228 679 1293 necessarias
702 1227 843 1293 invenire
863 1227 961 1312 potui,
984 1227 1017 1292 in
1040 1245 1137 1292 unum
1160 1227 1306 1310 colligere

136 1341 256 1424 studui3
281 1362 422 1428 sperans,
447 1341 581 1426 aliquem
606 1343 743 1408 emulum
767 1349 799 1408 et
821 1347 928 1408 tantae
946 1342 1143 1408 auctoritatis
1158 1343 1306 1427 ignarum

133 1456 283 1524 lectorem
311 1459 425 1524 exiude
454 1479 546 1545 posse
575 1457 742 1524 aedificari.
778 1458 914 1524 Proinde
937 1463 969 1525 et
991 1478 1063 1542 vos,
1091 1459 1207 1525 fratres
1230 1458 1305 1525 Ful·
1415 1507 1419 1520 ,

135 1573 262 1657 densos,
286 1575 376 1642 unice
398 1580 471 1660 peto
496 1580 590 1661 atque
614 1595 794 1640 ammoneo:
823 1585 860 1640 ut
882 1573 1007 1640 eaedem
1031 1574 1181 1661 epistolas
1203 1575 1306 1642 inteu-

133 1690 220 1756 tioue
239 1711 363 1757 summa
377 1691 505 1774 legatis3
529 1691 597 1757 Deo
613 1691 837 1777 supplicanter,
861 1696 896 1756 ut
911 1710 968 1777 per
983 1691 1050 1756 eius
1065 1709 1185 1776 preces,
1209 1710 1305 1775 aquo

134 1807 185 1872 vel
206 1827 264 1893 per
287 1827 378 1892 quem
403 1809 541 1895 scriptae
563 1813 646 1890 sunt,
672 1807 802 1892 quique,
826 1808 915 1873 utin
940 1807 985 1872 eia
1008 1807 1140 1890 legitur,
1164 1812 1306 1872 sanctam

133 1923 318 1990 eccclesiam
340 1925 373 1990 in
397 1923 567 1992 Germania
589 1925 724 2010 positam
749 1925 888 1988 maximo
910 1922 1017 1988 labore
1041 1941 1060 1988 u
1080 1923 1187 2008 pravis
1203 1942 1306 1990 sacer·

133 2039 259 2107 dotibus
283 2039 440 2125 quondam
466 2042 596 2127 cripuit,
627 2041 828 2105 nuncetiam
853 2059 872 2104 a
895 2039 1046 2104 similium
1069 2044 1226 2125 potestate
1249 2059 1305 2105 vos

132 2156 297 2240 locumque
314 2161 451 2223 vestrum
469 2157 636 2222 defendere
652 2155 808 2238 dignetur.
874 2153 962 2220 Duos
979 2161 1084 2220 autem
1100 2155 1232 2239 libellos,
1250 2154 1305 2221 ad-

131 2273 259 2338 iuvante
283 2272 429 2356 Domiuo,
453 2279 518 2338 tam
542 2273 581 2339 da
603 2273 670 2338 uita
693 2272 792 2337 sancti
809 2271 869 2336 viri
885 2291 978 2357 quam
996 2271 1034 2336 de
1050 2271 1191 2357 epistolis
1208 2291 1305 2358 supra

131 2389 225 2454 dictis
242 2390 378 2457 scribere
393 2390 509 2473 gestio;
532 2391 565 2454 in
581 2390 680 2475 priori
696 2389 823 2472 quidem
838 2407 992 2471 reserans,
1017 2389 1086 2472 quis
1102 2387 1197 2453 fuerit
1213 2387 1304 2473 quid·

132 2525 193 2590 que
221 2509 294 2571 aute
323 2511 483 2592 acceptam
506 2505 772 2587 Mogonciacensis
800 2503 969 2570 aecclesiae
997 2505 1103 2571 sedern
1132 2505 1166 2569 iu
1195 2509 1304 2570 sancta

131 2621 283 2688 aecclesia
305 2621 505 2705 laboraverit,
529 2622 561 2686 iu
586 2620 684 2686 altero
707 2641 793 2704 vero,
817 2639 897 2704 quae
913 2625 1024 2706 postea
1038 2639 1137 2704 usque
1153 2620 1193 2685 ad
1208 2619 1303 2686 finem

130 2739 214 2804 vilae
237 2759 312 2804 suae
334 2737 504 2822 gloriosum
529 2737 637 2820 egerit

558 2863 696 2906 EXPLICIT
713 2860 876 2904 PROLOGUS.

264 2971 340 3050 Quis
364 2971 434 3054 sim,
458 2971 512 3056 qui
534 2969 623 3036 vobis
646 2968 712 3035 lero
735 2985 849 3032 munus
872 2965 936 3032 tale
958 2965 1085 3050 laboris,

265 3087 327 3153 Vos
351 3089 500 3172 quoniam
524 3087 620 3167 scitis,
644 3083 752 3166 nolite,
776 3103 897 3168 precor,
921 3083 996 3148 dare
1015 3083 1139 3164 multis3

264 3203 311 3269 Ne
334 3223 470 3290 persona
491 3203 553 3268 mei
577 3201 648 3266 vilia
670 3201 767 3266 faciat
788 3219 860 3264 mea
882 3201 998 3286 sperui.

263 3319 313 3386 Sit
334 3321 436 3402 magis
459 3319 517 3384 hoo
540 3317 678 3383 studium
703 3316 801 3398 vobis,
825 3315 994 3402 deposcere
1017 3314 1188 3399 Christum,

262 3436 306 3501 Ut
328 3436 454 3502 sibimet
475 3435 593 3520 placita
617 3438 766 3500 maneant
787 3433 947 3519 presentia
968 3432 1096 3517 scripta

127 3641 278 3709 INCIPIT
306 3639 432 3708 LIBER
461 3639 518 3706 DE
547 3639 647 3704 VITA
677 3638 731 3704 ET
760 3635 1005 3703 VIRTUTIBUS
1036 3636 1066 3702 S.
1089 3635 1299 3704 BONlFATlI

392 3756 602 3824 MARTYRIS
631 3755 771 3833 ATQUE
801 3753 1039 3820 PONTIFICIS.

218 3899 296 3966 Cum
320 3921 397 3984 gena
419 3899 606 3982 Anglorum,
631 3919 738 3965 sacrae
760 3897 834 3964 fidei
855 3898 929 3981 iugo
952 3916 1009 3982 per
1032 3897 1133 3962 sancti
1154 3894 1298 3979 Gregorii

125 4037 229 4105 papae
253 4017 465 4102 apostolatum
488 4015 623 4098 subdita,
648 4015 714 4081 eius
738 4013 981 4096 suffragantibus
1004 4013 1135 4096 meritis,
1158 4013 1192 4076 iu
1208 4032 1298 4077 sano-

124 4139 229 4201 torum
259 4135 399 4199 virorum
434 4133 651 4219 procreatione
683 4151 759 4216 prae
787 4130 895 4196 multis
924 4129 1103 4195 nationibus
1132 4127 1297 4214 splendere

124 4251 281 4338 coepisset
304 4249 465 4333 multaque
488 4249 608 4314 lumina
631 4252 757 4312 sanctae
776 4245 954 4330 aecclesiae,
978 4246 1090 4332 quibus
1107 4245 1212 4311 uariae
1227 4263 1296 4310 cor·

199 4383 222 4435 l.
249 4380 429 4452 lloh.5,19.
602 4405 622 4436 e.
644 4391 689 4436 inm
706 4407 748 4436 om.
766 4409 784 4434 c.
