3024 4864
225 468 278 524 ‘151

212 541 293 589 Noul

310 301 377 370 224
559 319 586 367 s.
601 319 777 368 normann
798 319 843 366 nr
865 319 968 368 nunnr
989 317 1176 368 misnensis
1199 319 1230 367 ao

310 480 347 527 eo
369 459 494 529 laudem
504 455 522 527 ¹.
555 459 684 528 Etenim
706 460 768 527 viri
789 464 823 528 eb
843 459 992 528 mulieres
1014 479 1113 528 unum
1128 458 1301 528 Dominum
1315 457 1461 540 babemus,

309 577 419 662 quiin
441 575 537 644 oaelis
560 582 617 644 est.

396 692 458 760 Pro
488 697 593 760 summ
621 691 919 775 benedictionibus,
948 709 1027 777 quas
1054 690 1175 758 faoinnt
1196 689 1296 775 Galli,
1329 695 1366 758 ut
1390 688 1464 756 nosti

306 808 415 893 frater,
438 807 547 875 multis
570 807 656 874 uitiis
679 809 853 875 varientur.
891 805 974 872 Nam
989 823 1052 872 non
1066 826 1107 874 ex
1122 805 1295 893 apostoliea
1308 805 1466 873 traditione

306 922 367 990 boo
387 923 518 1008 faciunt,
542 923 598 990 sed
620 943 677 1011 per
699 944 814 992 uanam
837 921 970 1008 gloriam
994 926 1175 1008 operantur,
1198 920 1259 990 sibi
1274 921 1353 1008 ipsis
1366 921 1466 1007 danp-

306 1040 468 1106 nationem
491 1037 689 1122 adhibentes,
714 1039 790 1105 dum
812 1039 965 1125 seriptum
989 1043 1051 1104 est:
1076 1038 1118 1106 sa·
1138 1042 1209 1124 qais
1231 1039 1320 1104 eoba
1343 1059 1465 1124 eumue·

307 1155 451 1222 litaverit
476 1154 620 1243 wasto*
651 1157 702 1236 id,
733 1156 820 1241 qaod
847 1155 1096 1242 meletatum
1124 1167 1183 1234 eat,
1212 1155 1380 1220 mulbaum
1406 1147 1466 1218 αἶ’.

306 1267 459 1352 Regulam
486 1270 658 1337 eatbolioas
685 1269 866 1336 traditionis
894 1270 1079 1356 suscepisti,
1112 1269 1210 1336 butor
1245 1269 1467 1348 amantissima

307 1385 353 1452 sio
376 1384 520 1453 omnibus
543 1385 693 1474 praediea
715 1405 886 1472 omnesque
908 1386 1012 1470 doee‘,
1035 1386 1118 1452 siout
1139 1405 1159 1452 a
1181 1389 1290 1452 saneta
1305 1381 1468 1466 Romana‘,

307 1501 357 1567 oui
379 1499 448 1569 Deo
471 1507 597 1569 auctore
620 1502 830 1585 deservimus,
854 1500 989 1569 eeclesia
1011 1501 1169 1588 aoeepisti.

396 1615 559 1703 Inquisisti
580 1617 676 1685 etiam
699 1621 732 1684 et
757 1616 831 1684 boe:
861 1618 889 1684 si
912 1622 986 1684 ante
1006 1617 1220 1684 trioesimum·
1244 1635 1364 1682 annum
1385 1614 1470 1681 lineat

307 1732 501 1800 sacerdotem
524 1733 672 1800 ordinari.
707 1732 832 1799 Bonum
852 1736 885 1800 et
899 1752 1071 1816 congruum
1087 1737 1146 1816 est,
1169 1731 1344 1814 serissime,
1368 1729 1470 1797 silleri

307 1853 340 1914 et
360 1849 497 1915 inueniri
518 1853 640 1936 potest:
669 1853 705 1914 ut
732 1852 881 1936 proveeta
910 1849 1022 1915 aetabs
1052 1853 1084 1916 et
1111 1848 1185 1915 boni
1214 1847 1392 1915 testimonii
1417 1845 1471 1912 uiri

305 1963 398 2030 iuxta
419 1983 581 2031 saororum
603 1983 758 2031 oanonum
780 1964 927 2030 instituta
948 1963 1133 2031 ordinentur
1149 1963 1337 2031 saoerdotes.
1375 1963 1409 2030 Si
1423 1983 1471 2028 au·

306 2084 371 2146 tem
391 2080 523 2147 minime
544 2075 785 2166 repperiuntm⁸
808 2083 840 2146 et
861 2079 1033 2147 nenessitas
1048 2079 1201 2167 exposuit,
1225 2079 1376 2164 triginti
1389 2079 1472 2164 quin

306 2215 367 2280 que
390 2214 545 2262 annorum
567 2198 599 2262 et
621 2215 718 2282 snpra
738 2194 855 2263 levitae
876 2200 910 2263 et
931 2196 1109 2264 saeerdotes
1131 2191 1348 2280 ordinantnr‘,
1372 2213 1471 2281 quem·

307 2310 476 2377 admodum
497 2311 533 2377 in
554 2309 623 2395 lege
645 2310 775 2378 Domini
797 2311 998 2378 eontinetur‘.

394 2424 444 2493 De
458 2423 593 2493 lllilone⁶
616 2431 722 2494 subm
745 2435 777 2494 et
800 2427 954 2493 eiusmodi
977 2425 1144 2512 similibus,
1169 2427 1222 2512 qni
1239 2427 1406 2495 amolasiis
1419 2425 1473 2493 Dei

305 2539 480 2628 plurimum
502 2547 631 2628 noeent,
659 2547 697 2609 ut
718 2562 738 2609 a
760 2542 817 2608 tali
839 2543 960 2610 nefario
983 2562 1079 2630 opero
1099 2543 1266 2628 recedant,
1288 2543 1385 2610 iuxta
1406 2561 1473 2629 apo

305 2657 379 2724 stoli
401 2675 510 2725 vooem
533 2663 687 2745 oportune
707 2659 878 2746 inportume
899 2655 1076 2746 praediea⁸.
1112 2658 1146 2726 Si
1169 2659 1394 2744 adquieverint
1415 2677 1475 2724 am·

305 2773 531 2840 monitionibus
553 2775 632 2859 tuis,
662 2774 830 2843 salvabunt
852 2774 975 2841 animas
997 2795 1085 2857 suas,
1116 2775 1166 2841 sin
1187 2794 1278 2859 uero,
1306 2775 1376 2862 ipsi
1397 2774 1476 2863 pari·

304 2888 384 2957 bunt
407 2888 547 2957 obvoluti
568 2891 603 2956 in
625 2890 764 2976 peooatis
787 2891 870 2975 suis,
892 2895 927 2958 tn
951 2896 1071 2976 autem,
1096 2891 1151 2976 qui
1172 2895 1275 2958 raete⁸
1299 2891 1475 2978 praedium,

305 3024 369 3072 non
391 3006 504 3092 perdes
526 3005 704 3074 mercedem
727 3009 824 3072 tuam.

394 3121 478 3188 Nam
500 3126 533 3189 et
558 3121 618 3189 boo
645 3121 821 3208 inquisisti:
851 3126 925 3207 post
947 3126 1100 3206 quantum
1123 3123 1274 3209 temporis
1298 3121 1399 3190 debet
1419 3121 1477 3188 lar·

305 3235 381 3304 das*
409 3237 541 3304 oomedi.
587 3237 686 3305 Nobis
714 3257 734 3304 a
761 3237 904 3324 patribus
937 3237 1119 3304 institutum
1153 3257 1211 3324 pro
1239 3237 1301 3305 hoe
1326 3257 1397 3305 non
1425 3242 1477 3305 aab

306 3351 377 3420 Tibi
407 3357 513 3420 autem
542 3353 663 3439 petenti
690 3352 858 3420 eonsilium
886 3352 1090 3440 praebemus:
1127 3353 1211 3440 quod
1239 3372 1303 3419 non
1333 3357 1481 3442 oporteat

306 3467 389 3534 eum'
410 3467 519 3534 mandi
539 3468 725 3555 priusquam
748 3487 843 3556 snper
864 3469 951 3534 fumo
975 3469 1108 3536 sineatur
1130 3473 1186 3534 aut
1212 3469 1286 3552 igne
1307 3475 1479 3556 aequatum

306 3583 334 3650 si
355 3603 430 3650 uero
452 3583 541 3669 libat,
562 3587 599 3650 ut
619 3585 795 3652 inoootnmk
817 3584 1035 3670 manduoetur,
1058 3589 1132 3670 post
1154 3583 1336 3671 paschalem
1360 3584 1482 3654 festivi·

304 3699 415 3766 tatem¹
437 3699 498 3766 erit
519 3699 806 3768 mandnoandnm·.

378 3847 400 3879 ι.
419 3850 477 3879 mr.
492 3835 514 3879 n
530 3831 574 3879 no
589 3831 787 3880 mississemus
803 3835 879 3880 mum
895 3835 921 3881 c.
968 3833 991 3880 ι.
1012 3835 1106 3893 promer
1123 3837 1157 3886 rr.
1174 3835 1265 3894 unsar
1276 3835 1302 3882 c.
1353 3849 1376 3882 c.
1394 3823 1483 3882 ...1.

305 3912 329 3959 d
348 3911 420 3960 lione
436 3915 471 3959 M.
540 3925 561 3958 e.
580 3912 733 3960 trimestrium
749 3917 784 3960 Ι.
853 3911 870 3959 i.
890 3913 994 3960 eontinet
1009 3916 1045 3961 M.
1114 3926 1136 3972 a.
1157 3915 1233 3960 motae
1249 3915 1275 3963 C.
1348 3913 1375 3961 h.
1392 3916 1482 3961 mh

304 3991 382 4039 ludus
399 3995 426 4040 C.
503 3992 520 4038 ἰ.
540 4004 591 4038 eum
612 3993 708 4038 deletum
724 4002 757 4040 eet
773 3995 796 4039 ιἰι
813 3994 839 4040 C.
916 3991 939 4038 k.
956 4010 1013 4040 carr.
1028 3995 1052 4039 is
1067 3993 1171 4040 income
1188 3996 1215 4041 C.
1294 3992 1310 4038 l.
1325 3994 1438 4052 puthnli
1452 3993 1484 4040 le-

305 4071 406 4118 stiritate
421 4075 457 4126 Μ,
475 4088 532 4117 carr.
548 4073 570 4116 is
585 4069 717 4130 paschalem
731 4071 878 4118 festivitatem
896 4073 921 4120 c.
999 4085 1029 4119 ιιι.
1051 4090 1107 4118 corr.
1124 4075 1146 4118 iu
1162 4071 1332 4120 manducandus
1352 4075 1382 4121 C.

377 4149 401 4204 l.
425 4147 502 4205 Rom.
522 4149 564 4218 13,
577 4149 602 4203 3.
692 4149 718 4203 2.
743 4147 833 4204 Galat
852 4149 877 4217 1,
890 4149 916 4202 9.
1005 4147 1031 4204 3.
1056 4145 1108 4219 ,si
1130 4149 1243 4219 triginta
1265 4163 1407 4206 annornm
1431 4163 1485 4206 non

303 4237 521 4306 reperiuntnr-
533 4235 712 4293 ordinentnr“
732 4241 796 4292 sunt
813 4238 841 4291 in
854 4235 977 4292 Gratiani
994 4235 1068 4293 deor.
1081 4237 1138 4293 P.I
1155 4237 1190 4292 D.
1203 4239 1237 4293 78
1255 4238 1313 4293 ab.
1380 4241 1410 4296 4.
1430 4239 1485 4294 Nn·

304 4326 381 4468 ζειαὶ
389 4325 471 4483 δῦ.
546 4325 573 4382 b.
597 4325 724 4381 inumera
742 4325 875 4382 soelosim
893 4325 1036 4383 &mensis
1053 4331 1083 4383 et
1100 4326 1278 4383 lrevlrsnn's.
1354 4327 1383 4384 6.
1409 4327 1485 4385 alr-
