3024 4864
304 303 370 371 228
553 322 580 370 s.
596 322 774 370 uoumsru
795 323 840 370 ur
861 321 965 371 uuum
985 320 1173 370 semrom
1197 321 1227 368 ss

305 479 570 551 Suessetanae
596 505 686 569 papo
713 485 936 549 nwnasteriam
958 481 1116 548 Falderese
1145 505 1182 547 ea
1209 484 1355 566 metasque
1374 475 1447 543 eceb·

392 600 458 663 siae
481 612 707 685 praeterquam
731 599 895 665 Romanae
919 611 1073 686 potestate
1101 599 1208 664 eeimo't
1238 597 1375 682 boaaqae
1399 597 1449 658 aas

392 715 581 797 confirmat.
1232 709 1284 794 (W
1298 713 1351 795 88,
1371 705 1451 790 ΕΠ)

396 874 425 901 a
441 857 492 902 rod.
510 857 626 903 causat.
642 855 702 911 fiii)
711 879 735 886 —
743 857 800 902 eoa.
923 873 952 900 ιε
967 855 1003 902 ιδ.
1014 859 1080 902 Rern.
1096 864 1118 900 et
1133 872 1162 900 ιτ
1178 855 1229 900 ωδ.
1241 857 1370 900 Monaeses.
1379 852 1415 908 (01.
1424 849 1452 896 bb

205 962 255 1016 751
368 952 537 1019 Zacharias
552 973 638 1040 papa
648 952 806 1020 Bonifatio
823 952 890 1040 epi·
989 952 1158 1019 Zacharias
1197 971 1282 1037 papa
1313 941 1453 1016 Bonifatio

183 1031 284 1093 mm)
303 1088 398 1158 scopo
422 1076 454 1136 et
475 1090 533 1156 per
557 1089 629 1136 eum
650 1071 683 1134 iu
698 1070 890 1136 monasterio
923 1069 1070 1156 episcopo
1094 1075 1127 1135 et
1147 1087 1206 1154 per
1228 1087 1300 1133 eum
1317 1067 1454 1132 inmem-

302 1183 342 1251 ab
372 1205 408 1252 eo
436 1191 615 1252 constructo
642 1186 812 1252 successim
836 1185 890 1253 ab·
922 1185 1018 1251 sterio
1042 1183 1081 1250 ab
1106 1205 1142 1251 eo
1165 1188 1343 1250 constructo
1358 1186 1455 1248 etsuc·

302 1300 427 1368 batibus
449 1301 484 1368 in
506 1305 705 1388 perpetuum.
922 1319 1000 1367 cess.
1018 1299 1183 1367 abbatibus
1198 1299 1433 1387 inperpetuum.

368 1411 542 1495 Qucuiam¹
563 1437 689 1505 semper
716 1422 791 1483 sunt
816 1437 889 1484 cou—
988 1411 1160 1495 Quoniam¹
1176 1435 1300 1503 semper
1315 1420 1456 1480 antur

301 1532 451 1616 cedenda,
467 1553 547 1618 quae
561 1531 802 1600 rationabilibus
816 1551 890 1599 cou-
922 1532 1077 1617 cedenda,
1118 1551 1198 1618 quae
1236 1527 1458 1599 rationabilibus

301 1654 418 1731 gruunt
433 1649 608 1733 desideriis,
632 1655 766 1736 oportet,
785 1654 821 1714 ut
836 1649 890 1714 de-
922 1654 1098 1732 congruunt
1127 1647 1307 1732 desideriis,
1343 1645 1459 1733 oportet,

301 1765 421 1830 vctioui
444 1765 615 1832 conditoris
638 1765 711 1852 piae
729 1770 890 1831 construc-
921 1770 958 1830 ut
981 1765 1104 1831 devotio
1128 1765 1299 1831 conditoris
1315 1763 1386 1851 piac
1400 1779 1459 1827 cou-

301 1880 397 1947 tiouis
437 1882 608 1948 auctoritas
646 1883 679 1948 iu
713 1880 889 1967 privilegiis
922 1880 1103 1946 structionis
1119 1879 1289 1948 oraculoin
1302 1873 1460 1967 privilegiis

301 1997 481 2084 prestandis
532 1998 663 2063 minime
708 1997 888 2080 denegetur.
921 1996 1123 2082 praestandis
1145 1995 1277 2063 minime
1295 1995 1461 2078 denegetur.

301 2111 401 2196 Igitur
435 2113 510 2197 quia
542 2111 710 2199 postulasti
741 2133 761 2177 a
787 2110 889 2195 nobis,
921 2112 1022 2196 Igitur
1045 2113 1120 2196 quia
1141 2111 1312 2198 postulasti
1336 2107 1462 2190 anobis,

302 2234 456 2313 quatenus
473 2228 700 2294 monasterium
716 2226 889 2294 Salvatoris
923 2234 1077 2314 quatenus
1110 2228 1341 2294 monasterium
1369 2223 1464 2292 Salsa·

303 2349 370 2411 ete
385 2349 601 2411 consumatum
614 2344 649 2409 iu
663 2343 742 2428 loeo,
767 2344 820 2429 qui
835 2365 890 2410 vo·
922 2343 1000 2409 toris
1027 2364 1047 2411 a
1068 2350 1100 2411 te
1123 2350 1355 2429 combustum,
1383 2342 1465 2408 situm

302 2465 392 2527 catur
406 2459 555 2544 Bocouie,
579 2479 654 2543 erga
667 2460 772 2546 ripam
786 2457 889 2526 flumi-
921 2461 955 2526 in
971 2459 1050 2545 loco,
1075 2460 1129 2546 qui
1143 2465 1273 2526 vocatur
1287 2453 1465 2536 Boabcnia',

301 2575 352 2642 uis
367 2575 514 2662 Vultaba,
537 2575 697 2664 privilegii
715 2576 798 2642 sedis
815 2597 890 2662 apc—
923 2597 998 2660 erga
1032 2577 1136 2663 ripam
1169 2575 1334 2644 duminis⁶
1366 2569 1466 2653 Fulda,

303 2692 433 2759 stolicae
455 2691 563 2758 infulis
582 2693 756 2775 decoretur,
781 2697 817 2757 ut
832 2691 889 2758 sub
922 2691 1081 2778 privilegii
1104 2691 1187 2759 sedis
1215 2691 1407 2780 apostolicae
1427 2689 1467 2754 iu·

301 2807 504 2876 iurisdieione
528 2812 656 2874 sanctae
677 2811 815 2891 nostrae,
839 2807 890 2874 cui
922 2807 997 2874 tulis
1027 2808 1208 2892 decoretur,
1238 2813 1274 2875 ut
1303 2807 1363 2875 sub
1385 2803 1468 2872 imis-

303 2921 370 2990 Deo
404 2930 531 2991 auctore
565 2923 774 3006 deservimus,
810 2921 890 2989 ecle-
924 2923 1060 2990 dictione
1095 2929 1223 2991 sanctae
1251 2930 1395 3008 uestrae,
1426 2917 1468 2986 cui

303 3039 369 3106 siae
390 3041 605 3123 constitutum,
627 3037 745 3104 nullius
762 3037 890 3105 alterius
923 3037 990 3105 Deo
1007 3043 1134 3106 auctore
1150 3039 1360 3124 deservimus,
1383 3033 1470 3105 eccls-

303 3154 435 3221 eclesiae
468 3153 723 3222 iurisdiciouibus
759 3153 890 3220 submit-
923 3153 989 3222 siae
1012 3156 1235 3240 coustitutum,
1258 3155 1380 3222 nullius
1402 3151 1471 3219 alte·

302 3386 461 3471 ferentes,
490 3386 550 3452 bac
571 3391 681 3452 nostra
703 3385 890 3452 auctoritate
923 3386 1143 3470 submittatur3
1172 3407 1232 3474 pro
1261 3406 1326 3472 qua
1355 3405 1390 3453 re
1418 3381 1473 3471 piis

302 3501 346 3586 id,
360 3502 442 3588 quod
457 3502 648 3588 exposcitur,
664 3499 890 3566 effectuimau-
923 3501 1087 3569 desideriis
1110 3503 1264 3588 faventes,
1287 3503 1350 3569 bac
1372 3505 1475 3568 nasus

303 3617 455 3705 cipamus.
490 3616 534 3683 Et
556 3615 626 3683 ideo
642 3635 768 3682 omnem
786 3616 890 3684 cuius-
924 3619 1112 3688 auctoritate
1126 3620 1169 3705 id,
1187 3619 1272 3708 quod
1286 3618 1475 3706 exposcitur,

376 3835 397 3868 ι
417 3821 488 3868 Huius
505 3821 598 3867 tabulae
613 3823 717 3878 exempla
734 3821 779 3866 duc
795 3822 884 3868 tradita
900 3831 959 3868 earu.
982 3823 1082 3868 Alterum
1098 3823 1181 3886 legitur
1196 3825 1219 3868 in
1234 3821 1285 3869 carl.
1298 3823 1389 3870 θωὴν.
1398 3822 1440 3879 sni.
1450 3819 1477 3865 4⁰

307 3901 388 3948 -4012
405 3919 454 3947 cam
471 3903 573 3947 lemmate
589 3901 644 3946 boc:
666 3899 769 3960 Epistola
785 3899 906 3947 chhnriw
923 3899 953 3947 td
968 3899 1119 3958 Bonifatium
1141 3903 1234 3950 atratus
1250 3905 1351 3963 &templi
1367 3907 1407 3952 (cx
1419 3915 1478 3956 „ns-

304 3981 374 4028 corifi
389 3983 447 4028 editt
460 3983 482 4027 in
499 3981 653 4039 Epistularum
671 3981 817 4027 decretalium
833 3997 967 4026 summorum
980 3985 1121 4040 panificum,
1138 3985 1226 4028 Ranae
1237 3981 1306 4038 1591,
1323 3985 1348 4028 T.
1357 3983 1416 4040 1112.
1424 3979 1477 4028 6⁹8}

302 4064 453 4123 fragmentum
470 4060 562 4105 totana
577 4061 599 4104 in
616 4058 668 4104 cad.
686 4061 840 4114 Monacensis,
858 4059 973 4120 quondam
989 4064 1133 4123 erogarent,
1149 4061 1192 4116 sol.
1202 4061 1246 4116 tt,-
1266 4061 1306 4106 uds'
1319 4063 1404 4112 falb!
1418 4075 1479 4118 prae

304 4141 501 4187 redonensium
517 4148 557 4184 art.
581 4139 634 4186 Vid.
649 4139 729 4197 pm
746 4157 766 4184 n.
778 4151 799 4185 n.
877 4137 900 4184 b.
920 4137 1035 4186 Bethania
1050 4144 1079 4186 R.
1158 4153 1177 4186 c.
1198 4153 1245 4200 qun
1261 4141 1318 4188 αδδ.
1333 4143 1366 4188 R.

375 4244 400 4297 l.
425 4242 577 4312 Utrumque
599 4239 711 4297 tabulae
735 4240 816 4297 buius
840 4243 978 4312 exemplar
1002 4243 1097 4299 nititur
1115 4244 1144 4300 iu
1161 4241 1279 4300 formula
1296 4243 1376 4300 Inbri
1394 4242 1480 4298 diurni

303 4332 487 4389 Romanorum
511 4328 671 4401 pontificum
695 4329 738 4386 ed.
758 4329 905 4387 Gameriua
928 4347 956 4401 p.
974 4333 1039 4388 118:
1064 4331 1219 4404 ,Quoniam
1239 4347 1350 4404 semper
1368 4336 1436 4390 suut
1450 4359 1482 4372 -

303 4421 422 4478 exuare
438 4417 618 4478 temerator“.
