3176 4846
328 327 410 376 vrrs
433 327 587 376 sarcum
609 325 869 376 aaomnsrscoer
891 327 1087 376 uoonnrnu
1223 311 1288 378 663

122 466 196 536 dam
223 467 336 536 famem
363 489 458 554 quarn
486 468 603 536 bonum
625 469 786 552 ingenium
809 473 969 553 gerentes,
998 487 1106 536 omnes
1130 468 1168 535 do
1191 469 1289 554 curie,
1317 477 1387 532 ileo

121 602 180 670 pro
201 603 289 669 pace,
312 602 370 670 pro
391 585 494 668 gratia
509 590 545 651 ut
559 585 620 653 sibi
635 586 720 652 circa
734 585 884 652 domnum
899 584 1168 671 archiepiscopum
1185 591 1290 652 essent
1305 549 1354 597 Μ
1365 551 1395 598 ⁹⁸

122 699 262 785 propitii,
286 698 515 784 efflagitabant3
538 701 716 768 iuramenta
738 701 875 788 periura,
899 704 975 785 quot
997 705 1029 766 et
1052 699 1158 785 qualia
1180 701 1288 785 velles,

123 819 154 880 ot
168 813 252 882 ultro
267 816 427 900 gratisque
444 818 566 884 fervore
581 817 737 884 mendacii
752 817 945 884 exhibentes.
975 815 1097 883 iurares
1114 816 1259 903 equidem
1266 827 1287 902 ⁶,

122 929 205 1014 quod
227 931 307 998 nulli
329 932 503 1000 viventium
524 934 570 1000 sic
591 953 712 1020 pacem,
736 934 782 1000 sic
804 938 836 1000 et
858 937 946 1000 tanto
969 932 1080 999 ardore
1103 934 1238 1016 gratiam
1256 939 1289 1001 et

122 1045 235 1114 bonam
259 1047 453 1114 voluntatem
475 1048 607 1116 alicuius
629 1055 759 1136 possent
781 1048 944 1134 amplecti,
975 1049 1056 1114 sicut
1077 1049 1131 1113 isti
1153 1049 1288 1131 gratiam

122 1161 229 1228 domni
258 1163 416 1248 pontilicis
444 1164 647 1250 cupidissime
669 1165 854 1232 videbantur
877 1169 1036 1250 exoptare.
1073 1163 1162 1230 Unde
1184 1170 1289 1248 grates

122 1277 162 1344 ab
188 1280 333 1346 omnibns
357 1279 540 1348 dicebantur
562 1281 716 1348 altissimo
739 1280 822 1364 Deo,
853 1280 1021 1366 quodiam
1045 1300 1108 1366 pax
1132 1279 1290 1348 videretur

122 1412 191 1460 esse
213 1395 337 1462 reddita
359 1396 461 1462 terris.

210 1509 259 1578 Ea
280 1507 495 1598 tempestate,
519 1511 607 1594 (cnm
622 1510 749 1592 ludam)
772 1511 932 1579 dominum
949 1517 981 1577 et
994 1513 1180 1595 magistrum
1197 1533 1288 1580 snum

121 1625 238 1692 furoris
267 1631 299 1694 et
326 1627 513 1713 proditionis
542 1629 649 1715 precio
677 1627 901 1711 venumdaret,
935 1627 1017 1693 sicut
1045 1628 1174 1711 dicitur,
1209 1629 1289 1695 alter

121 1741 225 1826 ludes,
249 1743 477 1828 primogenitus
500 1744 646 1828 sathane,
670 1742 798 1829 quidam
822 1743 874 1829 qui
897 1741 955 1810 sub
978 1743 1054 1810 ovili
1076 1749 1163 1810 veste
1185 1750 1218 1812 et
1238 1763 1289 1811 re-

121 1857 247 1942 ligionis
269 1857 379 1926 habitu
402 1859 579 1926 dirissimus
601 1861 695 1947 lupus
718 1879 776 1946 per
796 1864 958 1926 tonsuram
975 1857 1042 1925 Deo
1066 1859 1287 1944 mentiebatur,

120 1976 218 2042 totius
241 1975 395 2042 discordie
420 1975 550 2062 abipso
573 1980 663 2062 cepto
686 1975 838 2058 incentor,
861 1975 987 2060 iniquus
1010 1981 1120 2042 auctor
1133 1976 1288 2044 mendacii
1338 2029 1342 2036 .

122 2097 154 2159 et
180 2096 274 2158 natas
302 2111 341 2158 ex
368 2090 455 2178 ipso,
484 2089 624 2156 eiusdem
652 2091 754 2156 sancti
776 2089 880 2157 lacobi
902 2092 1025 2158 cenobii
1048 2087 1164 2160 abbas'
1188 2089 1286 2158 affuit

121 2206 214 2274 Hunc
241 2212 346 2274 subm
369 2207 502 2273 domnus
525 2206 710 2292 episcopus·
734 2207 846 2273 ceteris
870 2205 941 2272 aliis
963 2204 1156 2290 Maguntinis
1179 2207 1288 2294 prins⁴

45 2365 47 2368 -
121 2324 155 2390 in
177 2324 313 2408 gratiam
335 2327 512 2409 receperat3
536 2325 577 2405 et,
601 2327 637 2387 ut
658 2321 778 2388 malum
799 2322 833 2388 in
856 2321 937 2390 bono
959 2321 1067 2388 solito·
1083 2318 1288 2409 devinceret⁸,

120 2459 179 2528 per
200 2438 270 2508 loca
292 2439 341 2506 sui
364 2439 563 2525 episcopatus
585 2455 691 2504 secum
713 2438 777 2504 iam
801 2445 836 2504 ut
856 2436 952 2506 fidum
970 2439 1105 2506 amicum
1122 2439 1288 2526 deducens,

121 2575 195 2624 enm
217 2557 251 2622 in
272 2554 419 2642 plurimis
441 2551 625 2621 honorarat‘
648 2557 689 2637 et,
712 2559 748 2620 nt
770 2553 887 2621 bonum
911 2555 1045 2622 amicum
1066 2555 1105 2621 de
1122 2557 1289 2623 inimicitia

121 2677 279 2754 creatum,
310 2669 351 2738 ed
378 2669 510 2738 consilia
537 2675 713 2738 secrctesve
735 2671 785 2736 sui
807 2671 910 2738 cordis
925 2671 1188 2756 deliberationes,
1212 2692 1289 2757 quo-

120 2789 207 2856 mam
230 2787 353 2854 vultum
374 2785 535 2871 religionis
558 2785 704 2854 indueret
725 2786 964 2871 sanctitatisque
985 2786 1138 2871 indolem,
1161 2789 1289 2854 incunc-

122 2909 228 2971 tenter
251 2903 429 2972 admiserat

210 3019 271 3088 Hic
290 3021 408 3105 itaque,
431 3017 626 3102 solempnem
648 3015 868 3103 excelsumque
890 3017 1049 3085 diabolum
1064 3019 1099 3084 in
1113 3017 1288 3086 intentione

121 3135 333 3224 perbaiulous‚
357 3135 464 3202 accitis
486 3132 609 3200 nunciis
632 3137 664 3200 et
686 3133 865 3200 domesticis
879 3135 945 3200 suis
960 3135 1068 3222 impiis
1083 3133 1287 3219 Magantinis,

122 3251 261 3337 efferata,
284 3257 320 3318 ut
337 3251 462 3335 dicitur,
485 3249 670 3317 cmdelitcte
685 3249 951 3336 interpretabatur
966 3251 1089 3318 dicens:
1115 3251 1202 3333 Quid
1216 3265 1288 3319 ton·

120 3383 226 3458 tepere
258 3371 297 3436 de
324 3369 483 3436 obsidibus
512 3381 541 3434 et
567 3371 767 3434 conventione
793 3369 992 3434 commisi?
1026 3367 1113 3450 Quid
1139 3381 1204 3434 tom
1232 3370 1289 3434 da‘c

118 3487 284 3574 protelatio
305 3486 531 3571 satisfactionis
554 3485 719 3552 emnildam
741 3483 859 3550 omes?
880 3484 962 3550 Ecce
983 3487 1116 3551 victorae
1138 3488 1173 3551 ia
1190 3507 1289 3551 omna

120 3615 224 3670 costra
251 3615 310 3683 eet,
339 3605 370 3668 sa'
390 3601 528 3670 domim
557 3623 620 3666 ease
647 3601 759 3666 oelitr'e.
794 3600 876 3665 Ecce
903 3613 1023 3686 tempas
1030 3647 1040 3682 ‚
1069 3601 1176 3668 multra
1204 3615 1288 3670 retro

121 3721 229 3786 diebus
259 3731 416 3806 optaturus,
441 3730 549 3805 prosto
573 3729 625 3784 est
668 3717 818 3782 Tradidit
839 3719 922 3781 caim
943 3717 1032 3782 Deae
1053 3719 1217 3783 inimicam
1237 3739 1288 3784 oe·

120 3848 221 3902 seam
243 3847 272 3900 ct
297 3835 416 3900 bostem
441 3834 620 3914 moseten,
650 3837 708 3920 qai
724 3833 814 3916 filios
842 3845 958 3898 ceobos
981 3836 1123 3900 emirati
1143 3835 1288 3900 addam

121 3964 151 4018 ct
170 3963 292 4038 peremne
320 3963 348 4016 et
375 3950 476 4016 locam
497 3951 644 4017 demtos·
664 3962 694 4016 et
714 3972 769 4015 coe
787 3950 899 4036 panta
922 3949 1060 4016 chone
1078 3953 1211 4035 pacare
1233 3973 1287 4015 ca·

193 4095 214 4129 ι.
236 4082 366 4144 etquidem
383 4085 404 4132 1.
481 4082 505 4130 b.
526 4095 577 4130 cnm
593 4081 660 4128 Indu
676 4082 814 4130 semmam
830 4081 949 4130 efflabatur
961 4099 1005 4142 pro
1021 4083 1061 4142 qui
1076 4084 1098 4138 1,
1116 4083 1137 4128 2.
1214 4095 1235 4130 t.
1253 4099 1288 4130 se·

121 4165 196 4225 quitur
219 4175 269 4210 enm
290 4164 423 4220 ss10123
448 4179 515 4224 quan
535 4177 611 4208 cocum
630 4163 720 4209 rutuli.
842 4161 865 4210 d.
885 4161 949 4222 prius
969 4164 1053 4222 «ιη’ριι·
1064 4179 1107 4220 pro
1122 4161 1209 4222 primns
1226 4163 1248 4220 1,
1264 4163 1286 4209 2.

121 4255 142 4291 e.
163 4242 275 4290 solidet
353 4243 369 4290 l.
389 4241 486 4290 honorat
502 4244 524 4288 1.

194 4339 219 4394 1.
237 4341 377 4393 nocturna.
431 4337 457 4392 2.
476 4333 649 4393 Godelridns.
675 4335 709 4393 V.
722 4350 807 4407 supra
823 4351 851 4406 p.
864 4337 916 4392 629
933 4351 961 4392 n.
972 4335 999 4392 3.
1053 4335 1079 4392 3.
1097 4335 1175 4393 Rom.
1187 4338 1229 4409 la,
1238 4337 1287 4392 21:

123 4425 195 4498 ,sed
213 4427 293 4482 vince
311 4425 430 4483 inbono
448 4423 582 4483 malum“.
