3164 4842
406 333 455 382 ux
477 333 631 382 omraoru
653 335 732 382 vrri
754 334 782 382 a
798 333 974 382 uoumnru
1207 317 1274 384 493

106 473 264 542 tuomum
286 475 498 562 spiritualium
522 475 562 542 arl
582 496 690 544 omnen
710 475 863 563 pervenit,
886 475 1065 564 aplurimia
1080 476 1274 544 emulantur

106 590 182 658 viris
219 590 404 659 dicebatur:
440 592 599 676 Quoniam
630 616 691 680 pro
716 594 901 680 srupilitoto
928 607 1039 660 aoatro
1066 619 1088 659 o
1116 597 1269 660 ommi

105 709 218 774 mundi
238 709 359 775 attrito
377 713 505 798 pentina
527 733 585 776 aoa
608 713 965 797 contaminavimus,
993 710 1099 778 aulam
1121 711 1171 776 ool
1192 711 1272 776 alioo

107 827 294 892 meamea
322 828 365 891 ad
390 829 550 892 territum
572 827 638 892 Dei
659 840 899 914 oonprepaotoa
926 827 999 892 illoe
1020 830 1136 892 moero
1159 849 1271 913 eorpo-

105 941 226 1006 rala'bua
254 943 403 1008 abactio
421 965 608 1030 partemue,
638 955 674 1008 ut
695 957 724 1009 et
745 945 812 1030 ἱροί
833 943 1027 1008 orationibus
1049 946 1114 1007 aare
1137 943 1273 1029 alteque

104 1058 323 1143 motu
350 1062 463 1125 moditia
491 1082 548 1126 ooo
576 1072 726 1146 pateant,
756 1081 796 1124 aa
818 1081 996 1146 pereamaa.
1035 1057 1126 1124 Nune
1155 1065 1271 1141 autem,

105 1191 176 1238 oum
199 1174 338 1240 omnium
362 1176 515 1241 virtutum
538 1175 670 1242 reientia
692 1179 724 1240 et
746 1174 942 1260 experientia
963 1173 1070 1260 eliqua
1089 1174 1168 1240 etin
1182 1173 1272 1241 libris

104 1287 228 1374 prolata
249 1309 330 1376 pene
353 1292 394 1358 ad
416 1293 555 1358 omnium
578 1291 728 1358 noticiam
750 1291 910 1377 pervenit,
937 1289 1105 1375 nullaeque
1127 1290 1272 1356 christia·

104 1423 217 1472 uorum
249 1405 353 1474 dieere
386 1413 506 1494 potest:
543 1408 628 1491 Quia
655 1431 744 1474 aomo
772 1431 830 1474 ooo
860 1402 1036 1489 οοοιᾰοοίιζ
1072 1412 1139 1473 tam
1167 1405 1272 1473 olerioi
1368 1395 1371 1404 ’

105 1541 199 1606 quam
221 1522 294 1588 laioi
316 1523 446 1609 plurimi
469 1523 573 1590 dieere
596 1523 714 1590 rolant:
748 1523 834 1606 Quid
855 1536 989 1610 preeunt
1010 1537 1054 1590 tot
1074 1524 1203 1588 cenobia
1223 1523 1273 1588 ool

103 1650 190 1704 tamo
212 1641 436 1706 monooltoraon
458 1641 607 1728 aymone?
628 1641 730 1705 Multo
747 1644 828 1705 enim
843 1641 952 1705 molina
968 1653 1053 1719 eeaet,
1078 1652 1112 1704 ot
1125 1641 1270 1726 praedio,

104 1755 216 1840 quotue
237 1757 322 1821 tuem
342 1757 489 1824 monaehi
509 1758 663 1822 inutiliter
683 1759 881 1843 rapitantur,
906 1759 1031 1822 omino
1053 1768 1159 1821 noatro
1173 1778 1270 1842 proa-

102 1883 269 1938 etarentor.
306 1871 393 1939 Haeo
415 1873 541 1958 quidem
564 1873 657 1939 multi
680 1873 793 1957 rerbiq
817 1873 873 1938 sed
892 1869 1119 1958 multoplures
1140 1889 1270 1956 operum

102 2005 231 2054 ouomm
255 1989 456 2056 attestatione
478 1991 525 2056 ita
547 2009 616 2056 eoae
637 1989 786 2072 latentur,
810 1989 900 2075 quasi
922 1987 1048 2054 malioia
1063 1993 1095 2053 et
1109 1984 1270 2070 inreligio-

102 2101 179 2168 ritae
203 2121 311 2170 eorum
334 2124 354 2171 a
375 2105 512 2172 Domino
535 2106 639 2174 minna
661 2107 826 2193 puniatur,
849 2105 876 2170 ai
898 2104 1003 2170 nullae
1026 2103 1196 2168 monaehus
1219 2100 1270 2168 rel

101 2217 268 2303 religiosus
290 2221 324 2287 in
347 2221 406 2288 hoo
429 2221 532 2289 eeonlo
555 2223 744 2290 inveniatur.

191 2336 237 2402 At
258 2336 470 2405 Karlomauno
498 2339 640 2425 praelato
668 2339 761 2422 longe
784 2337 847 2404 alia
868 2355 957 2403 mena
981 2342 1057 2402 erat
1093 2333 1169 2418 Qui,
1195 2333 1270 2402 lieet

101 2457 175 2518 aute
197 2455 297 2520 saneti
320 2453 474 2522 Bouiiaoii
497 2455 762 2541 praedicationem
786 2454 825 2521 de
847 2453 998 2536 religione
1020 2451 1192 2518 onustant
1213 2471 1270 2537 pa·

99 2587 171 2634 rum
194 2569 271 2654 qnid
292 2572 425 2655 noverit,
449 2591 484 2638 eo
508 2577 614 2638 tanmn
638 2576 836 2638 ammonente
858 2576 891 2636 et
913 2568 1098 2636 exhortante
1119 2568 1213 2634 eitius
1235 2568 1269 2633 iu

98 2684 214 2751 timore
237 2692 269 2752 et
291 2707 399 2754 amore
412 2687 474 2754 Dei
495 2689 542 2756 ita
563 2689 721 2776 perlectus
744 2707 813 2755 esse
835 2685 949 2771 eoepit,
971 2691 1008 2751 ut
1021 2683 1160 2750 humana
1174 2682 1269 2749 simul

99 2806 133 2868 et
153 2801 263 2868 «lirina
284 2803 455 2889 prudenter
476 2805 657 2891 disponeret
679 2803 818 2888 nihilque
833 2801 989 2869 aeoularia
1001 2801 1072 2867 iura
1085 2800 1154 2866 eine
1168 2799 1269 2866 divim

98 2918 385 2985 amministratione
408 2921 538 3004 servitii,
562 2921 603 2987 ad
625 2920 708 3005 qnod
730 2918 900 2986 oenobialia
920 2916 1154 3000 monasticaque
1170 2915 1267 3001 depu-

96 3038 185 3100 tatur
207 3035 417 3119 oongregatiq
441 3034 592 3122 profitere
615 3037 718 3103 reiret
754 3033 907 3102 Similiter
929 3040 961 3102 et
974 3031 1108 3100 Karolua
1123 3031 1266 3115 Magnus,

96 3147 182 3217 filiae
206 3151 325 3219 aoilioet
346 3153 454 3218 fratris
477 3153 526 3218 sni
549 3151 677 3238 Pippini
698 3154 796 3239 a'upra
818 3150 904 3234 dieti,
928 3151 982 3235 qui
1005 3169 1024 3214 a
1045 3147 1146 3214 Roma
1167 3167 1267 3233 neque

96 3265 132 3334 in
155 3265 313 3352 From,
343 3268 382 3336 ab
405 3269 545 3353 Ungaria
571 3267 726 3354 usquein
749 3267 938 3334 Brittaniam
961 3265 1067 3332 omnia
1089 3283 1265 3349 regnatne

96 3383 224 3468 subegit
244 3384 388 3472 imperio,
411 3405 482 3454 oum
505 3391 615 3452 tonna
637 3384 746 3452 eadem
770 3385 955 3466 deportaret,
977 3401 1041 3449 non
1062 3381 1153 3448 aliter
1169 3381 1266 3448 vieto-

95 3499 179 3566 mam
207 3521 242 3568 ae
270 3521 364 3588 poree
386 3501 518 3590 adipisci
541 3502 690 3586 eredidit,
718 3500 781 3568 nisi
802 3501 928 3568 interim
952 3500 1059 3566 omnia
1080 3497 1211 3564 oenobia
1231 3497 1265 3563 in

94 3616 217 3684 eisdem
239 3619 345 3701 regnis
368 3619 432 3686 iam
455 3623 636 3686 oonetruota
658 3617 875 3704 rupplemento
899 3616 1003 3702 aliquo
1026 3615 1199 3682 adiuuaret.
1230 3611 1265 3680 Si

94 3733 168 3818 quia
191 3732 226 3800 in
248 3733 298 3800 hie
321 3735 458 3820 dubitet,
487 3735 572 3820 legat
592 3736 626 3800 in
649 3735 760 3821 primia
783 3753 842 3800 aua
863 3739 967 3818 gesta,
991 3732 1104 3798 deiude
1127 3731 1265 3798 circueat

92 3851 305 3936 monasteria,
342 3872 423 3938 quae
453 3852 511 3920 aab
539 3858 681 3938 tempore
708 3871 765 3918 auo
794 3850 928 3918 lundata
956 3849 1066 3918 hebuit
1094 3848 1186 3916 ltalia
1213 3847 1264 3914 vel

93 3963 202 4033 Gallia
236 3968 302 4036 aire
330 3967 516 4050 Germania3
552 3974 585 4036 et
612 3969 752 4035 inveniet
778 3987 817 4034 ea
845 3967 950 4054 eliqua
978 3965 1087 4033 Karoli
1115 3965 1263 4048 largitate

91 4083 276 4168 sublimata
300 4085 454 4170 quaedam
477 4084 603 4170 quidem
626 4083 790 4171 priuilegio
813 4083 984 4168 libertatis,
1011 4082 1164 4168 quaedam
1187 4097 1262 4147 vero

90 4200 298 4285 praediorum
320 4201 421 4286 donia
444 4202 506 4268 nisi
527 4202 609 4268 forte
631 4221 669 4268 ex
693 4200 953 4286 subsequentibus
976 4199 1102 4282 regibus
1126 4217 1181 4264 seu
1196 4196 1262 4283 epi·

90 4315 199 4403 aoopie
222 4317 287 4384 aiut
309 4317 423 4386 ablata
458 4316 551 4386 llulti
572 4337 708 4403 namque
730 4337 831 4402 reges,
855 4317 996 4385 eiusdem
1010 4314 1119 4382 Karoli
1139 4333 1262 4382 moeee·

166 4451 191 4504 1.
215 4449 311 4506 uren
323 4451 405 4522 20,r.
