3024 4864
254 299 280 347 s.
297 299 475 348 neumam
495 301 540 348 ur
561 301 665 348 nunnr
686 299 874 348 nrmuounn
893 299 932 347 su.
947 299 978 348 aa
1138 283 1203 352 241

61 439 124 504 niter
146 439 352 510 continendae
373 440 591 529 Leobgytlrae·
613 441 795 510 Bonifatius
823 461 932 510 sersus
955 462 1121 510 servornm
1143 441 1206 512 Dei
1224 451 1366 510 uas-tet

60 553 205 640 optabilem
226 556 262 622 in
285 556 411 624 Christo
434 557 578 625 salutem.

127 669 239 738 Notum
268 679 341 740 tuae
369 673 412 740 sit
438 674 615 740 sanctitatis
644 673 823 757 dilectioni,
853 674 928 758 quia
954 673 1052 742 frater
1076 679 1108 741 et
1131 695 1205 742 eon·

57 786 188 871 presbiter
215 795 323 856 noster
350 789 478 858 nomine
501 789 673 856 Torbtbntl
696 789 788 857 nobis
817 789 988 872 referebat,
1018 790 1102 876 qnod
1132 795 1206 859 ate

55 903 106 968 suis
125 903 267 990 precibus
289 905 489 992 impetraret:
513 911 550 972 ut
571 905 677 993 puello
700 904 825 972 euidam
849 905 991 973 doetrine
1005 905 1146 973 laborem
1161 943 1205 954 -

56 1017 189 1086 dnoster
212 1040 383 1090 eonsensus
399 1022 560 1090 libentium
577 1022 742 1090 tribuisset
757 1057 799 1068 —-
815 1027 959 1108 tempore
974 1022 1131 1109 imperes⁰
1148 1021 1205 1089 ali·

54 1141 159 1219 quanto.
194 1135 404 1225 Quapropter,
428 1138 600 1206 seeundum
624 1137 707 1223 qnod
728 1137 853 1204 dileetio
868 1143 924 1206 tna
938 1158 997 1226 pro
1012 1138 1107 1206 suaed
1123 1158 1206 1206 mer·

52 1251 120 1318 tedis
141 1259 310 1337 augmento
333 1253 372 1320 de
394 1254 453 1322 hae
475 1275 510 1322 ra
530 1255 708 1322 oonsultum
726 1254 893 1340 putaverit,
917 1258 1059 1322 nostram
1074 1274 1206 1322 eonsen-

52 1367 100 1454 tire
112 1375 140 1436 at
152 1370 261 1438 favere
276 1370 481 1457 voluntatem,
503 1371 719 1438 indubitanter
734 1389 895 1454 oognosee.
923 1369 1003 1438 Vale
1017 1371 1052 1438 in
1068 1369 1205 1438 Christo.

53 1576 102 1648 94.
121 1581 218 1650 Certae
240 1586 408 1672 Bonifatio
432 1589 470 1653 de
491 1609 550 1654 sau
573 1609 648 1674 erpa
670 1608 740 1652 eum
762 1587 920 1654 voluntate
943 1586 1051 1652 saitis
1060 1594 1081 1650 ⁸.

938 1698 973 1784 (S
989 1702 1043 1786 37,
1066 1698 1135 1768 WG
1151 1700 1206 1784 34)

123 1830 308 1901 Venerando
330 1833 472 1921 pontifici
488 1833 650 1902 Bonifatio
668 1833 787 1902 Christi
809 1834 944 1902 amatori
960 1832 1060 1918 Gens*
1075 1831 1208 1918 indigna
1235 1847 1379 1906 tat-tto

49 1945 174 2014 salntem.

121 2063 187 2132 Iam
210 2065 313 2134 tatem
336 2066 405 2151 tibi,
427 2067 600 2150 uerissime,
624 2067 699 2152 qnia
720 2065 795 2132 boet
817 2071 849 2134 te
871 2063 1088 2151 eorporslibua
1107 2065 1207 2134 oeulis

45 2198 106 2246 raro
130 2181 274 2265 intuear,
305 2182 389 2267 quod
416 2189 447 2250 te
474 2188 582 2250 mmen
610 2181 807 2268 spiritalibus
836 2181 940 2248 sordis
962 2179 1136 2250 luminibus
1158 2182 1208 2248 iu·

46 2295 113 2378 gitur
140 2299 285 2384 sspioore
310 2317 374 2364 nou
403 2318 501 2366 eesso.
536 2297 580 2364 Et
602 2298 679 2366 haee
702 2318 802 2384 parva
823 2298 1011 2366 munuscula
1033 2297 1136 2382 magis
1158 2297 1208 2364 in·

45 2409 113 2479 diois
134 2414 280 2482 ueritatis
303 2419 387 2496 sunt,
410 2433 506 2500 quam
528 2419 565 2480 ut
587 2419 660 2482 tuae
683 2415 845 2482 sanctitati
867 2414 964 2497 digna
982 2414 1055 2482 sint.
1091 2411 1135 2480 Et
1148 2413 1208 2482 boo

27 2527 92 2594 uiti
116 2536 230 2597 notum
259 2530 357 2616 faeie,
389 2529 472 2614 quod
500 2550 599 2615 usquo
627 2525 783 2598 adfinem
807 2531 891 2598 vitae
915 2547 1004 2598 muse
1025 2535 1059 2598 te
1082 2547 1208 2616 semper

43 2642 170 2714 inmeis
200 2646 398 2715 orationibus
425 2645 583 2714 reeordor.
618 2645 662 2712 Et
686 2653 718 2714 te
740 2665 818 2731 rogo
841 2667 899 2733 per
922 2646 1077 2714 eruditam
1100 2646 1208 2713 amiei-

44 2760 122 2830 b'am:
145 2769 183 2830 ut
199 2773 308 2830 rnene⁸
325 2761 476 2849 parvitati
492 2760 594 2829 fidelis
609 2762 664 2846 sis,
689 2763 771 2830 siout
785 2763 820 2830 in
835 2768 867 2830 te
883 2762 991 2844 ored03
1016 2766 1048 2830 et
1062 2767 1098 2828 ut
1112 2761 1208 2828 mppr

43 2875 69 2941 in
91 2880 153 2946 tuis
183 2877 382 2946 orationibus
405 2878 536 2946 adiuvas
544 2879 560 2962 ¹,
590 2883 627 2945 nt
648 2877 735 2946 Deua
759 2879 958 2966 omnipotens
981 2877 1081 2946 vitam
1103 2897 1208 2946 meam

43 2996 203 3062 seeundum
228 3015 320 3062 suam
343 2993 538 3062 voluntatem
561 2994 718 3081 disponat
753 2994 797 3062 Et
816 3014 904 3079 rogo,
927 2999 972 3078 ut,
997 2994 1025 3060 si
1039 2993 1209 3080 rurrnquam'K

43 3106 141 3196 aliquia
164 3118 296 3179 tuorum
326 3111 366 3178 ad
395 3109 476 3178 hano
505 3111 702 3198 provintiam
730 3110 852 3177 veniat:
883 3116 920 3176 ut
942 3127 1049 3178 meam
1072 3129 1208 3198 pauper·

42 3229 124 3292 bum
152 3227 351 3313 interpellat¹
375 3233 421 3311 et,
451 3227 479 3294 si
501 3227 535 3294 in
559 3227 666 3312 aliqua
688 3245 722 3293 ne
744 3223 795 3293 rel
818 3223 954 3292 earnalis
977 3225 1136 3292 eommodi
1158 3224 1209 3294 vel

41 3341 182 3426 spiritulia
208 3342 404 3412 amminisuli
421 3342 470 3410 vel
490 3342 549 3410 tibi
564 3343 615 3410 vel
635 3341 755 3408 alienim
771 3345 896 3408 tuorum
912 3341 1033 3430 possim
1048 3341 1208 3428 adinrare,

42 3459 170 3526 utmibi
198 3459 334 3543 indiest,
365 3465 398 3526 et
419 3479 476 3542 ego
501 3493 544 3506 -
568 3457 609 3524 ad
631 3477 781 3542 magnam
804 3457 939 3526 salutem
961 3458 1087 3526 animae
1108 3477 1208 3542 meas,

40 3579 68 3637 nt
86 3575 199 3642 uredo⁸
218 3609 261 3622 -
278 3574 450 3642 seeundum
473 3575 555 3642 vires
578 3593 665 3642 meas
688 3573 857 3661 imperium
880 3577 970 3640 tuum
987 3577 1082 3660 atque
1095 3574 1208 3644 iussio·

41 3705 100 3756 nam
121 3691 330 3779 adimpleam.
364 3690 443 3758 Vale
465 3709 591 3778 semper
612 3689 647 3756 in
668 3689 747 3758 Deo.

99 3883 118 3914 a
133 3869 309 3928 LeobgydsM,
325 3865 469 3926 baobguthss
479 3871 505 3922 C,
520 3865 693 3928 teobgythpt‘.
755 3867 778 3913 b.
795 3865 963 3914 Torbtahntdl.
1026 3881 1046 3914 a.
1061 3867 1208 3926 inopertam.

40 3942 111 3994 &tna
127 3953 163 3997 n.
250 3963 269 3996 a.
290 3965 320 3994 a
335 3951 363 3996 fl
380 3948 532 4002 noso-10⁷,
550 3949 570 3996 C
585 3949 714 4002 ae-ttv,
733 3949 756 3994 V
769 3949 826 3994 tte.
852 3949 960 3994 hams.-
979 3945 1037 3994 Item
1052 3945 1151 4008 epistota
1166 3945 1208 3994 Ge·

41 4035 74 4069 ¹¹0
88 4029 164 4076 tier.
252 4025 352 4092 ttlpns
369 4030 402 4073 M.
485 4039 507 4086 g.
528 4040 563 4074 me
583 4030 615 4074 dt.
693 4025 716 4072 b
737 4043 794 4073 corr.
811 4029 834 4074 in
855 4041 890 4074 rna
908 4029 935 4076 C.
1012 4026 1028 4074 t
1049 4043 1107 4072 eurr.
1122 4028 1146 4072 ia
1167 4025 1207 4073 sd·

39 4100 91 4152 itm
106 4109 132 4156 C.
222 4107 245 4154 k.
266 4107 358 4166 iuquam
375 4109 409 4152 11.
492 4105 507 4152 l.
529 4123 585 4153 corr.
602 4109 624 4152 in
643 4105 774 4165 interpellet
790 4109 817 4155 C.
894 4119 924 4153 m.
948 4123 1005 4153 corr.
1021 4108 1044 4152 da
1065 4107 1088 4152 ta
1109 4105 1146 4152 val
1166 4104 1207 4152 ab·

42 4192 94 4239 ΨΙΙ
110 4189 136 4235 G·
219 4201 244 4234 n.
264 4189 292 4234 nt
307 4185 375 4234 uado
391 4187 474 4246 scripsi
485 4202 529 4246 pra
545 4185 614 4234 trodo
630 4187 656 4232 ut
671 4186 752 4270 ”aab

514 4338 602 4345 —-—-—
610 4337 726 4345 -——--

75 4498 150 4554 ἔπ’,
165 4505 312 4550 Bibliotheca
327 4504 366 4548 lll.
