3024 4864
300 277 327 324 s.
344 275 520 324 normann
542 277 585 324 nr
608 275 711 324 nunnr
731 275 919 324 nrmnonnu
942 276 971 322 cr
1158 255 1221 324 179

78 415 229 484 bonifacius
245 427 374 484 servus·
396 437 558 484 servorum
574 416 644 502 Dei,
668 416 790 500 legatus
808 415 1014 483 Germanicus
1038 415 1122 482 sedis
1146 435 1222 502 apo-
1241 423 1382 480 'lu-tot

76 532 194 616 abisse,
218 533 373 600 sinceram
396 534 430 600 in
452 533 578 600 Christo
602 532 754 619 spiritalis
777 532 996 616 germanitatis
1019 530 1164 598 salutem.
1292 611 1295 616 ἱ

146 648 289 716 Caritatis
311 655 385 718 tuae
407 649 591 716 muneribus
615 654 647 716 et
667 648 758 716 libris
781 648 946 735 susceptis,
970 649 1093 731 erigens
1114 647 1155 714 ad
1171 667 1223 714 su·

74 783 135 849 pera
156 764 293 851 palmas,
324 785 456 849 magnas
485 765 693 852 omnipotenti
723 765 792 832 Deo
821 764 938 848 gratias
968 763 1033 848 egi,
1063 763 1117 848 qui
1146 762 1223 830 mihi

72 877 147 963 longe
166 881 380 967 peregrinanti
403 880 499 948 talem
521 882 663 948 invenire
692 881 846 948 concessit
874 880 1026 960 amicum,
1050 878 1104 963 qni
1127 875 1224 944 milrib

73 999 98 1060 et
115 996 143 1060 in
162 997 255 1063 rebus
277 998 411 1064 terrenis
435 996 626 1064 adiutorium
657 1003 689 1063 et
715 997 749 1062 in
779 995 992 1082 spiritalibus,
1023 995 1164 1060 oratione
1193 999 1225 1060 et

70 1111 173 1177 unibte
195 1113 434 1196 commonionis,
458 1113 602 1178 divinum
618 1111 770 1178 solacium
785 1111 971 1178 transmisit.
1063 1109 1154 1175 Nunc
1170 1129 1224 1174 au-

71 1229 121 1292 ten
140 1227 259 1294 intimis
282 1229 538 1314 praecordiorum
566 1228 712 1315 precibus
740 1226 891 1295 almitatis
922 1233 996 1293 tuae
1023 1225 1224 1294 clementiam

70 1341 195 1409 obsecro:
231 1349 269 1410 ut
298 1351 423 1411 rosnae
450 1343 660 1410 fraternitatis
690 1342 809 1430 synodo
837 1362 901 1408 una
935 1362 1006 1408 oum
1034 1341 1134 1408 servis
1164 1339 1226 1408 Dei

67 1477 172 1524 mecum
193 1459 412 1528 laborantibus
435 1459 591 1526 adunatus
620 1479 688 1527 csse
719 1478 859 1539 merear3
891 1462 923 1524 et
954 1459 997 1523 sis
1021 1457 1099 1523 mihi
1122 1457 1225 1524 consi·

67 1570 160 1639 liarius
181 1581 215 1642 et
238 1576 364 1642 adiutor
386 1577 420 1641 in
443 1575 639 1661 inquirendis
663 1581 695 1642 ot
723 1573 950 1658 investigandis
979 1571 1097 1658 regulis
1127 1571 1225 1639 ecclo-

67 1688 185 1756 siasticis
208 1690 397 1757 iudiciorum
413 1690 488 1774 Dei3
513 1697 545 1758 et
562 1697 599 1757 ut
613 1711 673 1775 mc,
698 1711 762 1756 non
776 1691 926 1774 ludivaga
941 1709 1121 1756 sermonum
1137 1707 1223 1774 voco,

65 1803 110 1870 ssd
130 1807 208 1873 serie
233 1812 396 1890 rogantem
420 1826 456 1874 ac
479 1807 633 1874 dicentem
657 1825 726 1874 esse
749 1807 844 1887 scias;
869 1811 901 1872 et
922 1825 974 1872 me
994 1825 1056 1871 non
1074 1824 1223 1888 arrogan-

65 1905 117 1985 tan
147 1922 196 1989 vel
233 1923 405 2010 superbum
439 1930 495 1989 aut
526 1923 656 2009 proprio
689 1922 805 1989 iudicio
834 1921 906 2009 plus
934 1922 1017 1987 iusto
1045 1921 1223 2007 placentem

64 2036 225 2104 eadmer.
331 2037 413 2104 Nam
447 2037 602 2105 catholica
635 2045 667 2104 et
701 2037 875 2125 apostolica
906 2036 1049 2103 Romana
1082 2035 1223 2120 ecclesia,

65 2153 173 2235 quando
195 2152 363 2237 indignum
387 2173 424 2220 aa
446 2154 540 2220 vilem
564 2154 814 2241 praedicatorem
829 2152 869 2220 ad
884 2152 1129 2240 praedicandum
1147 2150 1224 2218 Ger-

63 2268 171 2334 maniae
199 2269 342 2336 erroneis
370 2269 421 2336 vcl
449 2271 582 2358 paganis
611 2269 756 2353 gentibus
785 2269 916 2353 direxit,
945 2269 1108 2356 praecepit
1129 2267 1222 2334 mibi:

63 2389 91 2449 ut
113 2403 151 2450 ex
180 2385 370 2452 anctoritate
392 2385 525 2453 Romani
554 2383 727 2472 pontificis,
757 2385 785 2450 si
814 2383 929 2452 alicubi
956 2384 1110 2469 viderem,
1142 2385 1225 2451 inter

62 2497 239 2568 christianos
266 2521 415 2588 pergens,
445 2501 579 2588 populos
606 2521 752 2568 erroneos
776 2499 826 2567 vel
849 2499 1076 2568 ecclesiasticas
1099 2499 1224 2584 regulas

61 2615 132 2681 nala
157 2617 387 2684 consuetudine
415 2617 603 2704 depravatas
632 2616 682 2684 vel
710 2616 852 2684 homines
880 2617 1085 2704 periurium
1113 2615 1149 2682 a‘
1172 2635 1223 2682 ca·

62 2727 164 2798 tbolica
185 2731 251 2800 fide
275 2733 436 2818 abductos,
460 2733 500 2799 nd
522 2733 607 2800 riam
631 2732 742 2800 salutis
764 2733 899 2799 invitare
923 2737 955 2799 ct
976 2751 1124 2800 revocare
1147 2732 1224 2799 totis

61 2845 165 2914 viribus
187 2849 321 2915 niterer.

134 2963 203 3031 Hoc
227 2969 434 3052 praeceptum
457 2985 583 3032 servare
606 2965 752 3051 cupiens,
777 2963 1019 3029 admonitoriam
1041 2961 1093 3029 vol
1114 2982 1224 3049 preca·

60 3079 177 3146 toriam·
203 3079 374 3167 epistolam
392 3079 613 3147 Aetbelbaldo‘
636 3081 703 3164 regi
726 3080 921 3146 Marcianum
943 3099 1015 3145 oum
1038 3078 1169 3145 consilio
1193 3083 1225 3145 ct

59 3211 201 3262 consensu
218 3195 441 3283 episcoporum
449 3192 467 3280 ¹,
484 3197 539 3282 qui
554 3215 618 3263 una
632 3195 797 3262 nobiscum
813 3200 896 3280 sunt,
913 3194 1084 3260 transmisi.
1122 3193 1223 3273 Quam

59 3319 253 3395 pnesentaro
275 3312 483 3378 fraternitatis
506 3318 580 3378 tuae
602 3311 764 3378 obtutibus
785 3311 879 3377 iussi:
904 3315 949 3394 ut,
973 3312 1001 3378 si
1024 3320 1121 3395 quae⁸
1135 3311 1169 3377 in
1186 3329 1224 3377 ea

58 3445 143 3509 prave
163 3429 275 3515 posita
297 3427 376 3512 sint,
403 3427 549 3494 emendos
574 3433 619 3511 ot,
644 3448 724 3513 quae
747 3428 832 3493 iusta
853 3426 933 3511 sint,
959 3425 1024 3492 salo
1048 3427 1223 3514 sapientiae

57 3545 119 3609 tuae
146 3543 281 3610 condias
312 3549 344 3610 et
374 3544 559 3610 auctoritate
588 3542 769 3625 confirmem
799 3549 831 3610 et
860 3543 888 3610 si
915 3542 1054 3609 radicem
1084 3541 1222 3627 aliquam

58 3653 251 3744 banorum,
279 3659 319 3726 de
341 3659 453 3744 quibus
476 3660 510 3724 in
533 3658 589 3725 illa
611 3659 745 3746 epistola
767 3664 878 3725 contra
900 3679 1006 3742 regem
1028 3657 1223 3724 Marcionem

58 3771 274 3861 disputatuml,
299 3775 330 3840 in
354 3779 446 3858 gente
468 3781 524 3841 tua
544 3775 722 3858 germinare
737 3775 817 3841 velle
833 3775 951 3858 videas,
976 3776 1057 3841 sicut
1071 3773 1223 3860 providus

58 3893 83 3954 ct
102 3892 229 3978 sapiens
254 3889 383 3958 colonus
405 3909 477 3956 cnm
504 3889 584 3956 falce
607 3890 782 3957 dominicae
811 3890 1007 3956 auctoritatis
1034 3890 1068 3956 in
1097 3893 1222 3976 tempus

58 4009 225 4088 praecidas*
250 4011 283 4074 et
304 4005 455 4074 radicitus
479 4006 610 4088 evellas3
634 4027 674 4072 ne
696 4005 839 4073 floruerit
861 4005 909 4073 etk
924 4005 980 4072 fiat
1002 4025 1042 4073 ex
1057 4005 1150 4072 vinca
1165 4003 1223 4072 So·

118 4145 138 4176 a.
157 4149 202 4178 orn.
219 4135 257 4179 Μ.
328 4130 351 4176 b.
371 4144 407 4177 ma
423 4131 481 4183 MV,
499 4148 555 4177 corr.
572 4133 594 4177 br
610 4129 666 4177 mihi
684 4134 709 4179 C.
779 4144 799 4177 c.
821 4131 942 4178 aesomnes
962 4131 987 4176 V.
1055 4129 1077 4175 d.
1098 4142 1170 4174 tom.
1187 4131 1221 4174 M.

59 4219 76 4252 θ·
91 4211 242 4267 mmmmm
260 4210 289 4258 V.
367 4209 383 4256 l.
403 4209 548 4258 Aethilholdo
565 4213 591 4259 C.
670 4224 691 4269 g.
713 4229 770 4257 corr.
786 4214 808 4257 ιἰι
825 4224 870 4271 qut
887 4214 913 4259 C.
990 4209 1013 4255 b.
1034 4210 1070 4254 est
1085 4210 1222 4268 suparacrr'p·

59 4295 94 4334 h
109 4301 140 4338 est
154 4295 178 4338 r'a
196 4295 225 4340 C.
290 4290 306 4336 i.
326 4287 445 4350 praedicas
463 4291 497 4337 Μ.
559 4289 582 4337 k.
603 4293 627 4337 at
642 4307 684 4338 aar.
696 4291 754 4345 MV,
770 4293 943 4351 superscriptum
959 4298 992 4336 eet
1007 4291 1030 4335 ia
1041 4291 1067 4336 C.

118 4378 141 4432 1.
163 4377 201 4434 V.
221 4393 267 4446 ep.
279 4376 316 4432 oa
334 4391 418 4446 snpra
433 4393 461 4446 p.
476 4377 536 4432 168.

951 4470 1009 4526 12*
