<?xml version="1.0" encoding="UTF-8"?>
<!DOCTYPE html PUBLIC "-//W3C//DTD XHTML 1.0 Transitional//EN"
    "http://www.w3.org/TR/xhtml1/DTD/xhtml1-transitional.dtd">
<html xmlns="http://www.w3.org/1999/xhtml" xml:lang="en" lang="en">
 <head>
  <title>
</title>
<meta http-equiv="Content-Type" content="text/html;charset=utf-8" />
  <meta name='ocr-system' content='tesseract 3.04.00' />
  <meta name='ocr-capabilities' content='ocr_page ocr_carea ocr_par ocr_line ocrx_word'/>
</head>
<body>
  <div class='ocr_page' id='page_1' title='image "./bibliothecareru03jaffgoog_0425.png"; bbox 0 0 3148 4846; ppageno 0'>
   <div class='ocr_carea' id='block_1_1' title="bbox 396 253 1254 320">
    <p class='ocr_par' dir='ltr' id='par_1_1' title="bbox 396 253 1254 320">
     <span class='ocr_line' id='line_1_1' title="bbox 396 253 1254 320; baseline 0.003 -5"><span class='ocrx_word' id='word_1_1' title='bbox 396 268 582 316; x_wconf 73' lang='lat' dir='ltr'>nrrsnonsn</span> <span class='ocrx_word' id='word_1_2' title='bbox 605 268 833 316; x_wconf 80' lang='lat' dir='ltr'>uocuurrunn</span> <span class='ocrx_word' id='word_1_3' title='bbox 856 269 894 316; x_wconf 84' lang='lat' dir='ltr'>ss.</span> <span class='ocrx_word' id='word_1_4' title='bbox 910 267 940 316; x_wconf 83' lang='lat' dir='ltr'>sr</span> <span class='ocrx_word' id='word_1_5' title='bbox 1188 253 1254 320; x_wconf 84' lang='grc'>407</span> 
     </span>
    </p>
   </div>
   <div class='ocr_carea' id='block_1_2' title="bbox 76 409 1423 2356">
    <p class='ocr_par' dir='ltr' id='par_1_2' title="bbox 76 409 1423 2356">
     <span class='ocr_line' id='line_1_2' title="bbox 85 409 1423 497; baseline 0.001 -23"><span class='ocrx_word' id='word_1_6' title='bbox 85 409 199 479; x_wconf 81' lang='lat' dir='ltr'>audeat</span> <span class='ocrx_word' id='word_1_7' title='bbox 218 409 278 480; x_wconf 82' lang='lat' dir='ltr'>tibi</span> <span class='ocrx_word' id='word_1_8' title='bbox 299 409 418 478; x_wconf 84' lang='lat' dir='ltr'>dicere:</span> <span class='ocrx_word' id='word_1_9' title='bbox 443 411 527 493; x_wconf 78' lang='lat' dir='ltr'>Sira,</span> <span class='ocrx_word' id='word_1_10' title='bbox 551 424 586 478; x_wconf 75' lang='lat' dir='ltr'>tra</span> <span class='ocrx_word' id='word_1_11' title='bbox 599 417 716 494; x_wconf 80' lang='lat' dir='ltr'>morde,</span> <span class='ocrx_word' id='word_1_12' title='bbox 740 431 810 496; x_wconf 86' lang='lat' dir='ltr'>ego,</span> <span class='ocrx_word' id='word_1_13' title='bbox 833 429 901 494; x_wconf 80' lang='lat' dir='ltr'>ego,</span> <span class='ocrx_word' id='word_1_14' title='bbox 924 409 1022 478; x_wconf 91' lang='lat' dir='ltr'>durus</span> <span class='ocrx_word' id='word_1_15' title='bbox 1035 409 1096 478; x_wconf 88' lang='lat' dir='ltr'>tibi</span> <span class='ocrx_word' id='word_1_16' title='bbox 1109 411 1255 497; x_wconf 87' lang='lat' dir='ltr'>nuncius,</span> <span class='ocrx_word' id='word_1_17' title='bbox 1266 419 1423 476; x_wconf 80' lang='lat'>1153-1158</span> 
     </span>
     <span class='ocr_line' id='line_1_3' title="bbox 84 525 1256 614; baseline 0.005 -22"><span class='ocrx_word' id='word_1_18' title='bbox 84 525 262 592; x_wconf 79' lang='lat' dir='ltr'><strong>admonitor</strong></span> <span class='ocrx_word' id='word_1_19' title='bbox 283 527 491 610; x_wconf 88' lang='lat' dir='ltr'>condicionis,</span> <span class='ocrx_word' id='word_1_20' title='bbox 520 546 615 614; x_wconf 88' lang='lat' dir='ltr'>preco</span> <span class='ocrx_word' id='word_1_21' title='bbox 637 527 750 594; x_wconf 89' lang='lat' dir='ltr'>mortis</span> <span class='ocrx_word' id='word_1_22' title='bbox 772 527 928 594; x_wconf 88' lang='lat' dir='ltr'>clamosus</span> <span class='ocrx_word' id='word_1_23' title='bbox 952 532 985 595; x_wconf 87' lang='lat' dir='ltr'>et</span> <span class='ocrx_word' id='word_1_24' title='bbox 1007 526 1126 614; x_wconf 83' lang='lat' dir='ltr'>audax,</span> <span class='ocrx_word' id='word_1_25' title='bbox 1154 527 1256 598; x_wconf 90' lang='lat' dir='ltr'>libera</span> 
     </span>
     <span class='ocr_line' id='line_1_4' title="bbox 83 642 1256 730; baseline 0.004 -23"><span class='ocrx_word' id='word_1_26' title='bbox 83 661 160 710; x_wconf 89' lang='lat' dir='ltr'>voce</span> <span class='ocrx_word' id='word_1_27' title='bbox 187 643 377 730; x_wconf 88' lang='lat' dir='ltr'>pronuncio:</span> <span class='ocrx_word' id='word_1_28' title='bbox 408 644 497 726; x_wconf 78' lang='lat' dir='ltr'>Sira,</span> <span class='ocrx_word' id='word_1_29' title='bbox 526 657 560 710; x_wconf 81' lang='lat' dir='ltr'>tu</span> <span class='ocrx_word' id='word_1_30' title='bbox 586 650 702 710; x_wconf 80' lang='lat' dir='ltr'>merda.</span> <span class='ocrx_word' id='word_1_31' title='bbox 747 642 792 710; x_wconf 87' lang='lat' dir='ltr'>Et</span> <span class='ocrx_word' id='word_1_32' title='bbox 818 643 881 709; x_wconf 92' lang='lat' dir='ltr'>nisi</span> <span class='ocrx_word' id='word_1_33' title='bbox 903 642 1003 710; x_wconf 89' lang='lat' dir='ltr'>vitam</span> <span class='ocrx_word' id='word_1_34' title='bbox 1025 644 1200 712; x_wconf 76' lang='lat' dir='ltr'>correxeris</span> <span class='ocrx_word' id='word_1_35' title='bbox 1224 651 1256 712; x_wconf 91' lang='lat' dir='ltr'>et</span> 
     </span>
     <span class='ocr_line' id='line_1_5' title="bbox 82 757 1171 846; baseline 0.004 -22"><span class='ocrx_word' id='word_1_36' title='bbox 82 777 251 826; x_wconf 80' lang='lat' dir='ltr'>conversus</span> <span class='ocrx_word' id='word_1_37' title='bbox 272 760 484 846; x_wconf 81' lang='lat' dir='ltr'>penitenciam</span> <span class='ocrx_word' id='word_1_38' title='bbox 507 761 619 844; x_wconf 80' lang='lat' dir='ltr'>egeris,</span> <span class='ocrx_word' id='word_1_39' title='bbox 641 762 743 826; x_wconf 89' lang='lat' dir='ltr'>morte</span> <span class='ocrx_word' id='word_1_40' title='bbox 764 757 877 846; x_wconf 86' lang='lat' dir='ltr'>procul</span> <span class='ocrx_word' id='word_1_41' title='bbox 899 757 993 825; x_wconf 92' lang='lat' dir='ltr'>dubio</span> <span class='ocrx_word' id='word_1_42' title='bbox 1016 761 1171 828; x_wconf 90' lang='lat' dir='ltr'>morieris.</span> 
     </span>
     <span class='ocr_line' id='line_1_6' title="bbox 171 874 1256 964; baseline 0.005 -24"><span class='ocrx_word' id='word_1_43' title='bbox 171 874 252 942; x_wconf 91' lang='lat' dir='ltr'>Illud</span> <span class='ocrx_word' id='word_1_44' title='bbox 275 895 398 962; x_wconf 87' lang='lat' dir='ltr'>qnoque</span> <span class='ocrx_word' id='word_1_45' title='bbox 419 875 511 944; x_wconf 87' lang='lat' dir='ltr'>valde</span> <span class='ocrx_word' id='word_1_46' title='bbox 534 875 764 964; x_wconf 87' lang='lat' dir='ltr'>obstupendum</span> <span class='ocrx_word' id='word_1_47' title='bbox 787 880 850 959; x_wconf 87' lang='lat' dir='ltr'>est,</span> <span class='ocrx_word' id='word_1_48' title='bbox 874 874 959 960; x_wconf 89' lang='lat' dir='ltr'>qnod</span> <span class='ocrx_word' id='word_1_49' title='bbox 980 875 1127 944; x_wconf 67' lang='lat' dir='ltr'>disordb</span> <span class='ocrx_word' id='word_1_50' title='bbox 1149 879 1256 945; x_wconf 87' lang='lat' dir='ltr'>vestra</span> 
     </span>
     <span class='ocr_line' id='line_1_7' title="bbox 82 991 1253 1079; baseline 0.003 -23"><span class='ocrx_word' id='word_1_51' title='bbox 82 992 116 1056; x_wconf 94' lang='lat' dir='ltr'>in</span> <span class='ocrx_word' id='word_1_52' title='bbox 142 991 203 1058; x_wconf 85' lang='lat' dir='ltr'>bac</span> <span class='ocrx_word' id='word_1_53' title='bbox 230 996 322 1079; x_wconf 90' lang='lat' dir='ltr'>parte</span> <span class='ocrx_word' id='word_1_54' title='bbox 351 992 515 1076; x_wconf 87' lang='lat' dir='ltr'>dormitat,</span> <span class='ocrx_word' id='word_1_55' title='bbox 545 1012 604 1060; x_wconf 89' lang='lat' dir='ltr'>nec</span> <span class='ocrx_word' id='word_1_56' title='bbox 626 991 760 1060; x_wconf 90' lang='lat' dir='ltr'>multum</span> <span class='ocrx_word' id='word_1_57' title='bbox 784 991 946 1060; x_wconf 88' lang='lat' dir='ltr'>attenditis</span> <span class='ocrx_word' id='word_1_58' title='bbox 969 991 1020 1060; x_wconf 94' lang='lat' dir='ltr'>vel</span> <span class='ocrx_word' id='word_1_59' title='bbox 1041 993 1253 1079; x_wconf 83' lang='lat' dir='ltr'>perpenditis:</span> 
     </span>
     <span class='ocr_line' id='line_1_8' title="bbox 82 1107 1254 1195; baseline 0.002 -21"><span class='ocrx_word' id='word_1_60' title='bbox 82 1128 144 1193; x_wconf 89' lang='lat' dir='ltr'>quo</span> <span class='ocrx_word' id='word_1_61' title='bbox 167 1108 308 1192; x_wconf 91' lang='lat' dir='ltr'>consilio,</span> <span class='ocrx_word' id='word_1_62' title='bbox 332 1129 395 1194; x_wconf 88' lang='lat' dir='ltr'>qua</span> <span class='ocrx_word' id='word_1_63' title='bbox 415 1108 613 1176; x_wconf 88' lang='lat' dir='ltr'>ordinatione</span> <span class='ocrx_word' id='word_1_64' title='bbox 637 1127 737 1193; x_wconf 90' lang='lat' dir='ltr'>quove</span> <span class='ocrx_word' id='word_1_65' title='bbox 758 1107 875 1174; x_wconf 91' lang='lat' dir='ltr'>iudicio</span> <span class='ocrx_word' id='word_1_66' title='bbox 889 1107 950 1174; x_wconf 93' lang='lat' dir='ltr'>Dei</span> <span class='ocrx_word' id='word_1_67' title='bbox 965 1127 1122 1195; x_wconf 82' lang='lat' dir='ltr'>pauperes</span> <span class='ocrx_word' id='word_1_68' title='bbox 1137 1107 1254 1176; x_wconf 80' lang='lat' dir='ltr'>Christi</span> 
     </span>
     <span class='ocr_line' id='line_1_9' title="bbox 80 1224 1254 1312; baseline 0.002 -22"><span class='ocrx_word' id='word_1_69' title='bbox 80 1225 122 1290; x_wconf 87' lang='lat' dir='ltr'>sd</span> <span class='ocrx_word' id='word_1_70' title='bbox 142 1225 272 1292; x_wconf 85' lang='lat' dir='ltr'>ianuam</span> <span class='ocrx_word' id='word_1_71' title='bbox 294 1225 385 1310; x_wconf 81' lang='lat' dir='ltr'>regni</span> <span class='ocrx_word' id='word_1_72' title='bbox 406 1226 504 1292; x_wconf 90' lang='lat' dir='ltr'>vestri</span> <span class='ocrx_word' id='word_1_73' title='bbox 525 1225 560 1292; x_wconf 93' lang='lat' dir='ltr'>in</span> <span class='ocrx_word' id='word_1_74' title='bbox 582 1225 704 1291; x_wconf 87' lang='lat' dir='ltr'>camino</span> <span class='ocrx_word' id='word_1_75' title='bbox 727 1224 924 1312; x_wconf 79' lang='lat' dir='ltr'>paupertatis</span> <span class='ocrx_word' id='word_1_76' title='bbox 944 1224 1028 1292; x_wconf 82' lang='lat' dir='ltr'>tame</span> <span class='ocrx_word' id='word_1_77' title='bbox 1043 1231 1075 1292; x_wconf 89' lang='lat' dir='ltr'>et</span> <span class='ocrx_word' id='word_1_78' title='bbox 1088 1224 1162 1309; x_wconf 78' lang='lat' dir='ltr'>gelu</span> <span class='ocrx_word' id='word_1_79' title='bbox 1176 1225 1254 1293; x_wconf 83' lang='lat' dir='ltr'>foris</span> 
     </span>
     <span class='ocr_line' id='line_1_10' title="bbox 80 1339 1255 1426; baseline 0.004 -21"><span class='ocrx_word' id='word_1_80' title='bbox 80 1341 280 1426; x_wconf 88' lang='lat' dir='ltr'>cruciantur,</span> <span class='ocrx_word' id='word_1_81' title='bbox 313 1361 370 1408; x_wconf 91' lang='lat' dir='ltr'>vos</span> <span class='ocrx_word' id='word_1_82' title='bbox 398 1346 503 1408; x_wconf 85' lang='lat' dir='ltr'>autem</span> <span class='ocrx_word' id='word_1_83' title='bbox 531 1341 617 1408; x_wconf 91' lang='lat' dir='ltr'>intus</span> <span class='ocrx_word' id='word_1_84' title='bbox 648 1339 870 1426; x_wconf 85' lang='lat' dir='ltr'>consolamini,</span> <span class='ocrx_word' id='word_1_85' title='bbox 899 1359 993 1408; x_wconf 88' lang='lat' dir='ltr'>canes</span> <span class='ocrx_word' id='word_1_86' title='bbox 1023 1342 1121 1408; x_wconf 91' lang='lat' dir='ltr'>vestri</span> <span class='ocrx_word' id='word_1_87' title='bbox 1149 1377 1191 1388; x_wconf 94' lang='lat'><em>-</em></span> <span class='ocrx_word' id='word_1_88' title='bbox 1217 1348 1255 1410; x_wconf 91' lang='lat' dir='ltr'>nt</span> 
     </span>
     <span class='ocr_line' id='line_1_11' title="bbox 79 1455 1253 1545; baseline 0 -21"><span class='ocrx_word' id='word_1_89' title='bbox 79 1461 203 1524; x_wconf 86' lang='lat' dir='ltr'>taceam</span> <span class='ocrx_word' id='word_1_90' title='bbox 232 1457 271 1524; x_wconf 92' lang='lat' dir='ltr'>de</span> <span class='ocrx_word' id='word_1_91' title='bbox 292 1455 366 1524; x_wconf 87' lang='lat' dir='ltr'>filiis</span> <span class='ocrx_word' id='word_1_92' title='bbox 387 1461 596 1544; x_wconf 86' lang='lat' dir='ltr'>tyrannorum</span> <span class='ocrx_word' id='word_1_93' title='bbox 619 1493 660 1502; x_wconf 89' lang='lat'><em>-</em></span> <span class='ocrx_word' id='word_1_94' title='bbox 683 1456 819 1543; x_wconf 85' lang='lat' dir='ltr'>panibus</span> <span class='ocrx_word' id='word_1_95' title='bbox 841 1455 1034 1524; x_wconf 89' lang='lat' dir='ltr'>habundant.</span> <span class='ocrx_word' id='word_1_96' title='bbox 1081 1455 1132 1524; x_wconf 82' lang='lat' dir='ltr'>Ilii</span> <span class='ocrx_word' id='word_1_97' title='bbox 1153 1478 1253 1545; x_wconf 90' lang='lat' dir='ltr'>penn-</span> 
     </span>
     <span class='ocr_line' id='line_1_12' title="bbox 79 1572 1254 1659; baseline 0.003 -21"><span class='ocrx_word' id='word_1_98' title='bbox 79 1573 164 1640; x_wconf 87' lang='lat' dir='ltr'>riam</span> <span class='ocrx_word' id='word_1_99' title='bbox 186 1573 364 1659; x_wconf 87' lang='lat' dir='ltr'>paciuntur,</span> <span class='ocrx_word' id='word_1_100' title='bbox 388 1593 460 1640; x_wconf 92' lang='lat' dir='ltr'>cnm</span> <span class='ocrx_word' id='word_1_101' title='bbox 482 1579 589 1640; x_wconf 88' lang='lat' dir='ltr'>tamen</span> <span class='ocrx_word' id='word_1_102' title='bbox 611 1572 713 1639; x_wconf 87' lang='lat' dir='ltr'>micae</span> <span class='ocrx_word' id='word_1_103' title='bbox 735 1593 915 1640; x_wconf 87' lang='lat' dir='ltr'>mensarum</span> <span class='ocrx_word' id='word_1_104' title='bbox 939 1578 1126 1658; x_wconf 81' lang='lat' dir='ltr'>vestrarum,</span> <span class='ocrx_word' id='word_1_105' title='bbox 1150 1580 1186 1641; x_wconf 93' lang='lat' dir='ltr'>ut</span> <span class='ocrx_word' id='word_1_106' title='bbox 1207 1574 1254 1641; x_wconf 86' lang='lat' dir='ltr'>ita</span> 
     </span>
     <span class='ocr_line' id='line_1_13' title="bbox 78 1687 1254 1774; baseline 0.001 -18"><span class='ocrx_word' id='word_1_107' title='bbox 78 1688 197 1774; x_wconf 84' lang='lat' dir='ltr'>dicam,</span> <span class='ocrx_word' id='word_1_108' title='bbox 219 1689 400 1757; x_wconf 86' lang='lat' dir='ltr'>sufficerent</span> <span class='ocrx_word' id='word_1_109' title='bbox 419 1689 510 1756; x_wconf 92' lang='lat' dir='ltr'>nobis</span> <span class='ocrx_word' id='word_1_110' title='bbox 533 1688 575 1755; x_wconf 90' lang='lat' dir='ltr'>ad</span> <span class='ocrx_word' id='word_1_111' title='bbox 596 1687 809 1774; x_wconf 89' lang='lat' dir='ltr'>reficiendum,</span> <span class='ocrx_word' id='word_1_112' title='bbox 830 1687 973 1756; x_wconf 90' lang='lat' dir='ltr'>fimbriae</span> <span class='ocrx_word' id='word_1_113' title='bbox 994 1691 1254 1757; x_wconf 82' lang='lat' dir='ltr'>vestimentorum</span> 
     </span>
     <span class='ocr_line' id='line_1_14' title="bbox 78 1803 1253 1890; baseline 0.003 -19"><span class='ocrx_word' id='word_1_114' title='bbox 78 1811 258 1872; x_wconf 81' lang='lat' dir='ltr'>vestrorum</span> <span class='ocrx_word' id='word_1_115' title='bbox 282 1807 322 1872; x_wconf 85' lang='lat' dir='ltr'>ad</span> <span class='ocrx_word' id='word_1_116' title='bbox 344 1805 546 1872; x_wconf 90' lang='lat' dir='ltr'>induendum.</span> <span class='ocrx_word' id='word_1_117' title='bbox 579 1803 700 1872; x_wconf 87' lang='lat' dir='ltr'>Audiat</span> <span class='ocrx_word' id='word_1_118' title='bbox 721 1826 806 1890; x_wconf 82' lang='lat' dir='ltr'>ergo,</span> <span class='ocrx_word' id='word_1_119' title='bbox 830 1806 938 1872; x_wconf 90' lang='lat' dir='ltr'>audiat</span> <span class='ocrx_word' id='word_1_120' title='bbox 952 1803 1140 1872; x_wconf 90' lang='lat' dir='ltr'>universalis</span> <span class='ocrx_word' id='word_1_121' title='bbox 1155 1806 1253 1874; x_wconf 84' lang='lat' dir='ltr'>ecele-</span> 
     </span>
     <span class='ocr_line' id='line_1_15' title="bbox 79 1920 1252 2009; baseline -0.001 -20"><span class='ocrx_word' id='word_1_122' title='bbox 79 1923 131 1989; x_wconf 87' lang='lat' dir='ltr'>sia</span> <span class='ocrx_word' id='word_1_123' title='bbox 152 1929 185 1990; x_wconf 92' lang='lat' dir='ltr'>et</span> <span class='ocrx_word' id='word_1_124' title='bbox 206 1922 324 1990; x_wconf 91' lang='lat' dir='ltr'>indicet</span> <span class='ocrx_word' id='word_1_125' title='bbox 346 1923 384 1989; x_wconf 88' lang='lat' dir='ltr'>de</span> <span class='ocrx_word' id='word_1_126' title='bbox 400 1921 593 2006; x_wconf 84' lang='lat' dir='ltr'>Mogontino,</span> <span class='ocrx_word' id='word_1_127' title='bbox 618 1921 693 2006; x_wconf 92' lang='lat' dir='ltr'>quid</span> <span class='ocrx_word' id='word_1_128' title='bbox 714 1941 922 2009; x_wconf 87' lang='lat' dir='ltr'>responsurus</span> <span class='ocrx_word' id='word_1_129' title='bbox 946 1921 989 1988; x_wconf 89' lang='lat' dir='ltr'>sit</span> <span class='ocrx_word' id='word_1_130' title='bbox 1009 1921 1044 1988; x_wconf 92' lang='lat' dir='ltr'>in</span> <span class='ocrx_word' id='word_1_131' title='bbox 1058 1920 1120 1988; x_wconf 89' lang='lat' dir='ltr'>Dei</span> <span class='ocrx_word' id='word_1_132' title='bbox 1136 1921 1252 1988; x_wconf 89' lang='lat' dir='ltr'>iudicio</span> 
     </span>
     <span class='ocr_line' id='line_1_16' title="bbox 78 2037 1252 2126; baseline 0 -20"><span class='ocrx_word' id='word_1_133' title='bbox 78 2059 139 2125; x_wconf 91' lang='lat' dir='ltr'>pro</span> <span class='ocrx_word' id='word_1_134' title='bbox 168 2039 360 2126; x_wconf 78' lang='lat' dir='ltr'>pauperibus</span> <span class='ocrx_word' id='word_1_135' title='bbox 384 2037 516 2122; x_wconf 85' lang='lat' dir='ltr'>Christi,</span> <span class='ocrx_word' id='word_1_136' title='bbox 544 2038 598 2122; x_wconf 92' lang='lat' dir='ltr'>qui</span> <span class='ocrx_word' id='word_1_137' title='bbox 625 2039 729 2104; x_wconf 86' lang='lat' dir='ltr'>iacent</span> <span class='ocrx_word' id='word_1_138' title='bbox 757 2038 798 2103; x_wconf 85' lang='lat' dir='ltr'>ad</span> <span class='ocrx_word' id='word_1_139' title='bbox 824 2038 952 2104; x_wconf 86' lang='lat' dir='ltr'>ianuam</span> <span class='ocrx_word' id='word_1_140' title='bbox 977 2037 1059 2122; x_wconf 91' lang='lat' dir='ltr'>eius,</span> <span class='ocrx_word' id='word_1_141' title='bbox 1090 2037 1252 2124; x_wconf 89' lang='lat' dir='ltr'>cupientes</span> 
     </span>
     <span class='ocr_line' id='line_1_17' title="bbox 78 2153 1254 2240; baseline -0.002 -18"><span class='ocrx_word' id='word_1_142' title='bbox 78 2154 219 2222; x_wconf 86' lang='lat' dir='ltr'>saturari</span> <span class='ocrx_word' id='word_1_143' title='bbox 241 2154 280 2220; x_wconf 91' lang='lat' dir='ltr'>de</span> <span class='ocrx_word' id='word_1_144' title='bbox 301 2155 403 2238; x_wconf 91' lang='lat' dir='ltr'>micis,</span> <span class='ocrx_word' id='word_1_145' title='bbox 427 2174 506 2240; x_wconf 86' lang='lat' dir='ltr'>qnae</span> <span class='ocrx_word' id='word_1_146' title='bbox 529 2153 646 2220; x_wconf 89' lang='lat' dir='ltr'>cadunt</span> <span class='ocrx_word' id='word_1_147' title='bbox 668 2153 707 2220; x_wconf 89' lang='lat' dir='ltr'>de</span> <span class='ocrx_word' id='word_1_148' title='bbox 729 2173 840 2220; x_wconf 84' lang='lat' dir='ltr'>mense</span> <span class='ocrx_word' id='word_1_149' title='bbox 857 2153 1044 2220; x_wconf 79' lang='lat' dir='ltr'>diviciarum</span> <span class='ocrx_word' id='word_1_150' title='bbox 1059 2172 1198 2237; x_wconf 89' lang='lat' dir='ltr'>suarum,</span> <span class='ocrx_word' id='word_1_151' title='bbox 1222 2158 1254 2220; x_wconf 87' lang='lat' dir='ltr'>et</span> 
     </span>
     <span class='ocr_line' id='line_1_18' title="bbox 76 2267 1252 2356; baseline 0 -18"><span class='ocrx_word' id='word_1_152' title='bbox 76 2291 144 2338; x_wconf 90' lang='lat' dir='ltr'>ncn</span> <span class='ocrx_word' id='word_1_153' title='bbox 168 2275 216 2338; x_wconf 88' lang='lat' dir='ltr'>est</span> <span class='ocrx_word' id='word_1_154' title='bbox 238 2271 293 2356; x_wconf 90' lang='lat' dir='ltr'>qui</span> <span class='ocrx_word' id='word_1_155' title='bbox 315 2271 466 2356; x_wconf 81' lang='lat' dir='ltr'>porrigat,</span> <span class='ocrx_word' id='word_1_156' title='bbox 490 2269 599 2338; x_wconf 89' lang='lat' dir='ltr'>vestiri</span> <span class='ocrx_word' id='word_1_157' title='bbox 622 2270 661 2337; x_wconf 93' lang='lat' dir='ltr'>de</span> <span class='ocrx_word' id='word_1_158' title='bbox 682 2267 815 2338; x_wconf 87' lang='lat' dir='ltr'>fimbriis</span> <span class='ocrx_word' id='word_1_159' title='bbox 838 2270 1098 2338; x_wconf 85' lang='lat' dir='ltr'>vestimentorum</span> <span class='ocrx_word' id='word_1_160' title='bbox 1112 2289 1252 2354; x_wconf 88' lang='lat' dir='ltr'>suorum,</span> 
     </span>
    </p>
   </div>
   <div class='ocr_carea' id='block_1_3' title="bbox 77 2375 500 2474">
    <p class='ocr_par' dir='ltr' id='par_1_3' title="bbox 77 2375 500 2474">
     <span class='ocr_line' id='line_1_19' title="bbox 77 2375 500 2474; baseline -0.005 -18"><span class='ocrx_word' id='word_1_161' title='bbox 77 2393 112 2456; x_wconf 91' lang='lat' dir='ltr'>et</span> <span class='ocrx_word' id='word_1_162' title='bbox 134 2375 199 2456; x_wconf 90' lang='lat' dir='ltr'>non</span> <span class='ocrx_word' id='word_1_163' title='bbox 221 2393 269 2456; x_wconf 90' lang='lat' dir='ltr'>est</span> <span class='ocrx_word' id='word_1_164' title='bbox 291 2387 345 2474; x_wconf 91' lang='lat' dir='ltr'>qui</span> <span class='ocrx_word' id='word_1_165' title='bbox 369 2387 500 2474; x_wconf 87' lang='lat' dir='ltr'>operiat.</span> 
     </span>
    </p>
   </div>
   <div class='ocr_carea' id='block_1_4' title="bbox 81 2573 1251 3010">
    <p class='ocr_par' dir='ltr' id='par_1_4' title="bbox 81 2573 1251 3010">
     <span class='ocr_line' id='line_1_20' title="bbox 81 2573 1251 2662; baseline -0.007 -17"><span class='ocrx_word' id='word_1_166' title='bbox 81 2573 144 2645; x_wconf 87' lang='grc'>57.</span> <span class='ocrx_word' id='word_1_167' title='bbox 169 2576 352 2642; x_wconf 82' lang='lat' dir='ltr'>Alecacder</span> <span class='ocrx_word' id='word_1_168' title='bbox 368 2575 429 2640; x_wconf 88' lang='lat' dir='ltr'>III</span> <span class='ocrx_word' id='word_1_169' title='bbox 445 2597 534 2662; x_wconf 78' lang='lat' dir='ltr'>papo</span> <span class='ocrx_word' id='word_1_170' title='bbox 557 2573 738 2640; x_wconf 81' lang='lat' dir='ltr'>Conradcm</span> <span class='ocrx_word' id='word_1_171' title='bbox 753 2574 777 2638; x_wconf 91' lang='lat' dir='ltr'><em>I</em></span> <span class='ocrx_word' id='word_1_172' title='bbox 794 2573 1065 2661; x_wconf 64' lang='lat' dir='ltr'>crobiepbcopum</span> <span class='ocrx_word' id='word_1_173' title='bbox 1087 2573 1251 2659; x_wconf 75' lang='lat' dir='ltr'>Mopunta&#39;-</span> 
     </span>
     <span class='ocr_line' id='line_1_21' title="bbox 169 2689 1251 2779; baseline -0.003 -22"><span class='ocrx_word' id='word_1_174' title='bbox 169 2715 261 2773; x_wconf 82' lang='lat' dir='ltr'>num,</span> <span class='ocrx_word' id='word_1_175' title='bbox 291 2691 585 2779; x_wconf 81' lang='lat' dir='ltr'>apostolicaesedis</span> <span class='ocrx_word' id='word_1_176' title='bbox 610 2689 762 2776; x_wconf 74' lang='lat' dir='ltr'>loquium,</span> <span class='ocrx_word' id='word_1_177' title='bbox 790 2703 908 2771; x_wconf 81' lang='lat' dir='ltr'>mouet,</span> <span class='ocrx_word' id='word_1_178' title='bbox 932 2713 971 2755; x_wconf 83' lang='lat' dir='ltr'>nc</span> <span class='ocrx_word' id='word_1_179' title='bbox 993 2693 1075 2755; x_wconf 81' lang='lat' dir='ltr'>iuter</span> <span class='ocrx_word' id='word_1_180' title='bbox 1095 2703 1251 2754; x_wconf 77' lang='lat' dir='ltr'>monaste·</span> 
     </span>
     <span class='ocr_line' id='line_1_22' title="bbox 169 2805 1251 2874; baseline -0.003 -1"><span class='ocrx_word' id='word_1_181' title='bbox 169 2813 254 2873; x_wconf 65' lang='lat' dir='ltr'>rium</span> <span class='ocrx_word' id='word_1_182' title='bbox 279 2807 314 2874; x_wconf 84' lang='lat' dir='ltr'>S.</span> <span class='ocrx_word' id='word_1_183' title='bbox 331 2809 471 2873; x_wconf 74' lang='lat' dir='ltr'>Zenonis</span> <span class='ocrx_word' id='word_1_184' title='bbox 493 2805 666 2872; x_wconf 79' lang='lat' dir='ltr'>Voroccrcse</span> <span class='ocrx_word' id='word_1_185' title='bbox 693 2819 722 2871; x_wconf 86' lang='lat' dir='ltr'>ot</span> <span class='ocrx_word' id='word_1_186' title='bbox 748 2809 827 2871; x_wconf 79' lang='lat' dir='ltr'>cioca</span> <span class='ocrx_word' id='word_1_187' title='bbox 850 2805 1070 2871; x_wconf 62' lang='lat' dir='ltr'>Farrariorum</span> <span class='ocrx_word' id='word_1_188' title='bbox 1093 2807 1251 2870; x_wconf 81' lang='lat' dir='ltr'>diiudica-</span> 
     </span>
     <span class='ocr_line' id='line_1_23' title="bbox 170 2914 755 3010; baseline -0.01 -19"><span class='ocrx_word' id='word_1_189' title='bbox 170 2937 236 2991; x_wconf 81' lang='lat' dir='ltr'>rom</span> <span class='ocrx_word' id='word_1_190' title='bbox 258 2927 501 2990; x_wconf 68' lang='lat' dir='ltr'>conboccrao&#39;am</span> <span class='ocrx_word' id='word_1_191' title='bbox 523 2914 755 3010; x_wconf 73' lang='lat' dir='ltr'>redinteqr·et&#39;¹.</span> 
     </span>
    </p>
   </div>
   <div class='ocr_carea' id='block_1_5' title="bbox 1 3051 1355 3958">
    <p class='ocr_par' dir='ltr' id='par_1_5' title="bbox 76 3051 1355 3376">
     <span class='ocr_line' id='line_1_24' title="bbox 169 3051 1347 3143; baseline -0.003 -19"><span class='ocrx_word' id='word_1_192' title='bbox 169 3056 352 3125; x_wconf 74' lang='lat' dir='ltr'>Alexander</span> <span class='ocrx_word' id='word_1_193' title='bbox 375 3056 540 3143; x_wconf 91' lang='lat' dir='ltr'>episcopus</span> <span class='ocrx_word' id='word_1_194' title='bbox 563 3075 672 3122; x_wconf 88' lang='lat' dir='ltr'>servus</span> <span class='ocrx_word' id='word_1_195' title='bbox 695 3073 858 3120; x_wconf 87' lang='lat' dir='ltr'>servornm</span> <span class='ocrx_word' id='word_1_196' title='bbox 881 3053 941 3120; x_wconf 92' lang='lat' dir='ltr'>Dei</span> <span class='ocrx_word' id='word_1_197' title='bbox 964 3051 1136 3121; x_wconf 85' lang='lat' dir='ltr'>venerabili</span> <span class='ocrx_word' id='word_1_198' title='bbox 1158 3053 1250 3120; x_wconf 80' lang='lat' dir='ltr'>fratri</span> <span class='ocrx_word' id='word_1_199' title='bbox 1279 3068 1347 3121; x_wconf 76' lang='lat'>1172</span> 
     </span>
     <span class='ocr_line' id='line_1_25' title="bbox 77 3140 1355 3258; baseline -0.008 -15"><span class='ocrx_word' id='word_1_200' title='bbox 77 3173 252 3258; x_wconf 85' lang='lat' dir='ltr'>G(onrado)</span> <span class='ocrx_word' id='word_1_201' title='bbox 274 3173 458 3257; x_wconf 79' lang='lat' dir='ltr'>Magantino</span> <span class='ocrx_word' id='word_1_202' title='bbox 488 3171 721 3258; x_wconf 83' lang='lat' dir='ltr'>archiepiscopo</span> <span class='ocrx_word' id='word_1_203' title='bbox 748 3169 941 3257; x_wconf 88' lang='lat' dir='ltr'>apostolicae</span> <span class='ocrx_word' id='word_1_204' title='bbox 967 3168 1051 3236; x_wconf 90' lang='lat' dir='ltr'>sedis</span> <span class='ocrx_word' id='word_1_205' title='bbox 1072 3169 1177 3254; x_wconf 80' lang='lat' dir='ltr'>legato</span> <span class='ocrx_word' id='word_1_206' title='bbox 1199 3189 1250 3234; x_wconf 87' lang='lat' dir='ltr'>sa·</span> <span class='ocrx_word' id='word_1_207' title='bbox 1269 3140 1355 3188; x_wconf 57' lang='grc' dir='ltr'><em>Μ</em></span> 
     </span>
     <span class='ocr_line' id='line_1_26' title="bbox 76 3287 742 3376; baseline -0.005 -19"><span class='ocrx_word' id='word_1_208' title='bbox 76 3291 178 3359; x_wconf 87' lang='lat' dir='ltr'>lntcm</span> <span class='ocrx_word' id='word_1_209' title='bbox 203 3295 235 3356; x_wconf 89' lang='lat' dir='ltr'>et</span> <span class='ocrx_word' id='word_1_210' title='bbox 256 3289 461 3376; x_wconf 84' lang='lat' dir='ltr'>apostolicam</span> <span class='ocrx_word' id='word_1_211' title='bbox 484 3287 742 3355; x_wconf 88' lang='lat' dir='ltr'>benedictionem.</span> 
     </span>
    </p>

    <p class='ocr_par' dir='ltr' id='par_1_6' title="bbox 77 3401 1251 3836">
     <span class='ocr_line' id='line_1_27' title="bbox 170 3401 1251 3492; baseline -0.008 -18"><span class='ocrx_word' id='word_1_212' title='bbox 170 3406 288 3474; x_wconf 87' lang='lat' dir='ltr'>Dilecti</span> <span class='ocrx_word' id='word_1_213' title='bbox 308 3405 366 3472; x_wconf 90' lang='lat' dir='ltr'>filii</span> <span class='ocrx_word' id='word_1_214' title='bbox 389 3405 500 3488; x_wconf 85' lang='lat' dir='ltr'>nostri,</span> <span class='ocrx_word' id='word_1_215' title='bbox 527 3403 565 3471; x_wconf 88' lang='lat' dir='ltr'>G.</span> <span class='ocrx_word' id='word_1_216' title='bbox 588 3407 728 3492; x_wconf 85' lang='lat' dir='ltr'>potestas</span> <span class='ocrx_word' id='word_1_217' title='bbox 747 3401 934 3470; x_wconf 86' lang='lat' dir='ltr'>Veronensis</span> <span class='ocrx_word' id='word_1_218' title='bbox 958 3406 990 3468; x_wconf 90' lang='lat' dir='ltr'>et</span> <span class='ocrx_word' id='word_1_219' title='bbox 1012 3401 1152 3468; x_wconf 89' lang='lat' dir='ltr'>eiusdem</span> <span class='ocrx_word' id='word_1_220' title='bbox 1174 3401 1251 3466; x_wconf 91' lang='lat' dir='ltr'>civi-</span> 
     </span>
     <span class='ocr_line' id='line_1_28' title="bbox 77 3517 1250 3602; baseline -0.009 -10"><span class='ocrx_word' id='word_1_221' title='bbox 77 3526 154 3592; x_wconf 86' lang='lat' dir='ltr'>tatis</span> <span class='ocrx_word' id='word_1_222' title='bbox 189 3521 399 3590; x_wconf 90' lang='lat' dir='ltr'>communitas</span> <span class='ocrx_word' id='word_1_223' title='bbox 433 3519 628 3588; x_wconf 88' lang='lat' dir='ltr'>transmissis</span> <span class='ocrx_word' id='word_1_224' title='bbox 657 3519 748 3586; x_wconf 90' lang='lat' dir='ltr'>nobis</span> <span class='ocrx_word' id='word_1_225' title='bbox 776 3518 891 3586; x_wconf 91' lang='lat' dir='ltr'>litteris</span> <span class='ocrx_word' id='word_1_226' title='bbox 919 3518 1122 3602; x_wconf 86' lang='lat' dir='ltr'>intimarunt,</span> <span class='ocrx_word' id='word_1_227' title='bbox 1157 3517 1250 3602; x_wconf 89' lang='lat' dir='ltr'>quod,</span> 
     </span>
     <span class='ocr_line' id='line_1_29' title="bbox 77 3631 1249 3726; baseline -0.007 -18"><span class='ocrx_word' id='word_1_228' title='bbox 77 3661 151 3708; x_wconf 92' lang='lat' dir='ltr'>cum</span> <span class='ocrx_word' id='word_1_229' title='bbox 174 3659 270 3726; x_wconf 90' lang='lat' dir='ltr'>snper</span> <span class='ocrx_word' id='word_1_230' title='bbox 291 3637 519 3722; x_wconf 88' lang='lat' dir='ltr'>controversia,</span> <span class='ocrx_word' id='word_1_231' title='bbox 543 3656 623 3721; x_wconf 90' lang='lat' dir='ltr'>quae</span> <span class='ocrx_word' id='word_1_232' title='bbox 645 3637 727 3702; x_wconf 90' lang='lat' dir='ltr'>inter</span> <span class='ocrx_word' id='word_1_233' title='bbox 748 3635 973 3702; x_wconf 85' lang='lat' dir='ltr'>monasterium</span> <span class='ocrx_word' id='word_1_234' title='bbox 995 3633 1096 3700; x_wconf 89' lang='lat' dir='ltr'>sancti</span> <span class='ocrx_word' id='word_1_235' title='bbox 1114 3631 1249 3700; x_wconf 89' lang='lat' dir='ltr'>Zenonis</span> 
     </span>
     <span class='ocr_line' id='line_1_30' title="bbox 78 3749 1250 3836; baseline -0.008 -12"><span class='ocrx_word' id='word_1_236' title='bbox 78 3763 112 3826; x_wconf 88' lang='lat' dir='ltr'>et</span> <span class='ocrx_word' id='word_1_237' title='bbox 138 3759 224 3825; x_wconf 90' lang='lat' dir='ltr'>cives</span> <span class='ocrx_word' id='word_1_238' title='bbox 246 3753 272 3822; x_wconf 85' lang='lat' dir='ltr'>F</span> <span class='ocrx_word' id='word_1_239' title='bbox 274 3754 466 3822; x_wconf 79' lang='lat' dir='ltr'>asturienses</span> <span class='ocrx_word' id='word_1_240' title='bbox 494 3753 533 3820; x_wconf 90' lang='lat' dir='ltr'>de</span> <span class='ocrx_word' id='word_1_241' title='bbox 554 3752 691 3819; x_wconf 87' lang='lat' dir='ltr'>Hostilia</span> <span class='ocrx_word' id='word_1_242' title='bbox 713 3751 831 3818; x_wconf 91' lang='lat' dir='ltr'>diutius</span> <span class='ocrx_word' id='word_1_243' title='bbox 854 3755 902 3818; x_wconf 89' lang='lat' dir='ltr'>est</span> <span class='ocrx_word' id='word_1_244' title='bbox 924 3750 1057 3835; x_wconf 85' lang='lat' dir='ltr'>agitata,</span> <span class='ocrx_word' id='word_1_245' title='bbox 1086 3769 1144 3836; x_wconf 91' lang='lat' dir='ltr'>per</span> <span class='ocrx_word' id='word_1_246' title='bbox 1167 3749 1250 3816; x_wconf 89' lang='lat' dir='ltr'>arbi·</span> 
     </span>
    </p>

    <p class='ocr_par' dir='ltr' id='par_1_7' title="bbox 1 3864 1250 3958">
     <span class='ocr_line' id='line_1_31' title="bbox 1 3864 1250 3958; baseline -0.007 -17"><span class='ocrx_word' id='word_1_247' title='bbox 1 3879 2 3890; x_wconf 76' lang='grc'>’</span> <span class='ocrx_word' id='word_1_248' title='bbox 78 3879 165 3940; x_wconf 68' lang='lat' dir='ltr'>bum</span> <span class='ocrx_word' id='word_1_249' title='bbox 194 3871 350 3958; x_wconf 87' lang='lat' dir='ltr'>quendam</span> <span class='ocrx_word' id='word_1_250' title='bbox 373 3869 524 3937; x_wconf 83' lang='lat' dir='ltr'>Ubartum</span> <span class='ocrx_word' id='word_1_251' title='bbox 548 3869 587 3936; x_wconf 94' lang='lat' dir='ltr'>de</span> <span class='ocrx_word' id='word_1_252' title='bbox 610 3869 701 3952; x_wconf 88' lang='lat' dir='ltr'>Orto,</span> <span class='ocrx_word' id='word_1_253' title='bbox 732 3888 825 3954; x_wconf 88' lang='lat' dir='ltr'>quem</span> <span class='ocrx_word' id='word_1_254' title='bbox 847 3872 980 3954; x_wconf 86' lang='lat' dir='ltr'>utraque</span> <span class='ocrx_word' id='word_1_255' title='bbox 1002 3887 1077 3954; x_wconf 86' lang='lat' dir='ltr'>pars</span> <span class='ocrx_word' id='word_1_256' title='bbox 1101 3864 1196 3950; x_wconf 81' lang='lat' dir='ltr'>elegit</span> <span class='ocrx_word' id='word_1_257' title='bbox 1216 3865 1250 3932; x_wconf 95' lang='lat' dir='ltr'>in</span> 
     </span>
    </p>
   </div>
   <div class='ocr_carea' id='block_1_6' title="bbox 153 3979 1209 4076">
    <p class='ocr_par' dir='ltr' id='par_1_8' title="bbox 153 3979 1209 4076">
     <span class='ocr_line' id='line_1_32' title="bbox 153 3979 1209 4076; baseline -0.006 -14"><span class='ocrx_word' id='word_1_258' title='bbox 153 4029 174 4062; x_wconf 69' lang='grc' dir='ltr'><strong>ι</strong></span> <span class='ocrx_word' id='word_1_259' title='bbox 195 4015 277 4062; x_wconf 78' lang='lat' dir='ltr'>sarco</span> <span class='ocrx_word' id='word_1_260' title='bbox 294 3979 767 4076; x_wconf 68' lang='lat' dir='ltr'>Ugueste·1satsaeaora,ssomaeltbt,</span> <span class='ocrx_word' id='word_1_261' title='bbox 786 4011 875 4068; x_wconf 65' lang='lat' dir='ltr'>visu</span> <span class='ocrx_word' id='word_1_262' title='bbox 892 4021 913 4056; x_wconf 72' lang='lat' dir='ltr'>a</span> <span class='ocrx_word' id='word_1_263' title='bbox 930 4011 1026 4058; x_wconf 52' lang='lat' dir='ltr'>ramses</span> <span class='ocrx_word' id='word_1_264' title='bbox 1038 4010 1106 4066; x_wconf 75' lang='lat' dir='ltr'>arao,</span> <span class='ocrx_word' id='word_1_265' title='bbox 1125 4009 1209 4056; x_wconf 74' lang='lat' dir='ltr'>vrso</span> 
     </span>
    </p>
   </div>
   <div class='ocr_carea' id='block_1_7' title="bbox 77 4103 1249 4448">
    <p class='ocr_par' dir='ltr' id='par_1_9' title="bbox 77 4103 1249 4448">
     <span class='ocr_line' id='line_1_33' title="bbox 151 4103 1249 4178; baseline -0.007 -12"><span class='ocrx_word' id='word_1_266' title='bbox 151 4111 177 4166; x_wconf 93' lang='lat'>1.</span> <span class='ocrx_word' id='word_1_267' title='bbox 201 4110 233 4166; x_wconf 92' lang='lat' dir='ltr'>ln</span> <span class='ocrx_word' id='word_1_268' title='bbox 252 4109 379 4178; x_wconf 86' lang='lat' dir='ltr'>ngsstis</span> <span class='ocrx_word' id='word_1_269' title='bbox 402 4105 498 4178; x_wconf 83' lang='lat' dir='ltr'>pontif.</span> <span class='ocrx_word' id='word_1_270' title='bbox 517 4109 700 4162; x_wconf 86' lang='lat' dir='ltr'>Romanorum</span> <span class='ocrx_word' id='word_1_271' title='bbox 717 4121 745 4176; x_wconf 91' lang='lat' dir='ltr'>p.</span> <span class='ocrx_word' id='word_1_272' title='bbox 759 4107 811 4160; x_wconf 85' lang='grc'>742</span> <span class='ocrx_word' id='word_1_273' title='bbox 829 4123 855 4160; x_wconf 92' lang='lat' dir='ltr'>n.</span> <span class='ocrx_word' id='word_1_274' title='bbox 869 4107 938 4160; x_wconf 87' lang='grc'><strong>8017</strong></span> <span class='ocrx_word' id='word_1_275' title='bbox 957 4105 1028 4160; x_wconf 89' lang='lat' dir='ltr'>banc</span> <span class='ocrx_word' id='word_1_276' title='bbox 1051 4103 1194 4173; x_wconf 87' lang='lat' dir='ltr'>epistolam</span> <span class='ocrx_word' id='word_1_277' title='bbox 1212 4103 1249 4158; x_wconf 88' lang='lat' dir='ltr'>ad</span> 
     </span>
     <span class='ocr_line' id='line_1_34' title="bbox 78 4193 1247 4270; baseline -0.009 -14"><span class='ocrx_word' id='word_1_278' title='bbox 78 4201 199 4270; x_wconf 64' lang='grc' dir='ltr'>εωῇιιω</span> <span class='ocrx_word' id='word_1_279' title='bbox 217 4214 349 4254; x_wconf 87' lang='lat' dir='ltr'>annorum</span> <span class='ocrx_word' id='word_1_280' title='bbox 362 4199 429 4253; x_wconf 92' lang='grc'><strong>1171</strong></span> <span class='ocrx_word' id='word_1_281' title='bbox 448 4201 477 4251; x_wconf 89' lang='lat' dir='ltr'>et</span> <span class='ocrx_word' id='word_1_282' title='bbox 491 4197 560 4252; x_wconf 77' lang='lat'>1172</span> <span class='ocrx_word' id='word_1_283' title='bbox 579 4195 666 4251; x_wconf 79' lang='lat' dir='ltr'>tutudi.</span> <span class='ocrx_word' id='word_1_284' title='bbox 693 4193 748 4250; x_wconf 89' lang='lat' dir='ltr'>Sed</span> <span class='ocrx_word' id='word_1_285' title='bbox 762 4193 917 4250; x_wconf 80' lang='lat' dir='ltr'>Comedum</span> <span class='ocrx_word' id='word_1_286' title='bbox 935 4193 1167 4264; x_wconf 87' lang='lat' dir='ltr'>archiepiscopum</span> <span class='ocrx_word' id='word_1_287' title='bbox 1186 4208 1247 4247; x_wconf 90' lang='lat' dir='ltr'>cum</span> 
     </span>
     <span class='ocr_line' id='line_1_35' title="bbox 78 4283 1248 4356; baseline -0.005 -12"><span class='ocrx_word' id='word_1_288' title='bbox 78 4288 221 4344; x_wconf 82' lang='lat' dir='ltr'>mensibus</span> <span class='ocrx_word' id='word_1_289' title='bbox 239 4287 365 4343; x_wconf 81' lang='lat' dir='ltr'>Ianuario</span> <span class='ocrx_word' id='word_1_290' title='bbox 388 4292 416 4341; x_wconf 91' lang='lat' dir='ltr'>et</span> <span class='ocrx_word' id='word_1_291' title='bbox 433 4285 581 4342; x_wconf 83' lang='lat' dir='ltr'>Februario</span> <span class='ocrx_word' id='word_1_292' title='bbox 604 4285 668 4340; x_wconf 87' lang='lat' dir='ltr'>anni</span> <span class='ocrx_word' id='word_1_293' title='bbox 688 4286 755 4339; x_wconf 93' lang='grc'><strong>1171</strong></span> <span class='ocrx_word' id='word_1_294' title='bbox 775 4284 803 4340; x_wconf 93' lang='lat' dir='ltr'>in</span> <span class='ocrx_word' id='word_1_295' title='bbox 827 4284 902 4339; x_wconf 88' lang='lat' dir='ltr'>curia</span> <span class='ocrx_word' id='word_1_296' title='bbox 919 4283 1010 4356; x_wconf 85' lang='lat' dir='ltr'>papati</span> <span class='ocrx_word' id='word_1_297' title='bbox 1029 4287 1168 4339; x_wconf 86' lang='lat' dir='ltr'>versatum</span> <span class='ocrx_word' id='word_1_298' title='bbox 1186 4297 1248 4338; x_wconf 92' lang='lat' dir='ltr'>esse</span> 
     </span>
     <span class='ocr_line' id='line_1_36' title="bbox 77 4375 930 4448; baseline -0.008 -14"><span class='ocrx_word' id='word_1_299' title='bbox 77 4378 222 4448; x_wconf 82' lang='lat' dir='ltr'>reperiam,</span> <span class='ocrx_word' id='word_1_300' title='bbox 241 4376 384 4447; x_wconf 86' lang='lat' dir='ltr'>epistolam</span> <span class='ocrx_word' id='word_1_301' title='bbox 403 4380 517 4446; x_wconf 83' lang='lat' dir='ltr'>apparet</span> <span class='ocrx_word' id='word_1_302' title='bbox 535 4389 606 4430; x_wconf 90' lang='lat' dir='ltr'>anno</span> <span class='ocrx_word' id='word_1_303' title='bbox 626 4375 695 4429; x_wconf 81' lang='lat'>1172</span> <span class='ocrx_word' id='word_1_304' title='bbox 713 4375 842 4444; x_wconf 85' lang='lat' dir='ltr'>scriptam</span> <span class='ocrx_word' id='word_1_305' title='bbox 860 4387 930 4428; x_wconf 85' lang='lat' dir='ltr'>osso.</span> 
     </span>
    </p>
   </div>
   <div class='ocr_carea' id='block_1_8' title="bbox 0 0 1578 4846">
    <p class='ocr_par' dir='ltr' id='par_1_10' title="bbox 0 0 1578 4846">
     <span class='ocr_line' id='line_1_37' title="bbox 0 0 1578 4846; baseline 0 2"><span class='ocrx_word' id='word_1_306' title='bbox 0 0 1578 4846; x_wconf 95' lang='lat' dir='ltr'> </span> 
     </span>
    </p>
   </div>
  </div>
 </body>
</html>
