3110 4844
275 287 301 334 s
318 285 494 334 normann
514 286 559 334 rr
580 285 683 334 numu
704 284 892 334 urrerem
914 284 966 330 rao.
982 284 1026 330 rar
1165 266 1229 334 29⁵1

89 435 226 516 patescere
258 426 445 496 infirmitati
485 427 522 494 ln
555 427 749 496 orationibus
782 427 846 496 tuis
879 427 1133 496 commendamus
1160 447 1230 512 noa,
1249 433 1389 492 tot-786

87 544 261 612 smobssimo
284 550 383 631 pater.

144 660 393 728 Sanctissimo
424 660 560 728 domno
589 659 703 727 Lullo
734 659 919 747 episcopo
941 657 1157 728 winbertus

481 777 666 860 indiguus
694 775 822 844 abbas.

86 989 156 1060 131.
176 992 262 1058 Doto
286 993 381 1058 obbae
406 990 442 1058 S.
459 991 551 1058 Perre
565 990 659 1058 Latio
683 994 829 1080 episcopo
852 992 962 1058 aaut
975 993 1143 1058 demutare
1153 1015 1230 1080 pro·

176 1108 350 1174 rationibue
364 1109 556 1194 saeioudie⁸.
826 1105 861 1190 (S
878 1109 931 1191 84,
954 1105 994 1174 W
1013 1109 1086 1192 121,
1110 1105 1137 1174 G
1156 1110 1231 1188 110)

153 1241 308 1308 'Domino
331 1247 450 1326 sancto,
474 1245 654 1308 sanctorum
676 1240 752 1326 quia
772 1241 894 1308 maritis
917 1242 1133 1328 quoaquando,
1160 1247 1193 1310 at
1213 1263 1233 1310 a
1250 1253 1391 1308 too-786

78 1358 155 1424 nobis
182 1378 254 1424 cum
285 1378 409 1424 summa
436 1357 637 1425 veneratione
659 1355 818 1440 diligendo
841 1358 874 1424 in
898 1355 1024 1428 Christo
1045 1363 1136 1444 patre
1158 1356 1233 1426 Lul-

76 1474 137 1540 lono
159 1475 308 1561 episeopo
330 1470 430 1542 Doto¹
454 1493 562 1541 servus
586 1493 748 1540 servorum
768 1473 840 1558 Dei,
863 1474 959 1540 etiam
982 1479 1015 1540 et
1035 1493 1143 1542 omues
1166 1494 1233 1541 mo·

76 1590 155 1656 rachi
186 1591 289 1658 sancti
310 1589 397 1658 Petri
420 1589 634 1676 apostolorum
657 1589 811 1676 principi,
840 1588 1020 1674 degentium
1042 1590 1100 1657 sub
1123 1610 1234 1658 norma

74 1711 191 1773 amotae
221 1705 365 1792 regulae,
399 1711 559 1774 aeternam
588 1705 623 1772 in
650 1705 777 1772 domino
806 1711 914 1772 nostro
943 1706 1012 1774 lesu
1041 1705 1166 1774 Christo
1193 1706 1233 1774 ud

72 1824 266 1890 uuadtatem
289 1828 427 1890 verbam
450 1824 602 1890 distinere
624 1823 802 1890 curavimus
825 1821 968 1890 salutm.

150 1939 227 2006 ldae
249 1940 458 2026 omnipotenti
478 1939 613 2007 Domino
636 1939 755 2022 gratias
777 1938 953 2022 referimus,
976 1943 1012 2004 ut
1033 1937 1150 2022 omnio,
1173 1958 1234 2024 que

69 2056 145 2122 cirea
167 2077 227 2122 voa
251 2061 340 2140 sunt,
363 2075 516 2142 prospera
538 2075 601 2123 uon
624 2054 726 2122 solum
748 2055 910 2140 habemus,
934 2054 989 2122 aed
1012 2061 1045 2122 at
1065 2054 1126 2122 boc
1146 2055 1234 2122 iude-

69 2171 205 2240 sinautar
232 2171 358 2240 sedulas
385 2172 508 2259 praecis
531 2171 660 2238 Domini
688 2171 936 2238 misericordiam
959 2170 1169 2258 inploramus:
1199 2177 1235 2240 ut

67 2289 126 2354 vita
153 2295 265 2358 vestra
290 2288 432 2374 longerie
459 2289 556 2356 iaciat
580 2288 632 2356 bic
659 2287 796 2372 gaudere
824 2287 1019 2376 temporibus
1047 2287 1172 2356 stillio
1199 2289 1234 2356 iu

66 2409 193 2474 aeterna
216 2405 410 2474 beatitudine
433 2425 504 2472 cum
526 2406 644 2472 sanctia
666 2405 732 2472 auia
747 2403 844 2472 faciat
857 2405 976 2492 paritor
990 2404 1106 2472 letarc⁶
1122 2406 1234 2474 trium·

65 2521 140 2606 pbia.
225 2522 276 2589 De
297 2525 400 2588 cetero
424 2522 577 2608 quamvis,
600 2520 834 2588 amantissima*
855 2527 955 2609 pater,
978 2527 1152 2590 terrarum·
1166 2522 1235 2592 lon·

64 2638 170 2720 gitudo
194 2658 256 2706 nos
278 2643 441 2724 separatos
456 2637 609 2722 videmur,
633 2643 739 2706 mutan
757 2636 929 2706 terrarum'
942 2635 1156 2723 longinquitas
1172 2660 1234 2708 non

62 2752 174 2822 dividit
204 2760 330 2838 moute,
362 2773 440 2839 quos
469 2753 584 2820 caritas
607 2753 716 2820 divina
737 2754 901 2820 coniunxit
922 2755 955 2820 iu
978 2754 1080 2821 corde.
1115 2754 1234 2824 Idcirco

62 2875 237 2958 conpareat
259 2872 408 2938 sauctitas
430 2875 546 2954 uerba,
570 2869 644 2956 quia
665 2889 723 2937 noa
746 2890 854 2938 omnes
876 2889 934 2957 per
949 2869 1145 2938 obedieutia³
1160 2871 1235 2942 almi

60 2989 159 3071 patris
186 2987 293 3054 nostri
306 2987 432 3054 Dodoni
456 2986 563 3054 abbati
585 2991 617 3053 at
638 3006 696 3073 pro
720 3005 826 3054 amore
848 2991 954 3054 vestra
976 2987 1063 3054 omui
1084 2987 1234 3056 sollicitu-

61 3101 130 3170 dine
154 3125 222 3192 pro
238 3103 327 3172 vobis
343 3109 375 3170 et
390 3103 625 3173 devotissimam
641 3107 782 3170 saucmm
797 3103 1071 3187 congregationem
1084 3110 1234 3188 uestram,

59 3219 185 3286 aDeo⁵
204 3219 294 3288 vobis
318 3221 529 3304 commissam,
552 3219 587 3284 in
609 3220 726 3286 nostris
749 3219 884 3286 assiduis
905 3220 1009 3306 precis
1025 3220 1154 3288 Domini
1175 3221 1235 3288 mi·

56 3337 272 3406 duricordiam
294 3355 424 3402 exorare
446 3355 509 3402 uon
532 3335 720 3402 desinemus.
754 3334 854 3419 Igitur
875 3355 947 3402 cum
970 3335 1168 3404 salutationis
1189 3337 1235 3404 oi·

57 3449 134 3520 ficiis
159 3451 281 3518 humili
304 3471 398 3538 prece
419 3452 632 3539 deposuimus:
657 3457 692 3518 ut
713 3451 776 3518 iste
797 3449 919 3520 familia
941 3451 1059 3521 Christi
1081 3459 1113 3522 et
1135 3454 1236 3522 sancti

55 3567 141 3636 Petri
173 3571 215 3636 in
245 3573 350 3636 vestra
377 3568 673 3636 commemoratione
699 3587 824 3654 semper
847 3567 1003 3648 habeatis3
1032 3574 1064 3636 et
1086 3570 1157 3656 ipsa
1178 3591 1235 3657 per

56 3704 169 3754 omnes
203 3685 323 3752 amicos
351 3691 472 3752 vesum
496 3720 536 3730 —
560 3689 627 3752 tam
655 3684 810 3771 episcopis
839 3687 871 3752 at
899 3703 1006 3752 eoram
1033 3685 1117 3754 ciero
1140 3707 1235 3772 quam

55 3802 235 3870 abbatibus
258 3806 290 3868 at
303 3820 412 3868 eorum
427 3800 589 3868 monacbis
604 3820 660 3868 seu
674 3806 707 3867 et
721 3799 888 3868 abbatisam
904 3799 954 3868 val
967 3801 1036 3868 Deo
1051 3801 1178 3870 docatus
1192 3837 1234 3850 -

53 3918 114 3986 ista
137 3918 393 4002 congregatione
409 3917 510 3984 sancti
524 3915 622 4002 Petri,
645 3921 786 3984 oratores
800 3922 932 4001 vermos,
956 3923 1022 3984 tam
1037 3918 1125 3985 vivos
1140 3939 1235 4004 quam

125 4075 148 4108 a.
173 4079 210 4107 es
228 4061 251 4107 V
259 4060 387 4109 tto-tt.
410 4061 463 4108 stu
477 4061 587 4106 humata
664 4058 687 4106 b.
704 4059 860 4118 procuditis·
876 4059 928 4106 cad.
943 4061 1040 4122 aigum,
1056 4061 1147 4108 Ammo
1162 4061 1235 4120 da'plo-

52 4153 136 4188 ιω
156 4143 246 4189 abd«.
309 4154 329 4186 c
349 4141 424 4188 laxare
440 4141 467 4188 V.
529 4139 552 4186 d.
573 4138 740 4186 medecina
753 4139 781 4185 7.
843 4153 864 4186 o.
883 4141 1020 4187 autenm
1034 4141 1061 4184 V.
1123 4139 1140 4186 1.
1159 4142 1235 4188 Μαι

54 4227 204 4270 aramum
225 4221 252 4268 V.
330 4233 350 4279 g.
371 4237 451 4268 maus
466 4223 576 4280 posterior
592 4223 688 4267 caresta
703 4222 726 4266 ia
742 4218 900 4266 omniorum.
977 4219 1001 4265 h.
1021 4217 1081 4266 addo
1099 4220 1126 4266 V.

124 4311 153 4364 1.
184 4306 277 4362 abbas
289 4305 317 4362 S.
327 4307 400 4362 Petri
411 4305 600 4376 Luxoviensis,
617 4312 649 4362 ut
665 4305 774 4362 videtur
785 4304 923 4362 itabitioni
935 4304 1044 4373 (Arnai.
1057 4305 1114 4362 ord.
1128 4304 1155 4364 S.
1166 4306 1233 4364 Bou.

53 4397 78 4451 11
96 4399 165 4468 189,
179 4396 258 4465 295).
