<?xml version="1.0" encoding="UTF-8"?>
<!DOCTYPE html PUBLIC "-//W3C//DTD XHTML 1.0 Transitional//EN"
    "http://www.w3.org/TR/xhtml1/DTD/xhtml1-transitional.dtd">
<html xmlns="http://www.w3.org/1999/xhtml" xml:lang="en" lang="en">
 <head>
  <title>
</title>
<meta http-equiv="Content-Type" content="text/html;charset=utf-8" />
  <meta name='ocr-system' content='tesseract 3.04.00' />
  <meta name='ocr-capabilities' content='ocr_page ocr_carea ocr_par ocr_line ocrx_word'/>
</head>
<body>
  <div class='ocr_page' id='page_1' title='image "./bibliothecareru03jaffgoog_0147.png"; bbox 0 0 3090 4848; ppageno 0'>
   <div class='ocr_carea' id='block_1_1' title="bbox 321 274 1240 340">
    <p class='ocr_par' dir='ltr' id='par_1_1' title="bbox 321 274 1240 340">
     <span class='ocr_line' id='line_1_1' title="bbox 321 274 1240 340; baseline 0.002 -2"><span class='ocrx_word' id='word_1_1' title='bbox 321 287 348 338; x_wconf 83' lang='lat' dir='ltr'>s.</span> <span class='ocrx_word' id='word_1_2' title='bbox 364 288 541 338; x_wconf 72' lang='lat' dir='ltr'>nonium</span> <span class='ocrx_word' id='word_1_3' title='bbox 562 291 606 338; x_wconf 84' lang='lat' dir='ltr'>nr</span> <span class='ocrx_word' id='word_1_4' title='bbox 628 290 731 338; x_wconf 80' lang='lat' dir='ltr'>nunu</span> <span class='ocrx_word' id='word_1_5' title='bbox 752 289 940 340; x_wconf 67' lang='lat' dir='ltr'>sumnonem</span> <span class='ocrx_word' id='word_1_6' title='bbox 966 291 996 340; x_wconf 79' lang='lat' dir='ltr'>so</span> <span class='ocrx_word' id='word_1_7' title='bbox 1178 274 1240 340; x_wconf 75' lang='lat'>12⁷</span> 
     </span>
    </p>
   </div>
   <div class='ocr_carea' id='block_1_2' title="bbox 61 423 1350 3895">
    <p class='ocr_par' dir='ltr' id='par_1_2' title="bbox 76 423 1243 518">
     <span class='ocr_line' id='line_1_2' title="bbox 76 423 1243 518; baseline 0.004 -25"><span class='ocrx_word' id='word_1_8' title='bbox 76 423 135 492; x_wconf 82' lang='grc'>47.</span> <span class='ocrx_word' id='word_1_9' title='bbox 158 425 286 514; x_wconf 67' lang='lat' dir='ltr'>synode·</span> <span class='ocrx_word' id='word_1_10' title='bbox 306 453 392 496; x_wconf 77' lang='lat' dir='ltr'>nasso</span> <span class='ocrx_word' id='word_1_11' title='bbox 407 431 480 498; x_wconf 82' lang='grc'>742</span> <span class='ocrx_word' id='word_1_12' title='bbox 501 431 626 498; x_wconf 73' lang='lat' dir='ltr'>habitae</span> <span class='ocrx_word' id='word_1_13' title='bbox 648 445 720 499; x_wconf 82' lang='lat' dir='ltr'>oeta</span> <span class='ocrx_word' id='word_1_14' title='bbox 742 435 967 517; x_wconf 65' lang='lat' dir='ltr'>confirmantem</span> <span class='ocrx_word' id='word_1_15' title='bbox 989 446 1018 500; x_wconf 85' lang='lat' dir='ltr'>et</span> <span class='ocrx_word' id='word_1_16' title='bbox 1036 443 1192 518; x_wconf 66' lang='lat' dir='ltr'>asomum</span> <span class='ocrx_word' id='word_1_17' title='bbox 1207 436 1243 498; x_wconf 76' lang='lat' dir='ltr'>io</span> 
     </span>
    </p>

    <p class='ocr_par' dir='ltr' id='par_1_3' title="bbox 159 545 1242 636">
     <span class='ocr_line' id='line_1_3' title="bbox 159 545 1242 636; baseline 0.004 -24"><span class='ocrx_word' id='word_1_18' title='bbox 159 546 280 630; x_wconf 70' lang='lat' dir='ltr'>synodo</span> <span class='ocrx_word' id='word_1_19' title='bbox 302 545 503 631; x_wconf 68' lang='lat' dir='ltr'>Iafliooasit</span> <span class='ocrx_word' id='word_1_20' title='bbox 550 545 587 627; x_wconf 87' lang='lat' dir='ltr'>(S</span> <span class='ocrx_word' id='word_1_21' title='bbox 602 552 675 633; x_wconf 87' lang='lat' dir='ltr'>post</span> <span class='ocrx_word' id='word_1_22' title='bbox 690 549 743 630; x_wconf 77' lang='lat'>78,</span> <span class='ocrx_word' id='word_1_23' title='bbox 765 545 804 614; x_wconf 89' lang='lat' dir='ltr'>W</span> <span class='ocrx_word' id='word_1_24' title='bbox 819 549 940 632; x_wconf 79' lang='lat'>56,57,</span> <span class='ocrx_word' id='word_1_25' title='bbox 964 545 1083 616; x_wconf 86' lang='lat' dir='ltr'>Gtom</span> <span class='ocrx_word' id='word_1_26' title='bbox 1097 548 1125 616; x_wconf 89' lang='lat' dir='ltr'>ll</span> <span class='ocrx_word' id='word_1_27' title='bbox 1139 570 1171 636; x_wconf 87' lang='lat' dir='ltr'>p.</span> <span class='ocrx_word' id='word_1_28' title='bbox 1188 549 1242 631; x_wconf 89' lang='lat' dir='ltr'>ll)</span> 
     </span>
    </p>

    <p class='ocr_par' dir='ltr' id='par_1_4' title="bbox 66 675 1350 2040">
     <span class='ocr_line' id='line_1_4' title="bbox 158 675 1330 767; baseline 0.003 -25"><span class='ocrx_word' id='word_1_29' title='bbox 158 675 194 742; x_wconf 94' lang='lat' dir='ltr'>In</span> <span class='ocrx_word' id='word_1_30' title='bbox 222 677 351 744; x_wconf 91' lang='lat' dir='ltr'>nomina</span> <span class='ocrx_word' id='word_1_31' title='bbox 379 678 498 746; x_wconf 92' lang='lat' dir='ltr'>domini</span> <span class='ocrx_word' id='word_1_32' title='bbox 527 681 627 746; x_wconf 79' lang='lat' dir='ltr'>nostri</span> <span class='ocrx_word' id='word_1_33' title='bbox 656 679 726 746; x_wconf 86' lang='lat' dir='ltr'>lesu</span> <span class='ocrx_word' id='word_1_34' title='bbox 749 679 876 747; x_wconf 83' lang='lat' dir='ltr'>Christi.</span> <span class='ocrx_word' id='word_1_35' title='bbox 910 679 979 764; x_wconf 79' lang='lat' dir='ltr'>Ego</span> <span class='ocrx_word' id='word_1_36' title='bbox 1002 680 1241 767; x_wconf 60' lang='lat' dir='ltr'>carlmannum,</span> <span class='ocrx_word' id='word_1_37' title='bbox 1278 692 1330 746; x_wconf 77' lang='lat'>⁷42</span> 
     </span>
     <span class='ocr_line' id='line_1_5' title="bbox 71 766 1350 884; baseline 0.006 -29"><span class='ocrx_word' id='word_1_38' title='bbox 71 789 132 856; x_wconf 86' lang='lat' dir='ltr'>dux</span> <span class='ocrx_word' id='word_1_39' title='bbox 155 796 188 857; x_wconf 90' lang='lat' dir='ltr'>et</span> <span class='ocrx_word' id='word_1_40' title='bbox 210 792 359 880; x_wconf 87' lang='lat' dir='ltr'>prinesps</span> <span class='ocrx_word' id='word_1_41' title='bbox 374 793 578 880; x_wconf 73' lang='lat' dir='ltr'>Francorum,</span> <span class='ocrx_word' id='word_1_42' title='bbox 603 815 685 861; x_wconf 89' lang='lat' dir='ltr'>auno</span> <span class='ocrx_word' id='word_1_43' title='bbox 701 795 741 862; x_wconf 87' lang='lat' dir='ltr'>ab</span> <span class='ocrx_word' id='word_1_44' title='bbox 755 795 971 864; x_wconf 72' lang='lat' dir='ltr'><strong>incarnatione</strong></span> <span class='ocrx_word' id='word_1_45' title='bbox 987 796 1106 864; x_wconf 79' lang='lat' dir='ltr'>Christi</span> <span class='ocrx_word' id='word_1_46' title='bbox 1122 799 1242 884; x_wconf 89' lang='lat' dir='ltr'>septin-</span> <span class='ocrx_word' id='word_1_47' title='bbox 1258 766 1313 825; x_wconf 47' lang='grc' dir='ltr'>ψ</span> <span class='ocrx_word' id='word_1_48' title='bbox 1323 767 1350 812; x_wconf 70' lang='lat'>²¹</span> 
     </span>
     <span class='ocr_line' id='line_1_6' title="bbox 70 906 1241 996; baseline 0.007 -24"><span class='ocrx_word' id='word_1_49' title='bbox 70 906 259 989; x_wconf 75' lang='lat' dir='ltr'>gentessimo</span> <span class='ocrx_word' id='word_1_50' title='bbox 282 910 522 995; x_wconf 82' lang='lat' dir='ltr'>quadragesimo</span> <span class='ocrx_word' id='word_1_51' title='bbox 546 911 692 995; x_wconf 86' lang='lat' dir='ltr'>seeundo,</span> <span class='ocrx_word' id='word_1_52' title='bbox 718 913 754 977; x_wconf 95' lang='lat' dir='ltr'>ll</span> <span class='ocrx_word' id='word_1_53' title='bbox 773 911 930 978; x_wconf 76' lang='lat' dir='ltr'><strong>Kalendas</strong></span> <span class='ocrx_word' id='word_1_54' title='bbox 945 911 1057 996; x_wconf 84' lang='lat' dir='ltr'>Maias,</span> <span class='ocrx_word' id='word_1_55' title='bbox 1080 931 1152 980; x_wconf 88' lang='lat' dir='ltr'>oum</span> <span class='ocrx_word' id='word_1_56' title='bbox 1168 931 1241 980; x_wconf 89' lang='lat' dir='ltr'>oon·</span> 
     </span>
     <span class='ocr_line' id='line_1_7' title="bbox 70 1021 1240 1114; baseline 0.005 -26"><span class='ocrx_word' id='word_1_57' title='bbox 70 1021 137 1088; x_wconf 89' lang='lat' dir='ltr'>silio</span> <span class='ocrx_word' id='word_1_58' title='bbox 160 1043 325 1090; x_wconf 85' lang='lat' dir='ltr'>servornm</span> <span class='ocrx_word' id='word_1_59' title='bbox 339 1025 402 1093; x_wconf 90' lang='lat' dir='ltr'>Dei</span> <span class='ocrx_word' id='word_1_60' title='bbox 417 1033 450 1094; x_wconf 93' lang='lat' dir='ltr'>et</span> <span class='ocrx_word' id='word_1_61' title='bbox 463 1027 652 1114; x_wconf 78' lang='lat' dir='ltr'>optmstnm</span> <span class='ocrx_word' id='word_1_62' title='bbox 667 1045 810 1094; x_wconf 89' lang='lat' dir='ltr'>meorum</span> <span class='ocrx_word' id='word_1_63' title='bbox 826 1027 1001 1113; x_wconf 78' lang='lat' dir='ltr'>episeopus,</span> <span class='ocrx_word' id='word_1_64' title='bbox 1025 1029 1079 1113; x_wconf 88' lang='lat' dir='ltr'>qui</span> <span class='ocrx_word' id='word_1_65' title='bbox 1095 1029 1129 1094; x_wconf 95' lang='lat' dir='ltr'>in</span> <span class='ocrx_word' id='word_1_66' title='bbox 1143 1049 1240 1113; x_wconf 78' lang='lat' dir='ltr'>regno</span> 
     </span>
     <span class='ocr_line' id='line_1_8' title="bbox 68 1141 1241 1230; baseline 0.006 -27"><span class='ocrx_word' id='word_1_67' title='bbox 68 1157 135 1204; x_wconf 89' lang='lat' dir='ltr'>nso</span> <span class='ocrx_word' id='word_1_68' title='bbox 158 1145 245 1224; x_wconf 85' lang='lat' dir='ltr'>sunt,</span> <span class='ocrx_word' id='word_1_69' title='bbox 269 1159 340 1206; x_wconf 87' lang='lat' dir='ltr'>eum</span> <span class='ocrx_word' id='word_1_70' title='bbox 362 1141 548 1228; x_wconf 88' lang='lat' dir='ltr'>presbiteris</span> <span class='ocrx_word' id='word_1_71' title='bbox 571 1149 604 1210; x_wconf 88' lang='lat' dir='ltr'>et</span> <span class='ocrx_word' id='word_1_72' title='bbox 626 1143 792 1210; x_wconf 81' lang='lat' dir='ltr'>concilium</span> <span class='ocrx_word' id='word_1_73' title='bbox 816 1147 849 1210; x_wconf 93' lang='lat' dir='ltr'>et</span> <span class='ocrx_word' id='word_1_74' title='bbox 871 1143 1024 1229; x_wconf 77' lang='lat' dir='ltr'><strong>synodum</strong></span> <span class='ocrx_word' id='word_1_75' title='bbox 1048 1163 1106 1230; x_wconf 87' lang='lat' dir='ltr'>pro</span> <span class='ocrx_word' id='word_1_76' title='bbox 1127 1145 1241 1212; x_wconf 87' lang='lat' dir='ltr'>timore</span> 
     </span>
     <span class='ocr_line' id='line_1_9' title="bbox 69 1251 1241 1345; baseline 0.004 -25"><span class='ocrx_word' id='word_1_77' title='bbox 69 1251 183 1321; x_wconf 78' lang='lat' dir='ltr'>Christi</span> <span class='ocrx_word' id='word_1_78' title='bbox 211 1258 416 1342; x_wconf 76' lang='lat' dir='ltr'>oongregavi3</span> <span class='ocrx_word' id='word_1_79' title='bbox 444 1257 479 1324; x_wconf 94' lang='lat' dir='ltr'>id</span> <span class='ocrx_word' id='word_1_80' title='bbox 505 1262 555 1326; x_wconf 90' lang='lat' dir='ltr'>est</span> <span class='ocrx_word' id='word_1_81' title='bbox 574 1257 769 1325; x_wconf 77' lang='lat' dir='ltr'>Bonifatium</span> <span class='ocrx_word' id='word_1_82' title='bbox 792 1257 1063 1345; x_wconf 86' lang='lat' dir='ltr'>arehiepisoopum</span> <span class='ocrx_word' id='word_1_83' title='bbox 1086 1265 1118 1326; x_wconf 91' lang='lat' dir='ltr'>et</span> <span class='ocrx_word' id='word_1_84' title='bbox 1139 1257 1241 1344; x_wconf 77' lang='lat' dir='ltr'>Burg-</span> 
     </span>
     <span class='ocr_line' id='line_1_10' title="bbox 68 1368 1241 1457; baseline 0.007 -23"><span class='ocrx_word' id='word_1_85' title='bbox 68 1368 256 1437; x_wconf 74' lang='lat' dir='ltr'>ehardum‘¹</span> <span class='ocrx_word' id='word_1_86' title='bbox 283 1377 317 1440; x_wconf 87' lang='lat' dir='ltr'>ot</span> <span class='ocrx_word' id='word_1_87' title='bbox 344 1369 605 1457; x_wconf 75' lang='lat' dir='ltr'>Regeniridum⁴¹</span> <span class='ocrx_word' id='word_1_88' title='bbox 634 1379 666 1441; x_wconf 90' lang='lat' dir='ltr'>st</span> <span class='ocrx_word' id='word_1_89' title='bbox 693 1369 895 1441; x_wconf 85' lang='lat' dir='ltr'>Wintanum⁸</span> <span class='ocrx_word' id='word_1_90' title='bbox 922 1379 955 1441; x_wconf 92' lang='lat' dir='ltr'>et</span> <span class='ocrx_word' id='word_1_91' title='bbox 976 1372 1187 1441; x_wconf 87' lang='lat' dir='ltr'>Wilbuldnm‘</span> <span class='ocrx_word' id='word_1_92' title='bbox 1209 1379 1241 1442; x_wconf 93' lang='lat' dir='ltr'>et</span> 
     </span>
     <span class='ocr_line' id='line_1_11' title="bbox 67 1483 1239 1576; baseline 0.003 -24"><span class='ocrx_word' id='word_1_93' title='bbox 67 1483 233 1554; x_wconf 59' lang='lat' dir='ltr'>&amp;dunum</span> <span class='ocrx_word' id='word_1_94' title='bbox 263 1493 296 1554; x_wconf 90' lang='lat' dir='ltr'>et</span> <span class='ocrx_word' id='word_1_95' title='bbox 316 1487 500 1556; x_wconf 79' lang='lat' dir='ltr'>Eddanum⁸</span> <span class='ocrx_word' id='word_1_96' title='bbox 524 1509 595 1556; x_wconf 88' lang='lat' dir='ltr'>eum</span> <span class='ocrx_word' id='word_1_97' title='bbox 620 1489 822 1576; x_wconf 87' lang='lat' dir='ltr'>presbiteris·</span> <span class='ocrx_word' id='word_1_98' title='bbox 846 1509 973 1556; x_wconf 90' lang='lat' dir='ltr'>eornm:</span> <span class='ocrx_word' id='word_1_99' title='bbox 1004 1495 1040 1554; x_wconf 89' lang='lat' dir='ltr'>ut</span> <span class='ocrx_word' id='word_1_100' title='bbox 1062 1489 1141 1555; x_wconf 91' lang='lat' dir='ltr'>mihi</span> <span class='ocrx_word' id='word_1_101' title='bbox 1163 1509 1239 1556; x_wconf 90' lang='lat' dir='ltr'>oon·</span> 
     </span>
     <span class='ocr_line' id='line_1_12' title="bbox 66 1599 1240 1691; baseline 0.006 -24"><span class='ocrx_word' id='word_1_102' title='bbox 66 1599 169 1668; x_wconf 88' lang='lat' dir='ltr'>silium</span> <span class='ocrx_word' id='word_1_103' title='bbox 194 1601 367 1688; x_wconf 75' lang='lat' dir='ltr'>dedissent,</span> <span class='ocrx_word' id='word_1_104' title='bbox 390 1605 546 1691; x_wconf 91' lang='lat' dir='ltr'>quomodo</span> <span class='ocrx_word' id='word_1_105' title='bbox 568 1605 622 1674; x_wconf 85' lang='lat' dir='ltr'>lex</span> <span class='ocrx_word' id='word_1_106' title='bbox 639 1605 700 1672; x_wconf 89' lang='lat' dir='ltr'>Dei</span> <span class='ocrx_word' id='word_1_107' title='bbox 723 1610 755 1672; x_wconf 91' lang='lat' dir='ltr'>et</span> <span class='ocrx_word' id='word_1_108' title='bbox 777 1603 989 1672; x_wconf 76' lang='lat' dir='ltr'>ecclesiastiea</span> <span class='ocrx_word' id='word_1_109' title='bbox 1010 1602 1127 1689; x_wconf 79' lang='lat' dir='ltr'>relegio</span> <span class='ocrx_word' id='word_1_110' title='bbox 1150 1623 1240 1674; x_wconf 84' lang='lat' dir='ltr'>reeu-</span> 
     </span>
     <span class='ocr_line' id='line_1_13' title="bbox 66 1719 1238 1808; baseline 0.003 -24"><span class='ocrx_word' id='word_1_111' title='bbox 66 1723 203 1803; x_wconf 85' lang='lat' dir='ltr'>peretur,</span> <span class='ocrx_word' id='word_1_112' title='bbox 226 1719 364 1804; x_wconf 84' lang='lat' dir='ltr'>quaein</span> <span class='ocrx_word' id='word_1_113' title='bbox 387 1719 497 1788; x_wconf 82' lang='lat' dir='ltr'>dietum</span> <span class='ocrx_word' id='word_1_114' title='bbox 520 1723 762 1808; x_wconf 90' lang='lat' dir='ltr'>praeteritorum</span> <span class='ocrx_word' id='word_1_115' title='bbox 786 1720 970 1807; x_wconf 86' lang='lat' dir='ltr'>prinolpum</span> <span class='ocrx_word' id='word_1_116' title='bbox 992 1720 1147 1806; x_wconf 86' lang='lat' dir='ltr'>dissipata</span> <span class='ocrx_word' id='word_1_117' title='bbox 1168 1739 1238 1788; x_wconf 88' lang='lat' dir='ltr'>eor-</span> 
     </span>
     <span class='ocr_line' id='line_1_14' title="bbox 66 1833 1238 1924; baseline 0.003 -24"><span class='ocrx_word' id='word_1_118' title='bbox 66 1833 139 1916; x_wconf 85' lang='lat' dir='ltr'>rnit3</span> <span class='ocrx_word' id='word_1_119' title='bbox 172 1841 208 1902; x_wconf 89' lang='lat' dir='ltr'>et</span> <span class='ocrx_word' id='word_1_120' title='bbox 235 1834 371 1920; x_wconf 89' lang='lat' dir='ltr'>qualiter</span> <span class='ocrx_word' id='word_1_121' title='bbox 398 1837 535 1924; x_wconf 89' lang='lat' dir='ltr'>populus</span> <span class='ocrx_word' id='word_1_122' title='bbox 562 1837 753 1904; x_wconf 84' lang='lat' dir='ltr'>ehrietianus</span> <span class='ocrx_word' id='word_1_123' title='bbox 781 1836 821 1904; x_wconf 88' lang='lat' dir='ltr'>ad</span> <span class='ocrx_word' id='word_1_124' title='bbox 849 1836 984 1903; x_wconf 89' lang='lat' dir='ltr'>salutem</span> <span class='ocrx_word' id='word_1_125' title='bbox 1014 1836 1138 1902; x_wconf 86' lang='lat' dir='ltr'>animae</span> <span class='ocrx_word' id='word_1_126' title='bbox 1166 1855 1238 1922; x_wconf 91' lang='lat' dir='ltr'>per·</span> 
     </span>
     <span class='ocr_line' id='line_1_15' title="bbox 66 1949 1153 2040; baseline 0.003 -26"><span class='ocrx_word' id='word_1_127' title='bbox 66 1949 168 2018; x_wconf 79' lang='lat' dir='ltr'>venire</span> <span class='ocrx_word' id='word_1_128' title='bbox 192 1951 298 2037; x_wconf 88' lang='lat' dir='ltr'>possit</span> <span class='ocrx_word' id='word_1_129' title='bbox 320 1957 353 2019; x_wconf 91' lang='lat' dir='ltr'>et</span> <span class='ocrx_word' id='word_1_130' title='bbox 375 1952 551 2040; x_wconf 85' lang='lat' dir='ltr'>perfalsus</span> <span class='ocrx_word' id='word_1_131' title='bbox 574 1953 752 2020; x_wconf 84' lang='lat' dir='ltr'>secerdotes</span> <span class='ocrx_word' id='word_1_132' title='bbox 776 1953 925 2039; x_wconf 86' lang='lat' dir='ltr'>deeeptus</span> <span class='ocrx_word' id='word_1_133' title='bbox 948 1971 1012 2018; x_wconf 92' lang='lat' dir='ltr'>non</span> <span class='ocrx_word' id='word_1_134' title='bbox 1034 1956 1153 2036; x_wconf 86' lang='lat' dir='ltr'>pereat.</span> 
     </span>
    </p>

    <p class='ocr_par' dir='ltr' id='par_1_5' title="bbox 65 2065 1239 2386">
     <span class='ocr_line' id='line_1_16' title="bbox 147 2065 1239 2155; baseline 0 -23"><span class='ocrx_word' id='word_1_135' title='bbox 147 2065 196 2132; x_wconf 90' lang='lat' dir='ltr'>Et</span> <span class='ocrx_word' id='word_1_136' title='bbox 223 2087 283 2154; x_wconf 90' lang='lat' dir='ltr'>per</span> <span class='ocrx_word' id='word_1_137' title='bbox 311 2067 478 2135; x_wconf 89' lang='lat' dir='ltr'>eonsilium</span> <span class='ocrx_word' id='word_1_138' title='bbox 503 2069 701 2136; x_wconf 79' lang='lat' dir='ltr'>saomdotum</span> <span class='ocrx_word' id='word_1_139' title='bbox 724 2074 757 2136; x_wconf 87' lang='lat' dir='ltr'>et</span> <span class='ocrx_word' id='word_1_140' title='bbox 778 2067 967 2155; x_wconf 86' lang='lat' dir='ltr'>optimatum</span> <span class='ocrx_word' id='word_1_141' title='bbox 989 2085 1132 2134; x_wconf 93' lang='lat' dir='ltr'>meorum</span> <span class='ocrx_word' id='word_1_142' title='bbox 1155 2066 1239 2133; x_wconf 92' lang='lat' dir='ltr'>ordi·</span> 
     </span>
     <span class='ocr_line' id='line_1_17' title="bbox 65 2181 1239 2272; baseline 0.002 -26"><span class='ocrx_word' id='word_1_143' title='bbox 65 2181 212 2249; x_wconf 80' lang='lat' dir='ltr'>nevimus</span> <span class='ocrx_word' id='word_1_144' title='bbox 238 2202 297 2269; x_wconf 89' lang='lat' dir='ltr'>per</span> <span class='ocrx_word' id='word_1_145' title='bbox 318 2183 462 2250; x_wconf 82' lang='lat' dir='ltr'>eivitatss</span> <span class='ocrx_word' id='word_1_146' title='bbox 485 2183 665 2272; x_wconf 72' lang='lat' dir='ltr'>episeopus,</span> <span class='ocrx_word' id='word_1_147' title='bbox 696 2189 728 2251; x_wconf 89' lang='lat' dir='ltr'>et</span> <span class='ocrx_word' id='word_1_148' title='bbox 749 2183 970 2250; x_wconf 81' lang='lat' dir='ltr'>constituimus</span> <span class='ocrx_word' id='word_1_149' title='bbox 993 2201 1088 2269; x_wconf 88' lang='lat' dir='ltr'>super</span> <span class='ocrx_word' id='word_1_150' title='bbox 1111 2203 1164 2250; x_wconf 87' lang='lat' dir='ltr'>eos</span> <span class='ocrx_word' id='word_1_151' title='bbox 1188 2201 1239 2248; x_wconf 86' lang='lat' dir='ltr'>ar-</span> 
     </span>
     <span class='ocr_line' id='line_1_18' title="bbox 65 2296 1055 2386; baseline 0.001 -23"><span class='ocrx_word' id='word_1_152' title='bbox 65 2296 301 2385; x_wconf 83' lang='lat' dir='ltr'>ehiepiseopnn</span> <span class='ocrx_word' id='word_1_153' title='bbox 323 2297 527 2383; x_wconf 78' lang='lat' dir='ltr'>Bonifatium,</span> <span class='ocrx_word' id='word_1_154' title='bbox 550 2300 604 2386; x_wconf 90' lang='lat' dir='ltr'>qui</span> <span class='ocrx_word' id='word_1_155' title='bbox 626 2305 676 2367; x_wconf 88' lang='lat' dir='ltr'>est</span> <span class='ocrx_word' id='word_1_156' title='bbox 696 2301 813 2366; x_wconf 89' lang='lat' dir='ltr'>missus</span> <span class='ocrx_word' id='word_1_157' title='bbox 836 2299 937 2366; x_wconf 85' lang='lat' dir='ltr'>saneti</span> <span class='ocrx_word' id='word_1_158' title='bbox 958 2297 1055 2366; x_wconf 88' lang='lat' dir='ltr'>Petri.</span> 
     </span>
    </p>

    <p class='ocr_par' dir='ltr' id='par_1_6' title="bbox 64 2413 1239 2730">
     <span class='ocr_line' id='line_1_19' title="bbox 148 2413 1238 2503; baseline -0.002 -21"><span class='ocrx_word' id='word_1_159' title='bbox 148 2413 331 2482; x_wconf 86' lang='lat' dir='ltr'>Statuimns</span> <span class='ocrx_word' id='word_1_160' title='bbox 365 2415 436 2503; x_wconf 82' lang='lat' dir='ltr'>per¹</span> <span class='ocrx_word' id='word_1_161' title='bbox 464 2435 564 2484; x_wconf 88' lang='lat' dir='ltr'>anuos</span> <span class='ocrx_word' id='word_1_162' title='bbox 596 2415 736 2500; x_wconf 81' lang='lat' dir='ltr'>singulos</span> <span class='ocrx_word' id='word_1_163' title='bbox 765 2415 921 2502; x_wconf 85' lang='lat' dir='ltr'>synodum</span> <span class='ocrx_word' id='word_1_164' title='bbox 949 2433 1158 2500; x_wconf 73' lang='lat' dir='ltr'>congregare,</span> <span class='ocrx_word' id='word_1_165' title='bbox 1192 2421 1238 2499; x_wconf 88' lang='lat' dir='ltr'>ut,</span> 
     </span>
     <span class='ocr_line' id='line_1_20' title="bbox 64 2529 1239 2617; baseline 0.002 -23"><span class='ocrx_word' id='word_1_166' title='bbox 64 2529 149 2596; x_wconf 89' lang='lat' dir='ltr'>nohis</span> <span class='ocrx_word' id='word_1_167' title='bbox 172 2530 408 2617; x_wconf 87' lang='lat' dir='ltr'>praesentibus,</span> <span class='ocrx_word' id='word_1_168' title='bbox 431 2550 588 2599; x_wconf 73' lang='lat' dir='ltr'>mnonum</span> <span class='ocrx_word' id='word_1_169' title='bbox 611 2531 737 2598; x_wconf 85' lang='lat' dir='ltr'>deereta</span> <span class='ocrx_word' id='word_1_170' title='bbox 759 2537 792 2598; x_wconf 90' lang='lat' dir='ltr'>et</span> <span class='ocrx_word' id='word_1_171' title='bbox 805 2529 959 2598; x_wconf 87' lang='lat' dir='ltr'>eoelesiee</span> <span class='ocrx_word' id='word_1_172' title='bbox 974 2531 1046 2597; x_wconf 85' lang='lat' dir='ltr'>iura</span> <span class='ocrx_word' id='word_1_173' title='bbox 1059 2535 1239 2597; x_wconf 79' lang='lat' dir='ltr'>restauren-</span> 
     </span>
     <span class='ocr_line' id='line_1_21' title="bbox 65 2645 722 2730; baseline 0.003 -20"><span class='ocrx_word' id='word_1_174' title='bbox 65 2650 112 2712; x_wconf 89' lang='lat' dir='ltr'>tur</span> <span class='ocrx_word' id='word_1_175' title='bbox 133 2652 167 2713; x_wconf 90' lang='lat' dir='ltr'>et</span> <span class='ocrx_word' id='word_1_176' title='bbox 191 2645 312 2730; x_wconf 78' lang='lat' dir='ltr'>relegio</span> <span class='ocrx_word' id='word_1_177' title='bbox 334 2647 508 2714; x_wconf 78' lang='lat' dir='ltr'>christiana</span> <span class='ocrx_word' id='word_1_178' title='bbox 530 2647 722 2714; x_wconf 87' lang='lat' dir='ltr'>emendetur.</span> 
     </span>
    </p>

    <p class='ocr_par' dir='ltr' id='par_1_7' title="bbox 63 2759 1240 3200">
     <span class='ocr_line' id='line_1_22' title="bbox 148 2759 1240 2849; baseline -0.001 -20"><span class='ocrx_word' id='word_1_179' title='bbox 148 2761 197 2829; x_wconf 87' lang='lat' dir='ltr'>Et</span> <span class='ocrx_word' id='word_1_180' title='bbox 224 2761 387 2830; x_wconf 87' lang='lat' dir='ltr'>fraudatae</span> <span class='ocrx_word' id='word_1_181' title='bbox 416 2762 566 2849; x_wconf 86' lang='lat' dir='ltr'>peouniaa</span> <span class='ocrx_word' id='word_1_182' title='bbox 594 2761 796 2830; x_wconf 76' lang='lat' dir='ltr'>eeclesiarum</span> <span class='ocrx_word' id='word_1_183' title='bbox 826 2759 966 2829; x_wconf 75' lang='lat' dir='ltr'>eeclesiis</span> <span class='ocrx_word' id='word_1_184' title='bbox 988 2761 1184 2829; x_wconf 85' lang='lat' dir='ltr'>restituimus</span> <span class='ocrx_word' id='word_1_185' title='bbox 1207 2767 1240 2828; x_wconf 89' lang='lat' dir='ltr'>et</span> 
     </span>
     <span class='ocr_line' id='line_1_23' title="bbox 64 2876 1237 2966; baseline 0.002 -24"><span class='ocrx_word' id='word_1_186' title='bbox 64 2877 270 2946; x_wconf 85' lang='lat' dir='ltr'>reddidimus.</span> <span class='ocrx_word' id='word_1_187' title='bbox 360 2877 471 2946; x_wconf 87' lang='lat' dir='ltr'>Falsus</span> <span class='ocrx_word' id='word_1_188' title='bbox 498 2877 690 2966; x_wconf 89' lang='lat' dir='ltr'>presbiteros</span> <span class='ocrx_word' id='word_1_189' title='bbox 719 2883 751 2946; x_wconf 91' lang='lat' dir='ltr'>et</span> <span class='ocrx_word' id='word_1_190' title='bbox 776 2876 936 2945; x_wconf 84' lang='lat' dir='ltr'>adulteros</span> <span class='ocrx_word' id='word_1_191' title='bbox 958 2876 1009 2944; x_wconf 84' lang='lat' dir='ltr'>vel</span> <span class='ocrx_word' id='word_1_192' title='bbox 1030 2877 1237 2944; x_wconf 86' lang='lat' dir='ltr'>fornioatures</span> 
     </span>
     <span class='ocr_line' id='line_1_24' title="bbox 63 2991 1236 3081; baseline -0.001 -19"><span class='ocrx_word' id='word_1_193' title='bbox 63 2991 213 3062; x_wconf 81' lang='lat' dir='ltr'>diaeonus</span> <span class='ocrx_word' id='word_1_194' title='bbox 241 3000 275 3062; x_wconf 87' lang='lat' dir='ltr'>et</span> <span class='ocrx_word' id='word_1_195' title='bbox 301 2993 432 3062; x_wconf 87' lang='lat' dir='ltr'>elerieos</span> <span class='ocrx_word' id='word_1_196' title='bbox 460 2995 500 3062; x_wconf 88' lang='lat' dir='ltr'>de</span> <span class='ocrx_word' id='word_1_197' title='bbox 527 2995 669 3081; x_wconf 79' lang='lat' dir='ltr'>pecuniis</span> <span class='ocrx_word' id='word_1_198' title='bbox 691 2995 893 3062; x_wconf 74' lang='lat' dir='ltr'>ecelesiarum</span> <span class='ocrx_word' id='word_1_199' title='bbox 917 2991 1104 3061; x_wconf 75' lang='lat' dir='ltr'>abstulimus</span> <span class='ocrx_word' id='word_1_200' title='bbox 1128 2997 1160 3060; x_wconf 90' lang='lat' dir='ltr'>et</span> <span class='ocrx_word' id='word_1_201' title='bbox 1182 2991 1236 3061; x_wconf 84' lang='lat' dir='ltr'>de·</span> 
     </span>
     <span class='ocr_line' id='line_1_25' title="bbox 63 3110 845 3200; baseline -0.003 -22"><span class='ocrx_word' id='word_1_202' title='bbox 63 3110 267 3193; x_wconf 76' lang='lat' dir='ltr'>gradavimns</span> <span class='ocrx_word' id='word_1_203' title='bbox 290 3115 323 3178; x_wconf 90' lang='lat' dir='ltr'>et</span> <span class='ocrx_word' id='word_1_204' title='bbox 345 3111 385 3177; x_wconf 92' lang='lat' dir='ltr'>ad</span> <span class='ocrx_word' id='word_1_205' title='bbox 408 3111 635 3200; x_wconf 77' lang='lat' dir='ltr'>poenitentiam</span> <span class='ocrx_word' id='word_1_206' title='bbox 659 3110 845 3194; x_wconf 55' lang='lat' dir='ltr'>coegimus&amp;</span> 
     </span>
    </p>

    <p class='ocr_par' dir='ltr' id='par_1_8' title="bbox 61 3222 1238 3895">
     <span class='ocr_line' id='line_1_26' title="bbox 146 3222 1236 3313; baseline -0.005 -18"><span class='ocrx_word' id='word_1_207' title='bbox 146 3226 262 3295; x_wconf 81' lang='lat' dir='ltr'>Servis</span> <span class='ocrx_word' id='word_1_208' title='bbox 276 3225 339 3294; x_wconf 89' lang='lat' dir='ltr'>Dei</span> <span class='ocrx_word' id='word_1_209' title='bbox 360 3247 417 3313; x_wconf 89' lang='lat' dir='ltr'>per</span> <span class='ocrx_word' id='word_1_210' title='bbox 439 3227 546 3293; x_wconf 86' lang='lat' dir='ltr'>omnia</span> <span class='ocrx_word' id='word_1_211' title='bbox 568 3226 724 3310; x_wconf 88' lang='lat' dir='ltr'>omnibns,</span> <span class='ocrx_word' id='word_1_212' title='bbox 748 3231 941 3294; x_wconf 83' lang='lat' dir='ltr'>armaturam</span> <span class='ocrx_word' id='word_1_213' title='bbox 964 3229 1093 3311; x_wconf 87' lang='lat' dir='ltr'>portare</span> <span class='ocrx_word' id='word_1_214' title='bbox 1107 3222 1158 3291; x_wconf 80' lang='lat' dir='ltr'>rel</span> <span class='ocrx_word' id='word_1_215' title='bbox 1177 3245 1236 3311; x_wconf 93' lang='lat' dir='ltr'>pn·</span> 
     </span>
     <span class='ocr_line' id='line_1_27' title="bbox 63 3341 1236 3428; baseline -0.002 -18"><span class='ocrx_word' id='word_1_216' title='bbox 63 3361 156 3426; x_wconf 76' lang='lat' dir='ltr'>gnare</span> <span class='ocrx_word' id='word_1_217' title='bbox 187 3341 308 3410; x_wconf 88' lang='lat' dir='ltr'>autin</span> <span class='ocrx_word' id='word_1_218' title='bbox 336 3343 508 3410; x_wconf 86' lang='lat' dir='ltr'>exereitum</span> <span class='ocrx_word' id='word_1_219' title='bbox 537 3347 570 3408; x_wconf 93' lang='lat' dir='ltr'>et</span> <span class='ocrx_word' id='word_1_220' title='bbox 596 3343 629 3408; x_wconf 95' lang='lat' dir='ltr'>in</span> <span class='ocrx_word' id='word_1_221' title='bbox 658 3341 779 3410; x_wconf 87' lang='lat' dir='ltr'>hostem</span> <span class='ocrx_word' id='word_1_222' title='bbox 802 3359 949 3428; x_wconf 79' lang='lat' dir='ltr'>pergere,</span> <span class='ocrx_word' id='word_1_223' title='bbox 978 3341 1105 3407; x_wconf 90' lang='lat' dir='ltr'>omnino</span> <span class='ocrx_word' id='word_1_224' title='bbox 1129 3341 1236 3427; x_wconf 86' lang='lat' dir='ltr'>prohi-</span> 
     </span>
     <span class='ocr_line' id='line_1_28' title="bbox 63 3456 1235 3544; baseline -0.002 -19"><span class='ocrx_word' id='word_1_225' title='bbox 63 3457 205 3542; x_wconf 80' lang='lat' dir='ltr'>buimns3</span> <span class='ocrx_word' id='word_1_226' title='bbox 228 3459 292 3524; x_wconf 93' lang='lat' dir='ltr'>nisi</span> <span class='ocrx_word' id='word_1_227' title='bbox 314 3457 361 3524; x_wconf 96' lang='lat' dir='ltr'>illi</span> <span class='ocrx_word' id='word_1_228' title='bbox 384 3457 613 3542; x_wconf 91' lang='lat' dir='ltr'>tantummodo,</span> <span class='ocrx_word' id='word_1_229' title='bbox 636 3458 690 3543; x_wconf 91' lang='lat' dir='ltr'>qui</span> <span class='ocrx_word' id='word_1_230' title='bbox 710 3462 840 3544; x_wconf 88' lang='lat' dir='ltr'>propter</span> <span class='ocrx_word' id='word_1_231' title='bbox 855 3456 997 3522; x_wconf 69' lang='lat' dir='ltr'>dinnum</span> <span class='ocrx_word' id='word_1_232' title='bbox 1014 3457 1235 3542; x_wconf 91' lang='lat' dir='ltr'>ministerium,</span> 
     </span>
     <span class='ocr_line' id='line_1_29' title="bbox 62 3573 1238 3660; baseline 0 -20"><span class='ocrx_word' id='word_1_233' title='bbox 62 3575 232 3642; x_wconf 89' lang='lat' dir='ltr'>missarum</span> <span class='ocrx_word' id='word_1_234' title='bbox 256 3573 377 3642; x_wconf 80' lang='lat' dir='ltr'>seilicet</span> <span class='ocrx_word' id='word_1_235' title='bbox 398 3574 563 3642; x_wconf 89' lang='lat' dir='ltr'>sollemnia</span> <span class='ocrx_word' id='word_1_236' title='bbox 585 3573 787 3660; x_wconf 89' lang='lat' dir='ltr'>adimplenda</span> <span class='ocrx_word' id='word_1_237' title='bbox 809 3579 842 3640; x_wconf 92' lang='lat' dir='ltr'>et</span> <span class='ocrx_word' id='word_1_238' title='bbox 861 3577 1041 3640; x_wconf 82' lang='lat' dir='ltr'>sanatorum</span> <span class='ocrx_word' id='word_1_239' title='bbox 1061 3573 1238 3660; x_wconf 75' lang='lat' dir='ltr'>patrocinia</span> 
     </span>
     <span class='ocr_line' id='line_1_30' title="bbox 62 3685 1235 3778; baseline -0.003 -18"><span class='ocrx_word' id='word_1_240' title='bbox 62 3692 230 3778; x_wconf 83' lang='lat' dir='ltr'>portanda,</span> <span class='ocrx_word' id='word_1_241' title='bbox 254 3691 296 3758; x_wconf 87' lang='lat' dir='ltr'>ad</span> <span class='ocrx_word' id='word_1_242' title='bbox 318 3691 377 3757; x_wconf 90' lang='lat' dir='ltr'>hoo</span> <span class='ocrx_word' id='word_1_243' title='bbox 399 3689 490 3758; x_wconf 87' lang='lat' dir='ltr'>eleuti</span> <span class='ocrx_word' id='word_1_244' title='bbox 513 3695 595 3756; x_wconf 85' lang='lat' dir='ltr'>sunt.</span> <span class='ocrx_word' id='word_1_245' title='bbox 630 3685 666 3755; x_wconf 92' lang='lat' dir='ltr'>ld</span> <span class='ocrx_word' id='word_1_246' title='bbox 689 3694 751 3756; x_wconf 86' lang='lat' dir='ltr'>est:</span> <span class='ocrx_word' id='word_1_247' title='bbox 776 3709 874 3755; x_wconf 91' lang='lat' dir='ltr'>unum</span> <span class='ocrx_word' id='word_1_248' title='bbox 896 3688 947 3756; x_wconf 85' lang='lat' dir='ltr'>vel</span> <span class='ocrx_word' id='word_1_249' title='bbox 970 3689 1048 3756; x_wconf 88' lang='lat' dir='ltr'>duos</span> <span class='ocrx_word' id='word_1_250' title='bbox 1070 3689 1235 3776; x_wconf 86' lang='lat' dir='ltr'>episeopus</span> 
     </span>
     <span class='ocr_line' id='line_1_31' title="bbox 61 3804 1235 3895; baseline -0.002 -21"><span class='ocrx_word' id='word_1_251' title='bbox 61 3827 129 3874; x_wconf 87' lang='lat' dir='ltr'>eum</span> <span class='ocrx_word' id='word_1_252' title='bbox 151 3806 330 3895; x_wconf 88' lang='lat' dir='ltr'>oapellsnis</span> <span class='ocrx_word' id='word_1_253' title='bbox 352 3805 553 3894; x_wconf 84' lang='lat' dir='ltr'>presbiteris¹¹</span> <span class='ocrx_word' id='word_1_254' title='bbox 568 3805 715 3892; x_wconf 87' lang='lat' dir='ltr'>prinosps</span> <span class='ocrx_word' id='word_1_255' title='bbox 736 3823 841 3871; x_wconf 88' lang='lat' dir='ltr'>seeum</span> <span class='ocrx_word' id='word_1_256' title='bbox 857 3804 981 3890; x_wconf 84' lang='lat' dir='ltr'>habeat,</span> <span class='ocrx_word' id='word_1_257' title='bbox 1006 3809 1038 3872; x_wconf 92' lang='lat' dir='ltr'>et</span> <span class='ocrx_word' id='word_1_258' title='bbox 1052 3825 1133 3871; x_wconf 87' lang='lat' dir='ltr'>unus</span> <span class='ocrx_word' id='word_1_259' title='bbox 1149 3807 1235 3891; x_wconf 88' lang='lat' dir='ltr'>quis·</span> 
     </span>
    </p>
   </div>
   <div class='ocr_carea' id='block_1_3' title="bbox 61 3928 1235 4486">
    <p class='ocr_par' dir='ltr' id='par_1_9' title="bbox 61 3928 1235 4311">
     <span class='ocr_line' id='line_1_32' title="bbox 130 3928 1235 3990; baseline -0.003 -10"><span class='ocrx_word' id='word_1_260' title='bbox 130 3947 152 3980; x_wconf 74' lang='lat' dir='ltr'>a.</span> <span class='ocrx_word' id='word_1_261' title='bbox 175 3950 207 3978; x_wconf 69' lang='lat' dir='ltr'>a:</span> <span class='ocrx_word' id='word_1_262' title='bbox 223 3935 254 3979; x_wconf 78' lang='lat' dir='ltr'><em>M</em></span> <span class='ocrx_word' id='word_1_263' title='bbox 267 3932 372 3986; x_wconf 78' lang='grc'>68-71,</span> <span class='ocrx_word' id='word_1_264' title='bbox 389 3933 410 3978; x_wconf 77' lang='lat'><em>0</em></span> <span class='ocrx_word' id='word_1_265' title='bbox 425 3931 572 3986; x_wconf 73' lang='lat' dir='ltr'>tao—ote,</span> <span class='ocrx_word' id='word_1_266' title='bbox 590 3931 613 3977; x_wconf 75' lang='lat' dir='ltr'><em>V</em></span> <span class='ocrx_word' id='word_1_267' title='bbox 625 3929 748 3978; x_wconf 75' lang='lat' dir='ltr'>tl—tao.</span> <span class='ocrx_word' id='word_1_268' title='bbox 772 3930 825 3977; x_wconf 78' lang='lat' dir='ltr'>Sim</span> <span class='ocrx_word' id='word_1_269' title='bbox 840 3929 943 3976; x_wconf 73' lang='lat' dir='ltr'>lemmate</span> <span class='ocrx_word' id='word_1_270' title='bbox 960 3929 1024 3987; x_wconf 70' lang='lat' dir='ltr'>ow,-</span> <span class='ocrx_word' id='word_1_271' title='bbox 1046 3928 1152 3988; x_wconf 78' lang='lat' dir='ltr'>Synudus</span> <span class='ocrx_word' id='word_1_272' title='bbox 1168 3943 1235 3990; x_wconf 76' lang='lat' dir='ltr'>quam</span> 
     </span>
     <span class='ocr_line' id='line_1_33' title="bbox 61 4007 1234 4069; baseline -0.003 -9"><span class='ocrx_word' id='word_1_273' title='bbox 61 4015 152 4060; x_wconf 72' lang='lat' dir='ltr'>mem·</span> <span class='ocrx_word' id='word_1_274' title='bbox 167 4011 310 4068; x_wconf 80' lang='lat' dir='ltr'>Bonifatius,</span> <span class='ocrx_word' id='word_1_275' title='bbox 331 4009 498 4058; x_wconf 80' lang='lat' dir='ltr'>Karolomanno</span> <span class='ocrx_word' id='word_1_276' title='bbox 520 4009 688 4066; x_wconf 80' lang='lat' dir='ltr'>consentiente,</span> <span class='ocrx_word' id='word_1_277' title='bbox 709 4021 760 4056; x_wconf 84' lang='lat' dir='ltr'>aum</span> <span class='ocrx_word' id='word_1_278' title='bbox 778 4009 893 4069; x_wconf 85' lang='lat' dir='ltr'>episeopis</span> <span class='ocrx_word' id='word_1_279' title='bbox 912 4011 935 4057; x_wconf 87' lang='lat' dir='ltr'>et</span> <span class='ocrx_word' id='word_1_280' title='bbox 950 4009 1033 4056; x_wconf 84' lang='lat' dir='ltr'>esteris</span> <span class='ocrx_word' id='word_1_281' title='bbox 1048 4007 1092 4056; x_wconf 87' lang='lat' dir='ltr'>Dei</span> <span class='ocrx_word' id='word_1_282' title='bbox 1107 4009 1179 4056; x_wconf 83' lang='lat' dir='ltr'>serris</span> <span class='ocrx_word' id='word_1_283' title='bbox 1195 4009 1234 4056; x_wconf 81' lang='lat' dir='ltr'>ha·</span> 
     </span>
     <span class='ocr_line' id='line_1_34' title="bbox 62 4087 1234 4147; baseline -0.002 -9"><span class='ocrx_word' id='word_1_284' title='bbox 62 4090 108 4138; x_wconf 77' lang='lat' dir='ltr'>tm</span> <span class='ocrx_word' id='word_1_285' title='bbox 128 4095 156 4140; x_wconf 84' lang='lat' dir='ltr'>C.</span> <span class='ocrx_word' id='word_1_286' title='bbox 237 4092 260 4137; x_wconf 77' lang='lat' dir='ltr'>la.</span> <span class='ocrx_word' id='word_1_287' title='bbox 281 4090 431 4138; x_wconf 75' lang='lat' dir='ltr'>Kmlmannuo</span> <span class='ocrx_word' id='word_1_288' title='bbox 453 4093 486 4136; x_wconf 79' lang='grc' dir='ltr'>Μ.</span> <span class='ocrx_word' id='word_1_289' title='bbox 564 4101 583 4136; x_wconf 85' lang='lat' dir='ltr'>e.</span> <span class='ocrx_word' id='word_1_290' title='bbox 604 4088 746 4136; x_wconf 82' lang='lat' dir='ltr'>Bnrhardum</span> <span class='ocrx_word' id='word_1_291' title='bbox 769 4093 807 4143; x_wconf 79' lang='grc' dir='ltr'>Μ,</span> <span class='ocrx_word' id='word_1_292' title='bbox 828 4088 984 4147; x_wconf 74' lang='lat' dir='ltr'>Burghardum</span> <span class='ocrx_word' id='word_1_293' title='bbox 1005 4091 1031 4136; x_wconf 80' lang='grc' dir='ltr'>ι’.</span> <span class='ocrx_word' id='word_1_294' title='bbox 1109 4089 1131 4136; x_wconf 91' lang='lat' dir='ltr'>d.</span> <span class='ocrx_word' id='word_1_295' title='bbox 1152 4087 1234 4147; x_wconf 76' lang='lat' dir='ltr'>Bagin-</span> 
     </span>
     <span class='ocr_line' id='line_1_35' title="bbox 61 4167 1235 4230; baseline -0.002 -12"><span class='ocrx_word' id='word_1_296' title='bbox 61 4169 147 4218; x_wconf 84' lang='lat' dir='ltr'>fradnm</span> <span class='ocrx_word' id='word_1_297' title='bbox 166 4175 201 4220; x_wconf 72' lang='lat' dir='ltr'>M.</span> <span class='ocrx_word' id='word_1_298' title='bbox 277 4185 297 4218; x_wconf 91' lang='lat' dir='ltr'>e.</span> <span class='ocrx_word' id='word_1_299' title='bbox 318 4168 461 4230; x_wconf 79' lang='lat' dir='ltr'>presbiterlia</span> <span class='ocrx_word' id='word_1_300' title='bbox 480 4168 506 4215; x_wconf 82' lang='lat' dir='ltr'>V.</span> <span class='ocrx_word' id='word_1_301' title='bbox 577 4168 594 4215; x_wconf 89' lang='lat' dir='ltr'>f.</span> <span class='ocrx_word' id='word_1_302' title='bbox 615 4181 684 4230; x_wconf 84' lang='lat' dir='ltr'>anper</span> <span class='ocrx_word' id='word_1_303' title='bbox 700 4173 734 4216; x_wconf 76' lang='grc'>11.</span> <span class='ocrx_word' id='word_1_304' title='bbox 804 4181 825 4227; x_wconf 75' lang='lat' dir='ltr'>g.</span> <span class='ocrx_word' id='word_1_305' title='bbox 846 4169 948 4228; x_wconf 69' lang='lat' dir='ltr'>cogimus</span> <span class='ocrx_word' id='word_1_306' title='bbox 965 4172 999 4216; x_wconf 76' lang='lat' dir='ltr'>df.</span> <span class='ocrx_word' id='word_1_307' title='bbox 1070 4167 1092 4216; x_wconf 93' lang='lat' dir='ltr'>h.</span> <span class='ocrx_word' id='word_1_308' title='bbox 1114 4167 1183 4230; x_wconf 72' lang='lat' dir='ltr'>prbru</span> <span class='ocrx_word' id='word_1_309' title='bbox 1199 4171 1235 4224; x_wconf 77' lang='lat' dir='ltr'>nl,</span> 
     </span>
     <span class='ocr_line' id='line_1_36' title="bbox 62 4250 373 4311; baseline -0.016 -10"><span class='ocrx_word' id='word_1_310' title='bbox 62 4250 123 4308; x_wconf 68' lang='lat' dir='ltr'>orbis</span> <span class='ocrx_word' id='word_1_311' title='bbox 139 4255 168 4305; x_wconf 84' lang='lat' dir='ltr'>c,</span> <span class='ocrx_word' id='word_1_312' title='bbox 184 4250 327 4311; x_wconf 83' lang='lat' dir='ltr'>presbiteriis</span> <span class='ocrx_word' id='word_1_313' title='bbox 346 4251 373 4296; x_wconf 78' lang='lat' dir='ltr'>V.</span> 
     </span>
    </p>

    <p class='ocr_par' dir='ltr' id='par_1_10' title="bbox 63 4322 1235 4486">
     <span class='ocr_line' id='line_1_37' title="bbox 131 4322 1235 4399; baseline -0.005 -14"><span class='ocrx_word' id='word_1_314' title='bbox 131 4331 158 4384; x_wconf 93' lang='lat'>1.</span> <span class='ocrx_word' id='word_1_315' title='bbox 182 4343 226 4399; x_wconf 84' lang='lat' dir='ltr'>ap.</span> <span class='ocrx_word' id='word_1_316' title='bbox 239 4326 499 4396; x_wconf 80' lang='lat' dir='ltr'>wirziburgensem.</span> <span class='ocrx_word' id='word_1_317' title='bbox 589 4326 615 4380; x_wconf 74' lang='grc'>2.</span> <span class='ocrx_word' id='word_1_318' title='bbox 638 4339 682 4394; x_wconf 83' lang='lat' dir='ltr'>ap.</span> <span class='ocrx_word' id='word_1_319' title='bbox 701 4324 899 4381; x_wconf 71' lang='lat' dir='ltr'>coloniensem.</span> <span class='ocrx_word' id='word_1_320' title='bbox 989 4325 1015 4380; x_wconf 83' lang='grc'>3.</span> <span class='ocrx_word' id='word_1_321' title='bbox 1039 4338 1082 4394; x_wconf 87' lang='lat' dir='ltr'>ep.</span> <span class='ocrx_word' id='word_1_322' title='bbox 1098 4322 1235 4380; x_wconf 90' lang='lat' dir='ltr'>Burabur·</span> 
     </span>
     <span class='ocr_line' id='line_1_38' title="bbox 63 4413 1021 4486; baseline -0.005 -11"><span class='ocrx_word' id='word_1_323' title='bbox 63 4429 185 4484; x_wconf 73' lang='lat' dir='ltr'>ganeam.</span> <span class='ocrx_word' id='word_1_324' title='bbox 272 4417 300 4474; x_wconf 83' lang='lat'>4.</span> <span class='ocrx_word' id='word_1_325' title='bbox 324 4431 369 4486; x_wconf 79' lang='lat' dir='ltr'>ep.</span> <span class='ocrx_word' id='word_1_326' title='bbox 389 4415 581 4472; x_wconf 80' lang='lat' dir='ltr'>Bisteteneem.</span> <span class='ocrx_word' id='word_1_327' title='bbox 671 4415 697 4472; x_wconf 82' lang='lat' dir='ltr'>t.</span> <span class='ocrx_word' id='word_1_328' title='bbox 721 4429 765 4486; x_wconf 85' lang='lat' dir='ltr'>ep.</span> <span class='ocrx_word' id='word_1_329' title='bbox 783 4413 1021 4486; x_wconf 73' lang='lat' dir='ltr'>Argentinensem.</span> 
     </span>
    </p>
   </div>
   <div class='ocr_carea' id='block_1_4' title="bbox 0 0 1550 4848">
    <p class='ocr_par' dir='ltr' id='par_1_11' title="bbox 0 0 1550 4848">
     <span class='ocr_line' id='line_1_39' title="bbox 0 0 1550 4848; baseline 0 3"><span class='ocrx_word' id='word_1_330' title='bbox 0 0 1550 4848; x_wconf 95' lang='lat' dir='ltr'> </span> 
     </span>
    </p>
   </div>
  </div>
 </body>
</html>
