3176 4846
324 299 404 346 vrrs
426 297 581 346 anacam
601 297 862 346 sacumrucorr
883 296 1078 346 uocuurnu
1215 279 1279 346 619

117 440 208 506 iuxta
238 445 388 526 precepta
415 433 587 507 canonum¹
613 438 865 524 religiosissimos
892 439 1022 506 clericos
1053 443 1086 506 ct
1111 438 1448 508 necromantii-116⁰

118 555 204 622 omni
231 561 372 643 tempore
398 557 580 624 assistentes
602 557 678 639 sibi,
707 555 939 623 sollertissimas
962 575 1018 622 sua
1040 556 1103 622 uite
1124 555 1279 640 custodes,

117 673 173 758 qui
194 673 438 739 conversationis
461 693 517 740 sue
538 672 753 740 testimonium
775 673 887 740 darent
909 678 941 739 et
963 671 1003 738 ad
1025 692 1157 756 qnorum
1174 692 1279 738 exem·

116 786 205 874 plum
227 788 379 854 mundum
401 808 472 854 cunr
494 808 551 855 suo
573 787 650 856 licre
671 789 740 875 ipse
763 789 949 874 quandoque
971 792 1160 874 asperneret

205 903 352 970 Getarum
375 904 414 970 ad
438 903 636 971 ecclesiarum
661 903 890 972 edificationem
908 910 941 972 et
954 903 1225 986 restaurationem,
1248 907 1281 970 et

117 1018 158 1084 ad
179 1039 352 1106 pauperum
376 1021 646 1104 sustentationem,
671 1026 702 1086 et
723 1028 759 1087 nt
780 1021 891 1104 religio
914 1023 947 1087 in
965 1021 1104 1088 ecclesiis
1120 1020 1180 1087 sibi
1195 1039 1280 1086 ccm-

115 1135 221 1202 missis
244 1137 330 1202 omui
352 1142 530 1203 seruaretur
552 1136 704 1220 custodia,
726 1137 999 1221 vigilantissimam
1023 1155 1151 1222 operam
1174 1135 1278 1202 dabat

114 1249 159 1316 Et
185 1270 226 1317 ue
254 1252 305 1318 cni
331 1257 501 1340 paupertas
530 1252 731 1337 delinquendi
753 1253 969 1320 necessitatem
993 1251 1163 1336 indigeret,
1191 1251 1281 1334 larga

115 1385 211 1432 manu
233 1366 366 1434 fratrum
389 1369 560 1453 indigentie
582 1368 771 1456 procurabat
792 1388 964 1452 occurrere,
987 1369 1090 1436 mens:
1120 1367 1202 1452 quod
1225 1387 1280 1434 ne-

15 1473 17 1478 ’
115 1482 245 1548 cessitas
276 1484 395 1550 iustam
429 1491 522 1570 cogat
547 1505 686 1571 peccare.
776 1483 968 1552 Mouasteria
995 1484 1128 1570 quedam
1154 1485 1282 1570 incepta

114 1599 256 1684 perfecit,
280 1599 319 1667 ab
342 1601 432 1667 initio
455 1601 589 1686 quedam
611 1601 701 1682 fecit3
723 1601 893 1685 multisque
915 1599 1073 1666 beneficiis
1091 1621 1128 1666 ea
1142 1598 1281 1686 locuple·

115 1715 204 1782 tavit
238 1715 324 1782 Inter
346 1736 406 1801 que
429 1717 566 1801 insignia
588 1723 676 1800 sunt,
705 1717 803 1802 quod·
828 1716 944 1784 Sancta
964 1713 1065 1784 Maria
1086 1717 1119 1782 in
1140 1715 1230 1782 Valle
1248 1723 1281 1783 et

116 1831 217 1916 qnod·
241 1829 358 1899 Sancta
371 1832 473 1900 Maria
494 1834 528 1900 in
544 1833 729 1900 Burnebach
752 1833 875 1900 dicitur.
910 1833 956 1900 lbi
979 1833 1064 1900 enim
1086 1831 1280 1898 voluntatem

116 1946 296 2031 quiescendi
319 1955 460 2016 extremo
482 1949 722 2032 declaraveratl,
744 1948 909 2034 locumque
930 1948 1065 2035 sepulcri
1080 1949 1211 2028 iecerat3
1234 1949 1280 2014 le·

115 2061 271 2148 cisactqne
293 2065 375 2132 votis
397 2066 484 2149 satis,
507 2065 570 2132 uisi
593 2066 639 2132 ci·
663 2065 743 2132 alter
765 2065 953 2132 occurrisset
975 2071 1114 2132 euentus.

203 2179 415 2248 Annitebatnr
447 2201 521 2248 vero
555 2181 683 2248 cottidie
716 2181 750 2248 in
777 2156 922 2248 ciuilibus
950 2181 1051 2248 causis
1080 2181 1174 2246 horas
1202 2199 1281 2265 quas

114 2300 249 2382 poterat,
273 2297 385 2381 quibus
408 2317 477 2364 cum
501 2296 603 2364 Maria
625 2297 665 2363 ad
687 2297 783 2384 pedes
805 2297 933 2364 Domini
956 2302 1064 2382 staret,
1087 2295 1279 2364 subtrahere.

114 2411 291 2496 dariusque
317 2413 496 2499 presulatus
518 2414 568 2478 sui
589 2413 814 2500 procumbebat
835 2413 1027 2494 ministeri03
1055 2419 1091 2480 ut
1113 2413 1281 2500 preteritas

114 2527 290 2611 neglectus,
319 2549 396 2614 quos
419 2529 574 2597 discordie
595 2531 685 2596 fucus
708 2528 888 2613 induxerat,
917 2535 1025 2615 posset
1046 2529 1239 2596 commodius
1262 2549 1283 2596 a

115 2643 168 2710 sed
190 2645 385 2729 abstergere,
416 2651 447 2712 et
475 2645 655 2714 abolicio·
679 2666 735 2712 suc
757 2645 993 2730 ingratitudinis
1016 2646 1172 2714 maculam
1194 2646 1281 2712 deiu-

114 2779 189 2846 ceps
211 2779 337 2828 ornnem
359 2768 480 2849 posset,
504 2762 640 2830 Domino
664 2762 814 2845 donante,
843 2761 1030 2848 propellere.
1120 2759 1281 2828 Officiatoa

114 2879 220 2944 auteur
255 2897 379 2962 omncs,
412 2879 579 2966 presertim
615 2879 668 2963 qui
696 2877 804 2944 diuino
832 2877 1093 2964 mancipabantur
1121 2877 1279 2962 obsequio,

114 2991 272 3077 quoslibet
292 2994 327 3060 in
350 3014 406 3062 suc
429 2994 538 3060 ordine
560 2994 768 3080 peritissimos
790 2993 901 3060 habuit
922 2999 955 3060 et
971 2992 1088 3060 fideles.
1123 2993 1174 3060 Ad
1189 2993 1281 3058 daco-

113 3127 183 3175 rem
212 3129 292 3176 vero
312 3110 424 3177 domus
446 3109 575 3177 Domini
598 3116 630 3177 at
652 3109 818 3177 sacerdotii
839 3110 1072 3176 uenerationem
1096 3110 1186 3176 iuxta
1207 3108 1281 3176 reli·

112 3225 217 3308 gionis
239 3225 386 3312 pudicam
409 3227 648 3292 sanctimoniam
671 3225 717 3292 sic
738 3225 916 3310 insudabat,
943 3226 1035 3292 utin
1057 3225 1106 3292 sui
1128 3223 1282 3310 pontificii

113 3340 189 3408 sede
216 3341 326 3408 habitu
357 3341 468 3410 decore
491 3348 604 3408 ornatu
627 3346 659 3410 et
679 3341 831 3426 religiono
851 3343 923 3428 ipsa
945 3341 1112 3428 disciplina
1133 3341 1281 3408 thronum

111 3457 214 3542 glorie
235 3457 296 3525 sibi
318 3459 467 3526 statuisse
487 3458 647 3546 probares.

204 3572 274 3640 Huc
296 3575 426 3659 accedit,
449 3575 533 3662 quod
555 3575 722 3642 sacerdotii
745 3580 881 3642 scemate
903 3571 1102 3660 pontificatus
1118 3575 1167 3641 sui
1181 3573 1283 3658 fulge-

114 3688 170 3758 bat
193 3688 339 3758 officium.
376 3691 537 3778 Tantaque
560 3692 734 3760 reverentis
751 3692 854 3776 gratia
868 3711 1034 3778 pomonam
1050 3711 1140 3758 suam
1153 3692 1187 3758 in
1202 3712 1282 3778 pon·

113 3804 237 3874 tilicali‘
258 3806 369 3874 habitu
390 3808 514 3874 divinus
536 3807 719 3894 perfuderat
739 3806 897 3892 splendor,
924 3813 961 3874 ut
981 3827 1040 3874 nec
1061 3808 1130 3895 ipse
1151 3805 1281 3874 Melchi-

113 3921 243 4007 sedech,
271 3923 370 3991 immo
397 3944 455 3991 nec
476 3925 546 4011 ipse
569 3924 820 4010 sapientissimus
845 3922 993 3990 Salomon
1014 3923 1049 3990 in
1071 3923 1158 3990 omni
1180 3923 1281 4007 gloria

187 4153 207 4185 a.
229 4138 289 4198 quod
305 4155 348 4185 om.
360 4140 381 4186 1.
472 4137 494 4186 b.
515 4139 615 4184 extremo
631 4136 785 4184 declaraverat
800 4140 882 4197 scripsi
894 4155 936 4197 pra
953 4140 1074 4184 arbonam
1089 4137 1203 4184 locaverat
1219 4138 1240 4193 1,
1257 4139 1279 4184 2.

112 4233 133 4266 c.
156 4221 180 4266 et
196 4219 217 4272 1,
234 4219 256 4264 2.
354 4219 377 4264 d.
399 4216 538 4264 commodius
555 4231 568 4263 a
584 4231 609 4263 aa
623 4220 706 4276 scripsi
717 4235 760 4276 pro
776 4217 941 4264 commodatius
959 4220 980 4274 1,
997 4219 1019 4264 i.
1116 4230 1136 4262 a.
1157 4217 1184 4262 ab
1202 4215 1277 4264 oficio

111 4299 197 4358 πνίγει·
207 4313 250 4354 pro
267 4310 281 4342 a
295 4295 406 4346 beneficio
422 4294 445 4356 (a
459 4293 550 4354 britcio)
568 4297 590 4352 1,
606 4297 628 4344 2.
705 4297 722 4344 1.
742 4297 876 4356 pontificiali
892 4299 913 4343 1.

186 4403 212 4455 1.
237 4399 278 4456 Gi.
296 4401 419 4456 Gratiani
438 4401 510 4456 decr.
529 4402 559 4456 P.
572 4401 611 4456 111
626 4400 664 4478 *de
682 4415 801 4456 consecr.
821 4401 882 4454 D.1
899 4415 922 4456 c.
936 4401 978 4456 60.
