3090 4848
320 323 347 370 S.
364 323 541 371 uomrsrn
561 325 606 371 ΕΤ
628 325 731 371 LULLI
753 323 940 372 EPISTOLAE
963 324 1042 370 27.ἳὸ
1222 308 1262 374 91

91 463 305 531 sacerdotium
327 463 479 550 maculat,
505 469 537 533 ct
560 465 587 530 si
610 465 670 532 tibi
691 464 801 532 liceret
824 486 895 532 cum
920 467 964 533 eis
988 464 1080 532 edere
1104 471 1158 533 aut
1179 464 1266 551 loqui
1307 474 1359 528 726

89 579 151 645 nisi
176 581 250 665 qui·
273 580 404 648 heretici
425 581 552 648 inerint.
587 580 747 648 Dicimus:
770 586 807 648 ut
829 582 886 648 hos
910 601 950 648 ex
971 581 1144 668 apostolica
1160 587 1266 648 aucto·
1282 547 1380 594 Nm

89 695 185 762 ritate
217 696 436 780 redarguendo
465 715 645 764 ammonens
679 704 711 764 et
744 698 784 764 ad
818 697 1006 764 munditiam
1034 697 1267 764 aeclesiasticae

89 811 280 897 disciplinae
302 812 470 898 perducas3
495 817 527 879 et
547 813 715 897 siquidem
733 812 939 898 obaudierint,
962 813 1129 880 salvabunt
1144 815 1266 880 animas

90 945 164 993 suas
190 933 223 994 et
245 927 314 1014 ipse
336 929 513 994 mercedem
536 927 676 995 lncrusti.
714 929 941 996 Verumtamen
963 927 1212 995 conlocationem
1235 933 1268 996 ct

90 1063 237 1110 mensam
265 1063 465 1110 communem
498 1063 571 1110 cunr
605 1045 651 1110 eis
686 1063 779 1128 agere
806 1065 868 1110 non
897 1065 1032 1112 recuses.
1078 1043 1267 1130 Plerumque

91 1160 237 1243 contigit,
261 1165 306 1243 nt,
330 1180 409 1244 quos
431 1159 584 1226 correctio
608 1159 793 1247 disciplinae
815 1160 923 1227 tardos
938 1161 1014 1227 lacit
1034 1161 1074 1227 ad
1088 1161 1267 1248 percipien-

91 1275 164 1342 dam
189 1275 333 1342 scutatis
353 1294 509 1360 normam,
532 1277 746 1342 conviviorum
763 1276 889 1343 sedulab
906 1280 938 1342 et
953 1277 1136 1343 ammonitio
1152 1275 1268 1344 blanda

92 1391 132 1458 ad
154 1393 243 1458 viam
265 1389 417 1478 perducat
444 1391 593 1458 institiae.
640 1391 675 1458 ld
703 1393 809 1478 ipsum
833 1397 938 1460 autem
962 1398 993 1459 ct
1014 1393 1048 1459 in
1070 1393 1134 1460 illis
1157 1413 1267 1480 proce-

92 1507 196 1592 ribus,
221 1508 275 1592 qui
298 1507 357 1574 tibi
380 1507 572 1574 adiutorium
594 1513 773 1595 praestant,
798 1509 964 1576 observare
987 1508 1125 1576 debebis.

181 1623 285 1708 Haec,
313 1623 413 1690 frater
439 1623 635 1708 karissime⁰,
665 1643 704 1691 ex
734 1625 925 1710 apostolicae
952 1624 1035 1691 sedis
1058 1625 1167 1709 rigore
1190 1626 1267 1692 scri-

92 1741 195 1827 psisse
217 1737 387 1808 sufficiant
422 1736 471 1807 De
493 1739 615 1824 reliquo
637 1738 843 1826 implorantes
861 1741 1109 1807 misericordiam
1127 1741 1197 1826 Dei,
1221 1746 1267 1827 ut,

94 1857 146 1941 qui
174 1861 208 1922 te
237 1855 302 1922 illis
331 1855 364 1922 in
391 1855 572 1940 regionibus
600 1857 669 1923 rice
692 1861 802 1922 nostra
823 1877 863 1922 ex
886 1856 1059 1942 apostolica
1082 1857 1268 1926 auctoritate

93 1992 225 2059 pergere
248 1971 324 2038 iecit
346 1975 379 2037 ct
399 1970 433 2037 in
455 1991 588 2058 opacam
611 1972 724 2039 silvam
746 1971 872 2038 lumend
888 1972 1029 2039 neutabs
1053 1993 1109 2060 per
1127 1993 1162 2039 os
1178 1978 1267 2040 tuum

94 2089 211 2155 micare
233 2087 492 2176 praedistinavit,
521 2088 738 2174 opitulationis
762 2109 837 2155 suae
858 2087 1188 2155 misericordissimum
1210 2089 1268 2156 tri-

93 2203 169 2271 bnat
192 2205 439 2285 incrementnm3
464 2209 618 2289 quatenus
641 2205 680 2271 de
702 2205 807 2272 fructu
825 2205 929 2290 operis
944 2204 1059 2291 etipse
1075 2204 1181 2271 valeas
1196 2225 1268 2291 pre-

94 2322 158 2387 mia
179 2321 346 2408 percipere
369 2325 480 2386 etuas
504 2321 629 2388 reniam
650 2325 851 2407 peccatorum
873 2321 1025 2388 invenire.
1060 2321 1146 2388 Deus
1170 2325 1202 2388 te
1219 2321 1268 2388 in-

93 2437 248 2504 colomem
282 2435 453 2521 custodiat,
488 2437 743 2504 reverentissime
775 2438 883 2504 frater.
925 2435 1010 2504 Data
1040 2441 1080 2504 10
1110 2437 1268 2504 Kalendas

94 2551 296 2638 Decembris,
324 2554 500 2640 imperante
529 2553 662 2618 domno·
684 2553 829 2640 piissimo
858 2557 991 2637 augusto
1018 2551 1124 2620 Leone
1152 2572 1173 2618 a
1199 2552 1268 2620 Deo

95 2674 243 2736 coronato
266 2689 382 2754 magno
403 2672 594 2756 imperatore
618 2687 699 2735 anno
723 2669 861 2753 decimo,
886 2667 1178 2755 postconsulatum
1202 2669 1268 2736 eius

96 2805 177 2851 anno
207 2785 355 2869 decimo¹,
384 2785 439 2852 sed
462 2790 494 2852 et
516 2785 722 2852 Constantino
746 2801 860 2869 magno
882 2785 1074 2871 imperatore
1095 2783 1179 2851 filios
1201 2786 1268 2851 cius

98 2921 178 2967 anuo
203 2902 233 2984 7,
257 2901 429 2968 indictione
451 2901 582 2968 decima.

101 3087 160 3160 28.
188 3086 363 3174 &reposca
393 3089 455 3154 III
473 3113 567 3178 papo
595 3089 780 3173 Bonifatio,
815 3088 900 3176 qood
932 3090 999 3152 iura
1023 3088 1199 3176 permultos
1226 3089 1270 3154 ud

185 3193 305 3262 Chresti
318 3196 417 3279 fidem
439 3199 639 3276 concuteret,
668 3195 868 3282 gratulatur,
899 3217 1028 3280 comque
1056 3208 1084 3260 ct
1112 3196 1268 3282 archicpi-

65 3333 69 3338 ·
186 3325 317 3390 scopum
330 3303 420 3387 facit
441 3316 470 3368 ct
486 3303 588 3390 pollii
607 3307 678 3369 iore
701 3315 802 3368 omar.
843 3302 899 3366 Ad
921 3305 986 3366 circs
1009 3305 1269 3388 interrogationes

185 3403 397 3497 respondeam.
978 3405 1013 3488 (S
1032 3410 1105 3491 122,
1129 3405 1198 3474 WG
1214 3409 1269 3490 25)

185 3533 452 3602 Reverentissimo
473 3539 505 3600 et
524 3533 722 3600 sanctissimo
743 3532 836 3598 fratri
850 3529 1008 3598 bonifatio
1026 3531 1210 3618 coepiscopo
1226 3567 1268 3578 -
1288 3563 1311 3604 c.
1326 3549 1378 3603 732

100 3651 138 3718 ad
159 3649 436 3718 inluminationem
458 3649 562 3734 gentis
574 3647 762 3716 Germaniae
779 3648 830 3715 vel
851 3648 1093 3733 circumquaque
1108 3648 1142 3714 in
1158 3648 1271 3715 umbra

168 3799 190 3831 a.
211 3783 274 3843 quod
288 3787 323 3838 Μ,
340 3771 385 3842 quir
403 3785 434 3839 C,·
450 3783 494 3828 nisi
511 3782 603 3828 coerciti
619 3787 647 3830 R.
710 3783 732 3829 b.
754 3782 865 3829 sedulitas
881 3785 909 3828 Β.
972 3793 991 3828 c.
1012 3779 1078 3828 hnic
1095 3784 1129 3828 M.
1192 3781 1215 3828 d
1235 3781 1269 3828 la·

99 3867 156 3912 mine
173 3881 233 3911 corr.
249 3865 272 3909 r'a
287 3862 364 3909 lumen
382 3865 407 3910 C.
490 3875 510 3907 e.
531 3877 574 3907 our.
591 3865 626 3908 M.
704 3861 719 3908 l.
740 3865 794 3922 post
814 3861 956 3907 consulatum
976 3885 1000 3893 -
1019 3859 1107 3908 docimo
1127 3864 1211 3918 scripsi
1226 3877 1269 3920 pru

98 3945 187 4006 inperii
201 3944 253 3990 sius
270 3945 325 3990 MC.
352 3944 380 3989 V.
396 3959 464 4002 supro
479 3943 553 4002 pull.
630 3955 652 4000 g.
672 3941 720 3990 fillo
736 3944 822 4002 scripsi
833 3959 876 4002 pro
891 3942 956 3999 regui
972 3945 1027 3990 MC·
1103 3939 1127 3988 h.
1148 3958 1177 3986 erc
1194 3944 1221 3987 M
1236 3941 1269 3987 se

102 4027 178 4080 -brr,
199 4025 240 4070 aba·
262 4045 287 4054 -
310 4025 358 4069 siue
379 4024 482 4068 immun
503 4022 591 4084 quidem
616 4046 639 4054 -
663 4024 719 4069 r'ater
738 4023 843 4084 Gregorii
861 4023 985 4070 secundi
1003 4024 1090 4068 lauros
1111 4023 1193 4084 legiter
1214 4022 1270 4068 boec

98 4106 200 4164 vistula.

168 4191 192 4246 1.
217 4189 296 4246 Haec
313 4187 431 4258 epistola
448 4187 511 4242 licet
529 4187 557 4242 in
575 4185 635 4243 cod.
650 4187 697 4256 (ll)
711 4192 740 4242 et
758 4189 785 4244 in
798 4187 921 4242 Gratiani
939 4186 1049 4242 decreto
1064 4190 1100 4254 (r.
1113 4186 1183 4242 inlra
1194 4203 1221 4257 p.
1235 4187 1270 4242 92

99 4297 125 4335 n.
136 4281 162 4350 2,
180 4296 206 4350 p.
221 4279 257 4332 93
276 4295 302 4332 n.
317 4279 341 4348 1,
354 4278 382 4344 2)
398 4275 530 4346 Gregorio
542 4276 570 4331 11
587 4275 746 4347 ascribatur,
765 4281 866 4346 tamen,
885 4292 947 4330 cum
960 4273 1131 4332 willibaldus
1149 4275 1176 4330 in
1189 4275 1270 4331 Boni·

100 4366 155 4424 latii
173 4369 232 4423 vita
249 4365 361 4436 pallium
382 4381 399 4420 a
415 4363 548 4434 Gregorio
560 4365 600 4422 lll
619 4367 730 4421 missum
746 4364 882 4420 Bonifatio
902 4381 962 4420 csso
981 4371 1080 4433 narret,
1099 4363 1148 4418 has
1166 4363 1270 4420 litteras

102 4459 212 4512 stertis
231 4454 365 4526 Gregorio
383 4469 444 4509 esse
462 4453 554 4523 liquet.
