3148 4846
324 285 389 353 378
663 301 849 350 urrsronnn
873 301 1099 350 nonunnmnn
1122 303 1153 348 aa

231 455 300 510 1099
324 445 475 513 christum
503 444 570 512 eius
598 445 743 531 nequiter
768 445 950 512 insurrexit
1040 442 1229 510 Huiusmodi
1251 443 1367 510 laetum
1386 443 1472 510 umis

226 529 306 577 Μ
324 562 494 629 canonibus
517 562 678 647 quamsit
701 560 883 644 adversum,
915 581 1008 646 quom
1032 581 1211 648 repugnans
1234 563 1267 626 et
1288 561 1473 644 ceutronum,

322 677 476 746 Toletano
505 677 643 763 synodus
672 677 854 760 denunciat,
884 677 967 744 iuter
995 681 1119 744 caetera
1147 675 1270 744 dicens:
1307 677 1475 763 Quicunque

323 797 461 883 quolibet
488 797 703 861 coniuratione
729 795 778 860 vel
806 795 909 860 eradio
935 805 1164 860 caeromeotcm
1178 795 1261 878 fidei
1281 815 1371 874 eece,
1401 795 1477 880 qaod

321 935 382 999 pro
405 914 637 978 conservatione
658 913 764 996 ceptae
786 911 897 976 ealatsi
914 912 1079 998 pellicetus
1104 923 1158 990 eet,
1183 913 1384 990 armaverit,
1405 932 1476 976 απα-

323 1029 425 1094 tiemo
447 1031 489 1092 eit
509 1031 545 1092 io
568 1041 732 1114 conspecta
746 1027 814 1092 Dei
832 1029 936 1114 pateis
960 1041 989 1094 et
1010 1027 1203 1114 acptum,
1228 1039 1323 1112 atque
1336 1027 1375 1092 ub
1390 1025 1477 1091 aecle-

322 1145 372 1208 ce'a
395 1143 562 1223 catholico,
591 1165 686 1229 prum
706 1147 849 1230 perducto
869 1144 1072 1230 profanavit,
1097 1143 1254 1228 efficiatur
1276 1153 1479 1208 mammet

322 1271 409 1324 coetu
431 1259 673 1324 cottanorum
695 1259 827 1326 alienae.

410 1372 543 1440 Furtum
565 1379 677 1460 postea
699 1393 770 1442 eum
794 1373 956 1457 sacrilegio
979 1374 1176 1442 committere
1199 1393 1263 1441 nen
1280 1373 1395 1442 timuit
1426 1371 1479 1440 (lu-

320 1489 413 1557 licem
436 1489 557 1557 scilieet
579 1510 709 1558 aureum
725 1489 883 1578 Spirensis
906 1489 1068 1574 aeclesiae,
1092 1509 1186 1575 quem
1206 1489 1344 1557 aludeie
1358 1488 1479 1576 accepit,

320 1607 542 1692 interrogatus,
566 1625 600 1673 re
614 1605 730 1674 habere
744 1607 886 1691 negarit3
909 1611 942 1673 et
956 1611 1077 1693 postea,
1095 1607 1255 1672 conuictus
1272 1612 1304 1672 et
1319 1605 1479 1685 confessus,

322 1727 445 1811 partem
475 1722 724 1806 fragmentorum
751 1723 875 1805 retulit3
905 1727 1030 1790 caetera
1052 1741 1086 1790 se
1108 1721 1260 1808 pollicens
1282 1721 1478 1790 redditurum.

322 1839 536 1923 Augustinus·
559 1839 642 1906 inter
670 1845 795 1906 caetera
824 1840 864 1908 de
891 1838 1070 1908 huiusmodi
1092 1839 1183 1907 dicit:
1215 1839 1281 1922 Qui
1302 1837 1418 1906 Cbcs'eti
1436 1859 1480 1902 ree

321 1969 351 2022 et
372 1957 522 2022 aeclesiae
543 1959 640 2043 repit,
663 1957 806 2042 prosectu
828 1957 1027 2043 eooileqiom
1040 1957 1128 2042 soce't
1145 1969 1247 2043 etpro
1262 1957 1415 2042 eocmlepo
1430 1954 1480 2020 ltu·

321 2071 439 2140 bendoe
470 2085 531 2148 eet‚·
560 2072 763 2138 tmnicidiom
793 2094 915 2160 quoque
940 2077 1050 2140 meritc
1077 2076 1325 2161 diripimur,
1355 2074 1431 2160 pecii
1451 2091 1480 2136 eo

319 2201 460 2276 presente
486 2201 515 2254 et
534 2191 726 2275 prcopieate
749 2191 868 2254 occteue
891 2191 1021 2275 quidam
1033 2191 1142 2276 fuisse
1162 2189 1332 2258 maltorum
1354 2191 1481 2256 ueniae-

319 2307 374 2371 oe'o
395 2305 583 2392 perhibetur.
1422 2351 1424 2356 -

409 2419 501 2486 Hunc
523 2418 629 2502 talem
652 2423 719 2484 tam
741 2419 960 2488 detestabilem
982 2423 1014 2488 et
1031 2419 1159 2486 omuino
1173 2419 1357 2506 notabilem,
1380 2439 1437 2488 sau

320 2535 463 2604 Romana
491 2533 624 2602 aeclesia
648 2534 788 2619 legitime
810 2536 949 2622 vocavit,
979 2541 1124 2604 vocatum
1146 2542 1178 2604 et
1199 2537 1307 2604 venire
1329 2536 1482 2604 nolentem

289 2653 293 2664 '
320 2651 468 2720 canonice
490 2651 651 2734 iudicarit,
678 2651 852 2720 iudicatum
874 2652 1126 2740 condempnavit,
1152 2651 1418 2740 condempnatum
1437 2669 1482 2718 ro

321 2767 479 2855 podismi,
507 2767 672 2855 repudiato
700 2769 834 2836 alterum
854 2769 924 2836 loco
946 2789 1002 2836 suo
1025 2769 1257 2854 subrogandum
1279 2769 1482 2838 confirmarit

320 2884 483 2952 Ganonnm
506 2905 629 2971 quoque
651 2905 783 2952 censura
804 2885 954 2971 precipit:
982 2890 1027 2969 ut,
1052 2890 1214 2952 aecusatus
1229 2885 1257 2952 si
1271 2885 1357 2952 infra
1371 2903 1482 2954 annum

320 3021 449 3068 oausam
471 3021 561 3068 suam
584 3021 678 3086 agere
699 3000 939 3087 contempserit,
961 2999 1050 3068 nulla
1071 3022 1134 3069 vox
1156 3002 1222 3068 eius
1246 3006 1358 3088 postea
1380 3001 1483 3069 andiu·

319 3123 381 3185 tur.
415 3115 595 3184 Bonifatius
624 3137 747 3203 quoque
774 3135 859 3203 papa
885 3117 919 3184 in
948 3117 1082 3203 epistola
1107 3113 1180 3184 sua¹
1202 3117 1285 3184 inter
1307 3117 1372 3184 alia
1394 3117 1483 3185 dicit:

320 3235 507 3314 Accusatus,
531 3237 562 3299 ee'
582 3236 690 3300 adesse
710 3235 889 3321 neplaemtt,
914 3235 1096 3301 dilutionem
1110 3238 1279 3302 eentmtiae
1292 3238 1332 3302 de
1346 3236 1484 3302 mamea

320 3373 378 3416 etta
405 3372 470 3416 oco
499 3349 652 3427 tuccetum
679 3349 764 3416 idem
791 3349 825 3416 in
851 3344 993 3417 eudem¹t
1023 3349 1141 3416 Nullae
1165 3351 1303 3432 debiat,
1333 3354 1422 3439 quod
1441 3355 1484 3418 riu

320 3487 433 3531 eccene
456 3467 610 3532 iudicium
631 3467 833 3553 subterfupe't,
858 3467 1134 3552 quenadmodum,
1158 3481 1194 3534 ut
1215 3467 1409 3550 absolvetur,
1432 3469 1486 3556 qui

320 3595 365 3649 eet
379 3585 536 3663 innocen,
561 3585 672 3669 querit.
746 3580 808 3648 Sed
824 3581 907 3649 dicet
922 3579 1050 3666 aliquis:
1073 3582 1185 3650 Venire
1198 3587 1391 3671 conposuit,
1412 3586 1485 3650 dum

319 3701 383 3763 vim
405 3702 521 3779 metuit,
547 3703 702 3766 maeatae
725 3711 754 3763 et
774 3711 904 3766 motem
921 3701 1096 3786 peruincit
1129 3698 1181 3766 Ad
1202 3699 1285 3784 qnod
1302 3699 1483 3768 dicandum:

319 3813 409 3899 quia,
443 3813 550 3897 quales
579 3813 689 3897 vellet,
722 3813 830 3898 quales
859 3812 1005 3898 eligeret,
1036 3813 1181 3881 dominus
1209 3835 1284 3882 suus
1312 3815 1485 3904 imperator

320 3929 434 3996 obtulit
458 3927 593 3994 obsides.
627 3927 729 3994 Locus
757 3929 957 4013 designatus,
987 3929 1055 3998 dies
1083 3937 1132 3998 est
1159 3931 1403 4016 determinatus,
1432 3929 1484 3998 ubi

391 4137 411 4170 ι.
431 4123 482 4182 Au}
497 4140 517 4169 c.

390 4230 414 4283 1.
438 4227 713 4285 Pseudo-isidoriana
735 4228 771 4284 ad
794 4228 936 4299 episcopos
959 4227 1076 4302 Gallim,
1100 4247 1127 4286 v.
1145 4231 1303 4287 Decretulee
1322 4229 1482 4287 Ps-ieidor.

319 4317 362 4372 ed.
380 4317 527 4372 Hinschius
544 4333 572 4387 p.
585 4318 651 4372 555:
672 4319 717 4389 „si
734 4317 833 4373 adesse
850 4319 1010 4390 neglexerit,
1028 4320 1184 4376 dilationem
1203 4321 1353 4378 sententiae
1371 4336 1426 4378 non
1443 4321 1482 4377 lu·

319 4411 409 4460 oretur
426 4405 461 4461 de
479 4403 633 4462 absentis'‘.
722 4407 748 4462 2.
772 4405 885 4461 ibidem:
906 4407 964 4477 „nt
981 4409 1071 4464 nullus
1088 4407 1198 4464 dubitat
1214 4437 1248 4450 -
1266 4409 1403 4480 quaen't“.
