3164 4842
386 304 433 352 nx
456 303 611 352 ornnoru
633 305 713 352 vrrs
736 304 762 350 e.
779 303 954 352 noannun
1189 285 1255 352 495
1384 289 1388 298 '

93 443 162 512 dum
183 445 293 512 veniae
316 449 441 531 tempus
456 445 592 512 Domino
615 449 797 532 praestanto
817 449 969 528 tenemus,
992 444 1139 527 neforto,
1163 463 1256 530 prae-

92 561 230 647 oeoupati
252 560 303 628 die
326 561 447 646 mortis,
471 581 658 646 quaeramus
679 562 822 648 spadium
836 561 1049 647 poenitentiae
1065 569 1097 627 et
1111 561 1254 626 invenire

91 696 150 742 non
171 676 338 762 possimus.
374 677 436 744 Sed
459 679 498 744 de
520 678 570 745 bis
592 679 670 744 satis
693 678 827 758 dietnm;
856 682 1051 744 revertamur
1074 675 1114 744 ad
1136 677 1255 762 ineepti

92 793 240 860 sermonis
263 793 437 860 exordium.

176 908 255 976 Cum
284 929 358 992 ergo
385 909 591 978 Karlomanni
618 915 787 997 praesepto
816 911 979 993 sanctique
1000 907 1154 976 Bonifaeii
1182 927 1256 974 eon·

91 1025 157 1090 silio
180 1025 339 1110 synodalis
362 1033 534 1092 conventus
556 1025 734 1110 haberetur,
758 1025 850 1092 multi
871 1025 917 1092 ibi
939 1045 1003 1091 non
1025 1023 1127 1092 solnm
1150 1023 1256 1090 olerioi

91 1140 219 1226 quilibet
240 1141 378 1208 heretica
400 1143 557 1228 pravitate
580 1142 702 1228 decepti
726 1143 765 1208 ab
783 1141 951 1208 aeeolesiaa
967 1141 1185 1206 communione
1201 1160 1256 1206 ex·

91 1257 295 1344 pellebantur,
320 1258 375 1324 sed
399 1259 493 1324 etiam
517 1259 672 1345 episeopi,
696 1259 750 1342 qui
772 1277 830 1344 pro
854 1257 959 1342 aliqua
982 1255 1126 1344 ospitalis
1149 1257 1257 1322 orimi-

89 1374 137 1440 nis
159 1373 284 1440 maoule
306 1373 459 1440 diffamati
481 1375 623 1458 fuerant,
647 1375 893 1460 deponebantur.
928 1373 1055 1440 Erroris
1079 1377 1184 1440 numm
1207 1377 1257 1438 to·

89 1465 239 1574 tiusjqui
260 1495 336 1556 tuno
357 1491 390 1556 in
408 1489 579 1558 Germania
601 1497 791 1574 exereverat,
815 1489 947 1556 maximi
968 1489 1096 1556 fuerunt
1113 1495 1256 1580 auotores

89 1607 149 1672 duo
173 1607 312 1690 heretici,
336 1625 468 1692 quorum
493 1627 573 1672 nnus
597 1606 752 1690 Glemona,
776 1605 856 1672 alter
877 1626 951 1672 vero
966 1605 1157 1672 Aldebertus
1173 1604 1257 1671 dioe-

89 1721 189 1789 batur.
225 1721 274 1789 De
297 1723 408 1806 quibus
432 1723 643 1809 postmodum,
668 1743 739 1789 oum
763 1720 911 1808 epistolas
935 1720 975 1789 ad
992 1720 1177 1788 Zaebariam
1200 1741 1258 1806 pa-

89 1859 162 1925 pam
192 1838 306 1906 missas
335 1839 476 1924 proferre
499 1839 712 1924 coeperimus,
742 1839 863 1905 dioetur
885 1838 1121 1921 congruentium
1152 1837 1186 1903 in
1208 1835 1258 1902 his

88 1955 171 2022 enim
195 1955 297 2022 omnis
313 1975 421 2022 eorum
436 1955 599 2020 mortifera
613 1954 732 2022 heresis
747 1953 927 2041 replicatur.
1011 1953 1146 2032 Quidam
1161 1953 1257 2020 etiam

87 2071 264 2158 episeopus,
286 2071 413 2138 nomine
436 2069 589 2139 Gewiliob
599 2067 616 2154 ¹,
639 2069 821 2154 Mogontiae
844 2071 965 2138 eiviteti
986 2069 1158 2156 praelatus,
1182 2074 1259 2134 tune

87 2188 311 2274 deponebatur.
346 2187 409 2254 Gur
432 2195 538 2254 autem
553 2187 714 2273 depositus
729 2187 834 2271 fuerit
858 2187 909 2254 bia
923 2187 1150 2271 subsequenter
1166 2204 1257 2252 enar·

85 2303 172 2372 rabo.
255 2303 291 2370 ln
314 2303 377 2370 illis
399 2323 535 2389 namque
553 2302 748 2390 temporibus
765 2301 905 2370 Saxones
920 2301 1129 2370 devastabant
1143 2301 1257 2368 Turin-

85 2421 181 2504 giam.
218 2419 317 2498 Quam
342 2421 381 2486 ob
404 2440 471 2486 rem
488 2419 598 2506 pepuli
616 2420 754 2486 eiusdem
770 2421 961 2505 provintiae,
986 2419 1201 2502 eonfugientes
1217 2416 1256 2482 ad

85 2537 302 2623 supradiotnm
330 2537 505 2622 principem
529 2535 792 2620 Karlornaunum,
822 2537 1016 2621 quaerebant
1043 2535 1083 2602 ab
1107 2555 1143 2602 eo
1167 2533 1257 2600 auxi-

84 2653 174 2718 lium.
209 2652 269 2730 Qui
298 2673 374 2718 mox
403 2673 459 2737 pro
489 2673 598 2719 eorum
627 2653 788 2738 ereptione
811 2653 984 2720 exereitum
1006 2652 1109 2734 misit,
1138 2651 1172 2716 in
1196 2669 1257 2734 quo

85 2768 182 2835 simul
205 2767 358 2836 Geroldus
381 2767 665 2852 Mogontiaeensis·
689 2775 764 2835 tuno
792 2769 973 2855 episeopus,
1003 2771 1094 2854 pater
1122 2765 1258 2851 praefati

84 2883 279 2968 Gawiliobis,
301 2885 406 2952 iussus
429 2885 578 2971 perrexit.
616 2884 756 2969 Cumque
772 2885 951 2968 congressio
966 2885 1051 2950 faeta
1065 2883 1178 2950 fuisset
1192 2880 1258 2948 bel·

83 3000 221 3068 lantiam
245 3007 278 3068 et
298 3001 433 3068 invicem
457 3006 557 3068 semet
578 3001 770 3084 ferientium,
794 2999 949 3068 Geroldus
973 3001 1138 3086 episeopus
1161 2999 1258 3064 inter·

82 3117 186 3184 feetus
210 3117 254 3184 ibi
276 3118 359 3184 inter
382 3117 460 3184 alios
484 3116 638 3184 oeoubuit.
674 3115 797 3184 Deinde
819 3116 902 3184 lilius
926 3118 992 3182 eius
1016 3114 1179 3198 Gewiliob‚
1204 3112 1258 3180 ad·

83 3231 147 3300 hue
180 3231 280 3300 laieus
311 3235 345 3299 in
379 3234 498 3320 palatio
526 3234 731 3317 constitutus,
766 3253 824 3319 pro
854 3233 992 3300 sedando
1021 3231 1121 3318 patris
1152 3230 1259 3296 dolore

82 3349 253 3416 elerieatns
282 3349 384 3416 officio
407 3349 651 3436 promovebatur
674 3354 706 3416 et
729 3349 770 3414 ad
792 3350 962 3434 regendam
985 3347 1170 3416 aecclesiam
1191 3345 1260 3413 Mo·

81 3467 325 3548 gonoiaoensem
353 3471 426 3551 post
454 3466 575 3534 obitum
597 3465 698 3552 patris
720 3465 957 3548 subrogabatur.
993 3464 1070 3532 Post
1092 3485 1155 3532 non
1178 3463 1260 3530 mul·

82 3587 153 3650 tum
186 3603 259 3650 sero
288 3582 440 3669 temporis
467 3583 582 3650 iterum
611 3581 859 3666 Karlomannus,
890 3583 1031 3650 exercitu
1059 3585 1258 3665 eongregatq

81 3703 198 3766 oontm
226 3697 367 3766 Saxones
400 3701 542 3785 perrexit
576 3719 744 3784 senumque
773 3697 906 3766 eundem
935 3697 1128 3766 Gauilioben
1158 3697 1258 3763 duxit

80 3813 329 3882 Considentibus
359 3821 464 3882 autem
492 3817 655 3900 utriusque
684 3815 795 3901 populi
824 3814 1013 3882 exercitibus
1044 3815 1090 3881 eis
1119 3813 1260 3897 citraque

79 3933 190 4018 ripam
213 3929 352 3998 fluminis
365 3931 540 4016 Wisaraba,
563 3933 726 4018 praecepit
748 3930 900 4000 Gewiliob
923 3951 1055 4018 puerum
1070 3949 1163 3997 sunm
1177 3930 1260 3994 inter

79 4047 192 4116 hostes
216 4069 347 4135 pergere
368 4049 495 4133 illioque
517 4067 633 4114 nomen
656 4049 734 4133 eius,
758 4049 812 4133 qui
833 4052 958 4133 patrem
982 4067 1075 4115 suum
1092 4045 1258 4128 oeoiderat,

79 4161 255 4248 diligenter
276 4166 445 4251 inquirere.
482 4165 623 4252 Cumque
644 4184 743 4251 puero
758 4165 845 4232 iussa
860 4163 1000 4252 explenti
1015 4161 1259 4249 responderetur

158 4319 181 4352 a.
201 4305 398 4364 Mogontianomis
414 4326 434 4356 c.

159 4413 184 4465 1.
208 4411 243 4466 V.
262 4411 420 4468 Passionem
439 4411 467 4467 S.
480 4410 610 4468 Bonifatii
628 4427 712 4482 supra
729 4427 757 4482 p.
769 4411 822 4466 471
835 4425 876 4480 sq.
