3148 4846
293 263 359 330 392
461 353 465 358 1
633 279 822 330 κειετοιη
843 279 1072 330 mounurnrsn
1095 279 1126 328 cs

204 431 275 488 1119
292 423 442 490 terminet
462 419 566 505 aam¹3
594 423 674 508 nisi,
701 423 896 491 cretionibus
920 428 1043 491 vestroe
1064 423 1273 491 fraternitatis
1294 441 1449 492 conrmsm

292 539 334 607 ud
354 539 615 623 misericordiam,
638 540 792 607 virtutum
806 539 962 608 Dominus
985 540 1025 608 do
1041 540 1127 608 coelo
1142 539 1293 627 respiciat
1306 544 1338 606 st
1349 539 1449 607 udas

291 657 487 742 visitansque
509 651 611 741 cum',
635 675 730 743 quem
750 656 909 743 plantavit
923 657 1053 724 dextero
1068 657 1144 740 eius,
1168 655 1315 724 clementi
1329 655 1451 724 eandem

291 772 433 840 bonitate
454 766 624 858 perficiat'.
697 771 779 840 Ecce
801 773 896 858 enim,
920 773 994 840 dum
1018 772 1154 859 quedam
1178 793 1235 860 sps
1256 771 1452 859 reonpersutn'

292 886 416 974 regem‘
433 888 561 956 studere
583 887 780 956 crederemus
802 889 891 976 pacis
913 888 1130 976 pulcritudini,
1153 889 1352 975 serpentinae
1373 887 1455 956 culli

293 1005 402 1072 ditetis
430 1005 604 1091 pervicatia
624 1005 727 1072 Erum
756 1005 960 1092 decepturus,
991 1006 1105 1091 quietis
1128 1011 1255 1072 nostrae
1277 1004 1454 1091 simplicita-

292 1125 358 1188 tem
380 1125 551 1208 temptetur
574 1125 622 1189 est
644 1141 828 1206 eggressum
855 1121 1100 1209 simplicioribus
1122 1122 1240 1190 nostris
1261 1140 1372 1208 pacem
1393 1119 1456 1208 pol·

292 1237 406 1321 licens,
435 1237 686 1305 indissolubilem
713 1237 881 1305 sacerdotii
909 1245 941 1306 ct
961 1237 1052 1322 regni
1074 1235 1274 1306 concordium
1295 1237 1456 1324 repromit-
1556 1243 1561 1337 ι’

293 1359 374 1438 tens,
398 1355 426 1420 si
447 1373 505 1422 rex
526 1353 604 1422 fines
627 1359 752 1421 nostros
775 1354 960 1439 attingerem
985 1353 1060 1441 quia
1081 1359 1189 1422 nostro
1212 1360 1245 1422 ct
1260 1353 1393 1421 eliorum
1409 1371 1457 1422 os-

218 1469 221 1474 ’
293 1470 481 1538 tholicorum
504 1469 635 1538 consilio
657 1469 873 1538 indubitanter
895 1491 965 1539 sose
987 1469 1139 1538 crederet

382 1585 450 1654 Huc
472 1606 529 1673 spe
551 1587 739 1673 quibusdam
761 1585 912 1672 inductis,
937 1587 992 1673 qui
1014 1589 1044 1655 ei
1067 1587 1152 1654 rium
1174 1592 1341 1674 putarent,
1363 1583 1459 1671 Aquis
1558 1611 1562 1696 ¹r

292 1702 388 1772 veuit.
422 1701 574 1770 Nostrum
597 1701 788 1789 colloquium
810 1703 918 1770 mulus
936 1703 1057 1771 nuntiis
1073 1703 1221 1790 expetiit3
1244 1702 1407 1790 pollicens,
1428 1720 1459 1767 se

292 1821 460 1904 facturum,
488 1819 636 1904 quicquid
659 1817 799 1906 placeret
819 1825 928 1886 nostro
951 1818 1092 1904 coneilio,
1115 1824 1181 1886 tem
1205 1819 1244 1887 de
1266 1839 1346 1907 pace
1368 1815 1460 1886 cocle-

295 1937 424 2004 sicstica
446 1955 542 2022 quom
570 1934 609 2001 de
633 1933 835 2022 promulgata
856 1936 891 2004 in
914 1955 986 2003 cnm
1009 1931 1192 2004 sententia⁸.
1227 1935 1276 2003 Ne
1298 1935 1397 2020 igitur
1417 1931 1461 2000 vi-
1562 1923 1563 1939 ³

296 2054 444 2122 dercmur
465 2052 536 2140 paci
557 2050 638 2118 nulli
659 2053 796 2137 studmc,
819 2051 895 2120 licet
914 2053 953 2120 de
968 2052 1080 2139 cepitis
1095 2052 1197 2119 nostri
1211 2051 1394 2119 discrimino
1406 2049 1462 2117 ibi-
1563 2035 1564 2038 ¹

297 2170 368 2238 dem
385 2169 541 2254 ageretur,
563 2168 760 2236 illuctsmen
775 2169 972 2236 accessimus.
1002 2168 1065 2236 Sed
1079 2169 1119 2236 de
1133 2169 1194 2253 bis,
1215 2187 1295 2254 quae
1309 2167 1462 2255 promises

298 2291 398 2370 erunt,
420 2285 502 2352 nihil
522 2284 716 2368 invenimus3
739 2285 809 2372 ipso
831 2305 906 2370 rege
929 2285 970 2352 ud
992 2284 1051 2353 boc
1067 2289 1191 2352 tautum
1206 2285 1338 2369 nitente,
1360 2288 1463 2371 utpor

297 2422 356 2469 nos
390 2402 420 2468 ei
447 2406 573 2489 pateret
599 2401 736 2468 civitatis
763 2407 891 2470 nosnos
917 2401 1075 2469 introitus.
1110 2400 1190 2469 Ourn
1218 2407 1327 2468 autem
1354 2399 1464 2468 obnixe

296 2536 495 2602 rogaremus,
521 2536 563 2584 nc
584 2516 620 2584 id
640 2515 737 2584 uellet
757 2517 861 2584 facere
884 2521 917 2585 et
938 2523 1026 2585 tuoto
1048 2517 1186 2584 civitatis
1207 2517 1363 2605 populum
1384 2535 1464 2584 com·

296 2634 446 2702 munione
468 2653 526 2700 sua
546 2633 698 2721 polluere,
722 2633 948 2718 seruitiumque
970 2639 1002 2701 ct
1024 2635 1277 2722 procurationem
1294 2634 1326 2701 ei
1342 2631 1464 2701 offerre·

296 2771 369 2819 mus
392 2755 483 2818 extra
504 2749 615 2818 urbem
629 2750 664 2817 in
680 2769 863 2836 quocunque
878 2770 936 2816 sue
950 2751 1047 2836 curio,
1070 2771 1134 2817 non
1150 2750 1320 2837 adquievit.
1359 2749 1464 2833 lmmo,

299 2865 486 2954 quibusdum
509 2865 630 2934 civibus
652 2867 787 2954 pecunia
808 2867 975 2954 corruptis,
999 2866 1190 2934 sedicionem
1211 2867 1296 2935 inter
1319 2887 1373 2934 eos
1396 2885 1465 2934 con·

299 2984 424 3066 citavit3
449 2987 574 3050 etcum
596 2981 655 3050 tuli
677 2982 830 3050 divisione
852 2983 1002 3070 portium,
1026 2983 1097 3050 aliis
1118 2982 1296 3052 volentibus
1320 2983 1395 3051 aliis
1413 3001 1466 3050 no-

297 3099 445 3185 lentibus,
461 3100 623 3168 civitctem
637 3099 769 3167 intrarit
775 3094 797 3166 ⁸.
824 3098 889 3166 Nos
905 3103 1021 3186 cutem
1036 3119 1107 3167 cum
1123 3099 1285 3168 catholicis
1299 3105 1366 3168 tum
1381 3097 1467 3167 luicis

300 3235 394 3302 quem
416 3214 538 3283 clericis
562 3219 653 3282 extra
674 3216 785 3283 urbem
807 3235 865 3284 nos
886 3216 1082 3304 recipiendo,
1110 3217 1252 3283 divinum
1274 3215 1414 3284 officium
1434 3215 1467 3281 in

299 3331 429 3400 civitate
454 3330 524 3398 fieri
551 3329 785 3419 prohibuimus3
815 3334 843 3400 ei
871 3333 966 3418 forte,
996 3331 1208 3400 ecclesiastica
1233 3333 1372 3421 correpti
1398 3351 1469 3399 oen·

301 3467 385 3532 sura,
409 3447 541 3516 audiant
562 3453 595 3514 et
616 3453 839 3517 convertantur
861 3453 893 3516 et
913 3448 1069 3534 condigna
1083 3449 1297 3517 satisfactione
1312 3453 1466 3517 curentur.
1563 3489 1565 3568 1

300 3564 387 3644 Quos
410 3568 515 3631 eutem
537 3562 623 3631 mule
643 3565 740 3632 miser
761 3564 897 3653 populus
921 3569 1012 3632 extra
1026 3567 1186 3633 civitatem
1201 3565 1378 3654 pertulerit,
1402 3563 1469 3650 qui-
1564 3581 1565 3590 ³

300 3681 358 3750 bus
382 3679 598 3748 exactionibus
621 3681 773 3766 quibusve
796 3681 1024 3768 direptionibus
1041 3687 1074 3750 ct
1087 3681 1237 3770 hospiciis
1253 3687 1403 3767 moratus
1418 3681 1467 3764 sit

300 3798 370 3866 sinc
403 3796 542 3864 lacrimis
572 3796 676 3865 dicere
704 3817 902 3884 nequaqnam
930 3797 1087 3882 valemus3
1121 3799 1269 3885 quonium
1297 3795 1468 3886 suspirari·

374 3966 398 4020 1.
422 3963 523 4033 Peme,
538 3963 580 4018 14.
661 3965 687 4019 2.
711 3963 745 4021 V.
764 3963 809 4020 Pe.
823 3965 865 4034 79,
879 3963 922 4020 15.
1003 3965 1028 4020 3.
1051 3965 1086 4020 V.
1105 3965 1150 4020 Pe.
1163 3965 1206 4036 79,
1220 3965 1262 4022 16.
1337 3965 1365 4021 4.
1387 3963 1468 4019 Hein-

300 4056 387 4110 ricum
398 4054 426 4111 V
443 4053 643 4124 imperatorem.
741 4054 767 4109 b.
795 4053 1085 4110 excommunicationis
1108 4055 1258 4126 sententia,
1283 4071 1301 4110 a
1322 4055 1428 4110 Gulixtc
1442 4052 1468 4108 Π

300 4159 374 4215 papa
396 4143 425 4198 in
444 4141 550 4214 synodo
568 4142 696 4198 Remenoi
713 4141 820 4213 prolate
838 4142 883 4197 dio
900 4144 935 4198 30
954 4142 1079 4198 Octobris
1097 4145 1176 4198 1119.
1203 4143 1238 4200 V.
1256 4144 1377 4214 cheste
1393 4145 1466 4213 pont

300 4233 379 4288 Rom.
398 4249 425 4302 p.
438 4231 500 4286 530.
590 4231 615 4286 6.
640 4229 761 4286 Annales
780 4230 956 4287 colonienses
975 4233 1087 4288 maximi
1105 4231 1192 4297 (llum
1211 4231 1303 4289 Germ.
1321 4231 1369 4288 SS.
1386 4231 1467 4296 XVI)

303 4323 386 4376 1119:
412 4321 584 4391 ,Imperator
602 4335 620 4374 a
637 4319 843 4376 coloniensibus
861 4317 1008 4376 honorilice
1026 4320 1172 4392 excipitur,
1193 4321 1323 4394 episcopo
1340 4321 1465 4390 absente;

303 4409 376 4464 unde
395 4408 540 4478 episcopus
558 4407 681 4464 divinum
698 4407 818 4464 officium
836 4407 1043 4466 coloniensibus
1060 4411 1198 4467 interdicit
1204 4409 1228 4467 ⁸⁶.
