3164 4842
285 257 359 354 idq
689 276 805 324 assero
828 276 855 324 s.
873 276 1047 326 normann

215 427 267 485 lot
285 419 362 485 bant
383 423 526 486 sanctum
548 437 662 506 eorpus
684 418 801 486 ibidem
823 439 995 486 remanare.
1035 415 1127 484 Lullo
1157 421 1261 484 autern
1283 416 1449 484 renitenti·

285 535 561 622 reminiscentique
581 535 762 619 iuramenti,
786 535 947 621 apparuit,
971 540 1007 600 ut
1028 534 1153 618 dicunt,
1176 539 1303 600 sanctus
1326 532 1450 600 cuidam

286 650 425 737 dyacono
447 652 574 720 nomine
589 651 753 739 Otperaht,
777 625 883 718 dicens
907 651 947 716 ud
970 671 1057 717 eum:
1082 651 1147 716 Dic
1168 649 1272 734 inquit
1287 649 1392 730 Lutto,
1416 663 1451 716 uc

285 791 387 833 meum
419 791 532 855 cmpos
565 771 608 834 ud
636 769 737 834 locam
765 765 984 854 repulsionis*
1012 777 1093 832 mee·
1121 767 1302 851 sumserat.
1343 763 1451 830 Multis

287 903 360 966 ergo
388 882 596 950 hesitantibus
619 889 651 950 et
671 903 736 950 non
758 882 972 964 credentibus,
1001 881 1061 948 Lul
1084 881 1353 968 archiepiscopus,
1377 900 1451 946 con-

286 1004 416 1083 gregata
436 997 638 1066 multitudine
659 998 873 1084 reliquiarum,
896 1005 929 1066 et
943 998 1019 1064 lecit
1033 1017 1103 1066 eum
1119 997 1234 1082 imore,
1258 996 1342 1082 quod
1355 997 1403 1062 ita
1417 1016 1451 1062 se

286 1114 424 1199 haberet
448 1114 529 1180 sicut
550 1114 714 1182 referebat.
749 1115 795 1180 At
808 1114 873 1196 ille,
897 1115 1035 1182 extensis
1051 1115 1192 1199 numque
1206 1112 1342 1180 brachiis
1357 1131 1452 1198 super

287 1229 386 1296 altare
414 1236 447 1296 et
473 1230 637 1315 reliquias,
667 1230 778 1298 orabat
799 1230 971 1298 Dominum
1000 1237 1031 1297 et
1053 1235 1178 1296 sanctos
1207 1230 1288 1312 eius,
1318 1248 1452 1314 quorum

287 1347 417 1432 reliquie
444 1347 490 1413 ibi
516 1351 679 1433 presentes
709 1353 815 1430 erant,
844 1365 878 1414 se
906 1347 953 1412 ita
980 1346 1144 1430 adiuuare,
1173 1352 1209 1412 nt
1236 1365 1346 1412 verum
1369 1349 1453 1410 esset

287 1463 370 1548 quod
393 1462 525 1529 dixerat
572 1463 713 1530 Tandem
735 1461 933 1530 credentibus
955 1461 1077 1546 ceteris,
1100 1461 1210 1528 Lullus
1233 1459 1452 1548 archyepisco-

286 1599 347 1665 pus
368 1580 537 1646 transitum
560 1579 619 1646 viri
640 1579 702 1645 Dei
724 1578 808 1646 ultra
829 1578 950 1646 Renum
972 1576 1141 1649 honorifice
1163 1577 1306 1664 parabat

309 1755 487 1836 Qualiter
516 1777 655 1844 corpus
684 1757 768 1824 eius
795 1755 1037 1824 translatum
1069 1764 1129 1825 cst
1157 1756 1201 1823 de
1230 1753 1432 1838 Mogontia

748 1873 794 1939 ad
821 1871 992 1940 Fuldam

374 1995 545 2082 Postquam
569 2017 642 2080 ergo
658 1995 767 2062 Lullus
792 1997 1055 2084 archyepiscopus
1078 2002 1220 2064 sanctum
1244 2015 1357 2084 corpus
1374 1995 1455 2062 lavit

287 2113 373 2179 etin
396 2112 536 2199 syndone
557 2111 704 2196 involvit,
728 2113 984 2179 convenientibus
1007 2112 1150 2180 omnibus
1171 2112 1354 2199 presbiteris
1376 2111 1453 2198 dya-

287 2229 415 2295 oonibus
439 2234 470 2295 et
493 2229 577 2294 omni
601 2229 684 2296 clero
707 2249 771 2312 nec,
787 2250 849 2296 non
872 2228 1017 2296 fidelibus
1040 2229 1139 2312 laicis,
1163 2229 1217 2314 qui
1232 2227 1316 2294 ultra
1330 2227 1453 2295 Renum

286 2342 440 2428 habitant,
462 2344 496 2409 in
519 2365 627 2428 unum,
649 2344 799 2410 leuatum*
812 2351 860 2412 est
882 2347 916 2412 in
938 2345 1070 2428 feretro,
1093 2343 1204 2411 leviori
1228 2349 1263 2410 ut
1284 2343 1390 2411 lerunt
1413 2343 1454 2410 ad

286 2460 393 2525 navim
416 2480 525 2544 onere,
555 2481 648 2546 quam
678 2467 771 2528 antea
794 2462 832 2528 de
855 2482 935 2527 nave
958 2466 1132 2549 portarunt
1168 2459 1211 2526 Et
1232 2465 1322 2526 tanta
1344 2459 1454 2526 multi·

286 2575 362 2641 tudo
378 2574 540 2642 hominum
555 2579 744 2662 naviumque
759 2583 834 2644 tunc
850 2578 969 2661 aderat,
987 2583 1022 2643 ut
1036 2577 1157 2644 Renum
1173 2577 1325 2662 operiret3
1344 2595 1453 2642 eorum

288 2691 421 2778 quippe,
449 2693 502 2778 qui
532 2692 573 2758 ad
599 2692 839 2760 translationem
868 2693 969 2760 sancti
997 2694 1059 2759 viri
1081 2697 1299 2759 convenerant.
1341 2691 1385 2758 Et
1408 2692 1454 2757 sic

287 2827 359 2874 cum
381 2807 486 2894 ymnis
510 2813 542 2875 et
564 2809 748 2895 psalmodiis
771 2815 920 2896 utrasque
941 2808 1112 2894 implevere
1135 2809 1232 2896 ripas,
1256 2827 1355 2893 usque
1378 2806 1453 2872 dum

288 2923 412 2992 obviam
441 2924 593 2992 haberent
621 2945 692 2992 cum
720 2923 902 3008 coniugibus
926 2930 958 2993 et
978 2923 1087 2991 liberis
1110 2944 1233 2990 omnem
1255 2921 1454 2990 nobilitatem

288 3039 498 3106 orientalium.
537 3039 779 3125 Egredientibus
812 3041 909 3124 igitur
936 3040 975 3108 de
1003 3041 1077 3108 navi
1107 3040 1198 3107 Lullo
1227 3045 1259 3106 et
1286 3039 1453 3106 comitibus

289 3156 371 3241 eius,
395 3156 503 3221 statim
525 3155 727 3224 miscentibus
750 3176 784 3222 se
806 3155 923 3240 turbis,
946 3157 1056 3240 ingens
1079 3157 1181 3223 luctus
1205 3153 1374 3237 attollitur3
1399 3154 1454 3221 alii

289 3292 346 3358 pre
368 3270 482 3356 gaudio
505 3277 598 3357 atque
620 3271 694 3338 fidei
716 3274 864 3358 puritate,
888 3271 942 3338 alii
964 3292 1022 3359 pro
1038 3292 1161 3338 merore
1175 3278 1207 3340 et
1221 3269 1337 3338 dolore.
1369 3269 1455 3336 Exin

288 3387 429 3454 levantes
450 3387 588 3454 loculum
606 3387 715 3454 Lullus
739 3387 990 3476 archiepiscopus
1014 3394 1046 3454 et
1067 3389 1121 3474 qui
1145 3388 1173 3453 ei
1196 3388 1229 3454 iu
1252 3388 1377 3454 obviam
1401 3408 1454 3454 ue·

289 3503 423 3570 neruntl
445 3554 474 3570 ..
489 3554 496 3568 .
510 3553 518 3568 .
532 3552 540 3568 .
554 3553 561 3568 .
576 3553 584 3569 .
597 3553 605 3569 .
619 3553 627 3569 .
642 3527 667 3584 .;
696 3505 864 3590 cytcriores
888 3509 1008 3588 autem,
1031 3509 1227 3570 transnatato
1250 3525 1342 3570 amne
1364 3503 1453 3588 Reni,

289 3619 450 3688 redierunt
470 3620 503 3686 in
527 3639 593 3686 sna
629 3619 681 3686 Sic
704 3640 826 3706 quoque
848 3640 997 3707 prospere
1017 3641 1074 3706 per
1089 3621 1204 3703 omnia,
1226 3618 1362 3687 Domino
1378 3619 1455 3686 diri·

290 3741 382 3822 gente
404 3755 461 3802 nec
484 3756 546 3801 non
569 3736 773 3821 gubernante,
798 3741 935 3820 agentes,
958 3736 1048 3802 utin
1072 3735 1214 3802 omnibus
1237 3736 1314 3802 locis
1336 3735 1370 3800 in
1386 3735 1453 3821 qni-

290 3852 349 3921 bus
377 3853 509 3937 contigit
539 3852 707 3919 meridiare
729 3853 795 3917 sive
817 3859 960 3937 nectare,
990 3851 1080 3936 signa
1102 3852 1202 3918 crucis
1224 3850 1453 3938 imprimerent,

291 3989 328 4036 ao
350 3967 623 4056 Triumphatorem
646 3968 785 4034 omnium
807 3968 841 4034 in
861 3988 917 4034 sno
933 3967 1113 4051 agonitheta
1126 3967 1368 4054 triumphantes.
1392 3965 1453 4032 Sed

290 4089 323 4154 et
344 4086 379 4152 in
401 4084 587 4171 quibusdam
610 4103 716 4150 eorum
740 4081 817 4150 locis
839 4103 922 4150 nunc
940 4083 1068 4150 ecclesie
1083 4088 1258 4150 constructe
1272 4087 1450 4150 comuntur.

290 4199 375 4270 Dum
398 4207 507 4267 autum
529 4206 658 4266 uentum
680 4205 729 4267 est
750 4199 792 4266 ad
813 4199 995 4267 introitum·
1010 4199 1088 4266 edre
1102 4197 1283 4286 Bochonye,
1306 4199 1452 4266 mulieres

364 4343 546 4390 trutinantis.
622 4343 645 4390 h.
666 4343 799 4403 requitlonis
815 4361 835 4389 c.
912 4356 932 4390 c.
952 4355 988 4389 ma
1004 4361 1025 4388 c.
1101 4341 1125 4389 d.
1145 4344 1169 4389 is
1184 4342 1236 4389 cod.
1252 4359 1297 4388 son
1312 4351 1346 4390 est
1361 4343 1451 4389 aaa

293 4435 314 4468 e.
334 4421 471 4468 adrutodum
487 4441 506 4469 c.
