3090 4848
299 262 326 310 s.
342 262 517 310 normann
538 262 583 308 nu
605 262 708 310 unum
729 261 916 310 namneum
936 261 972 308 rr.
985 261 1014 308 rs
1198 243 1239 312 ll

10 425 13 502 ¹,
91 421 132 468 ne
149 420 270 468 omnem
292 399 387 470 fidem
409 408 442 470 et
462 405 635 490 puritatem
657 407 784 470 sanetae
806 400 879 470 fidei
902 399 1074 468 catholicae
1093 401 1241 469 exhibere
1286 407 1302 462 7

9 530 11 545 ”
90 516 154 584 etin
166 519 287 585 unitate
302 518 442 585 eiusdem
457 516 530 584 fidei
545 518 613 586 Deo
636 522 787 605 operante
807 517 988 604 persistere,
1011 517 1044 584 in
1060 517 1240 602 quaomnia
1259 477 1325 538 (Νη
1339 479 1377 538 ⁸⁰)

90 633 313 702 christianorum
343 634 428 701 salus
457 654 526 700 esse
554 634 623 700 sine
651 633 746 702 dubio
775 633 1003 720 conprobatum
1031 632 1240 700 nullomodo

88 768 130 816 ne
148 755 255 816 oontm
276 751 431 818 unitatem
446 749 621 818 communis
637 755 669 816 et
683 748 870 816 universalis
887 747 1066 833 aecclesiae,
1089 748 1241 816 suadente

8 883 12 960 ,κ
88 865 229 952 quopiam,
252 867 439 950 consentire,
463 866 519 932 sed
540 871 577 933 ut
591 865 658 932 dixi
672 863 767 932 fidem
784 870 816 932 et
832 865 1005 952 puritatem
1026 884 1131 931 meam
1146 869 1241 949 atque

9 961 11 1015 1
86 999 257 1048 coneursum
277 981 337 1052 nbi
359 987 392 1050 et
413 982 602 1050 utilitatibus
624 987 698 1050 tuae
715 980 895 1065 aecclesiae,
919 980 970 1048 oui
990 1001 1010 1046 a
1030 979 1156 1047 domino
1172 979 1241 1048 Deo

85 1102 210 1182 potestas
237 1097 359 1182 ligandi
382 1097 583 1184 solvendique
606 1097 681 1164 data
703 1103 752 1165 est
760 1093 778 1182 ¹,
808 1103 841 1164 et
862 1096 1023 1184 praedicto
1045 1095 1163 1162 vicario
1185 1099 1241 1162 tuo

9 1205 11 1245 ⁸
86 1216 165 1297 atque
185 1213 418 1282 successoribus
441 1215 509 1281 eius
530 1235 587 1300 per
610 1213 717 1280 omnia
739 1213 902 1295 exhibeam
926 1213 981 1280 sed
1004 1216 1051 1296 et,
1076 1211 1104 1278 si
1126 1231 1242 1295 eogno-

8 1406 9 1409 ,
84 1348 146 1394 sero
167 1329 333 1396 antestites
356 1334 466 1398 contra
486 1329 634 1397 instituta
656 1329 786 1414 antiqua
808 1333 988 1396 sauctorum
1016 1332 1145 1414 patrum
1167 1345 1242 1393 con·

8 1498 9 1530 ἶ
85 1444 198 1529 rasari,
223 1464 294 1512 eum
315 1446 362 1513 eis
375 1445 496 1514 nullam
511 1445 627 1512 habere
641 1445 893 1512 communionem
909 1448 964 1511 aut
978 1442 1239 1510 coniunctionem.

8 1584 18 1659 ¹,
84 1557 135 1626 Sed
159 1562 278 1645 magis,
306 1561 334 1628 si
360 1561 488 1629 valuero
515 1560 698 1649 prohibere,
727 1560 927 1647 prohibeam
957 1559 985 1626 si
1010 1559 1131 1640 miuus,
1160 1551 1240 1624 ne¹¹

8 1690 9 1722 ³
82 1671 201 1744 fideliter
229 1678 341 1744 statim
368 1677 482 1744 domno
510 1697 581 1745 meo
617 1675 789 1764 apostolico
822 1674 1020 1744 renuntiabo.
1110 1671 1239 1756 Quodsi,

8 1787 1240 1896 ›fflmmfflmmmmfflma

8 1905 9 1917 ¹
82 1907 207 1990 quolibet
228 1909 323 1976 modo
347 1929 403 1976 seu
423 1909 551 1994 ingenio
579 1908 632 1976 vel
660 1909 822 1976 occasione
848 1912 1061 1994 temptavero,
1091 1925 1164 1970 reus
1192 1904 1242 1970 iu·

81 2023 176 2090 seuiar
189 2026 225 2090 in
242 2031 371 2092 aeterno
385 2025 512 2109 indicio,
528 2024 680 2092 ultionem
695 2024 862 2092 Annauiae
877 2027 909 2090 et
924 2020 1036 2088 Saffire
1050 2015 1241 2104 incurram⁸,

81 2139 124 2222 qui
142 2140 232 2207 vobis
262 2141 359 2208 etiam
387 2140 547 2209 derebus
574 2141 712 2229 propriis
740 2139 884 2207 mandem
913 2139 1016 2206 iacere
1044 2135 1096 2203 vel
1122 2134 1240 2202 falsum

79 2252 170 2324 dicere
191 2263 443 2344 presumserunt

154 2371 224 2440 Hoc
253 2378 361 2442 autem
387 2371 562 2442 indiculum
595 2372 785 2440 sacramenti
813 2390 870 2456 ego
899 2369 1076 2437 Bonifatius
1106 2368 1239 2452 exiguus

79 2487 233 2576 episeopus
257 2509 355 2556 maun
376 2489 508 2577 propria
530 2489 660 2576 scripsi3
684 2494 778 2574 atque
796 2487 936 2576 positum
951 2505 1048 2572 supra
1063 2483 1239 2552 sacratissi-

77 2621 151 2670 num
173 2625 294 2693 corpus
317 2610 423 2689 tuum,
450 2611 487 2672 ut
514 2605 659 2692 superius
681 2603 845 2689 leguntur,
875 2601 943 2670 Deo
967 2605 1047 2669 teste
1070 2607 1102 2668 et
1123 2599 1238 2684 iudice,

78 2721 208 2802 prestitib
233 2725 478 2788 sacramentum.
512 2719 602 2799 Quod
625 2725 657 2788 et
678 2739 864 2788 conservare
886 2717 1048 2806 promitto.

80 2928 129 3002 18.
153 2933 332 3022 Greporias
348 2934 391 3001 II
400 2959 494 3024 papo
514 2938 669 3002 acioeraie
691 2935 870 3000 christiania
885 2932 1091 3018 Bonifatium
1105 2933 1141 2996 ia
1158 2925 1239 2998 Ger·

150 3056 300 3118 mansum
326 3054 456 3116 masam
483 3051 684 3120 commendat.
720 3048 780 3116 Oai
806 3052 863 3138 qai
884 3050 1059 3135 obfuerint,
1091 3049 1135 3112 eia
1158 3069 1238 3112 απα-

149 3169 258 3236 marra
275 3170 460 3256 proponet
969 3161 1004 3246 (S
1024 3163 1098 3246 123,
1121 3157 1190 3230 WG
1204 3161 1238 3242 6)

150 3299 330 3386 Gregorius
359 3301 525 3388 episcopus
560 3319 670 3366 servus
700 3317 863 3366 servomm
885 3296 946 3365 Dei
968 3293 1124 3363 uniuersis
1147 3313 1237 3362 reue-
1272 3308 1325 3364 aaa

73 3417 255 3484 rectissimis
280 3422 313 3484 et
334 3416 542 3484 sanctissimis
564 3410 714 3482 iratribus
737 3413 941 3501 coepiscopis,
964 3411 1126 3494 relegiosis
1149 3429 1238 3496 pres·
1255 3381 1339 3430 Μ

75 3527 169 3602 lieris
197 3554 262 3602 seu
291 3531 489 3617 diaconibus,
517 3529 662 3614 gloriosis
689 3529 837 3614 ducibus,
865 3526 1042 3613 magnificis
1065 3525 1237 3610 castaldiis,

73 3650 231 3719 comitibus
257 3650 372 3734 etiam,
395 3647 446 3716 vel
468 3647 588 3714 eunctis
611 3645 790 3714 christianis
813 3645 916 3714 Deum
939 3644 1133 3712 timentibus.

148 3765 410 3834 Sollicitudinem
431 3764 562 3832 nimiam
584 3767 729 3848 gerentes
752 3783 810 3850 pro
831 3760 1045 3849 speculatione
1060 3758 1180 3826 credita
1196 3793 1238 3804 -

73 3881 149 3969 quia,
177 3885 213 3950 in
242 3881 362 3950 umbra
387 3881 501 3948 mortis
529 3879 650 3965 aliquas
677 3882 788 3963 gentes
814 3877 849 3944 in
879 3875 1067 3945 Germaniae
1094 3873 1239 3962 partibus

72 3998 113 4064 uel
131 3999 229 4088 plaga
254 3996 404 4067 orientali
424 3995 505 4066 Reni
533 3995 687 4081 fluminis,
716 3995 846 4080 antiquo
874 3994 964 4062 hoste
992 3992 1160 4075 suadente,
1191 4010 1239 4057 er-

131 4192 151 4224 ι
169 4193 200 4225 ue
216 4181 243 4224 i·
260 4179 340 4223 litura.
421 4173 443 4222 b.
463 4175 555 4234 prestiti
572 4177 605 4220 M.
683 4187 703 4220 c.
723 4191 752 4220 ex
767 4171 923 4225 Moe-711,
939 4169 1016 4228 (Μ,
1032 4170 1129 4217 eliaca
1145 4170 1240 4215 earnm·

75 4257 133 4306 aba
147 4258 280 4318 masclae.-
295 4255 358 4316 quod
372 4267 419 4302 uon
435 4255 540 4314 optamus
559 4275 583 4286 -
600 4251 724 4300 indictione
741 4251 821 4310 serta).
846 4254 899 4300 Sine
914 4251 1025 4298 immam

131 4365 154 4417 l.
177 4359 284 4419 llattlr.
298 4362 340 4429 16,
355 4359 397 4415 19.
487 4359 513 4414 2.
537 4373 598 4413 uae.
687 4358 713 4414 3.
736 4357 800 4412 Act.
819 4360 908 4426 apost.
927 4353 1048 4426 5,1-6.
