3142 4848
289 265 334 330 40
538 281 564 328 s.
581 280 758 329 normann
779 281 823 327 sn
846 279 949 326 sunm
971 278 1157 326 nrrsnonsn
1179 277 1218 324 ar

290 423 433 491 Oceanus
456 441 528 488 cum
549 420 685 489 molibus
776 425 871 507 atque
893 419 970 486 diris
992 418 1213 487 dodrantibus·

234 552 264 601 sc
288 537 436 626 pulsabat
457 539 684 624 promontoria,
775 535 967 620 suffragante
989 537 1130 604 victoria

289 653 342 721 Sic
364 653 563 738 turgescebat
583 652 724 720 trucibus
813 657 928 738 pontus
951 656 1117 719 ventorum
1139 651 1276 736 flatibus,

287 767 458 854 infligendo
480 767 679 836 flaminibusb
770 767 942 855 scopulosis
965 769 1168 852 marginibus.

288 884 370 964 Quid
392 885 494 952 dicam
518 883 557 950 de
579 884 759 969 ingentibus
849 883 1023 950 Altithroni
1045 883 1203 971 operibus,

289 1021 369 1087 quae
391 999 496 1067 nullus
518 1001 628 1086 nequit
649 1020 781 1068 numero
872 1005 1047 1085 conputare
1068 1001 1102 1065 in
1124 999 1253 1067 calculo.

232 1130 263 1178 ec
376 1115 427 1182 En
448 1116 558 1182 multa.
604 1114 641 1182 ln
663 1115 815 1182 miraculo
906 1134 990 1182 nuno
1013 1120 1163 1202 apparet⁰
1186 1115 1353 1202 propatulo

288 1230 373 1300 clara
396 1231 515 1298 Christi
537 1231 704 1298 clementia
793 1251 850 1318 per
874 1232 952 1298 haec
974 1232 1060 1298 iacta
1081 1232 1229 1315 recentia,

287 1367 359 1414 cnm
382 1351 474 1432 grata
494 1345 654 1431 gallicinia
743 1349 833 1433 quasi
857 1353 969 1433 quarta
991 1345 1101 1431 vigilia

288 1463 477 1530 suscitarent
499 1462 683 1530 sonantibus
774 1464 1001 1531 somniculosos
1023 1463 1178 1530 cantibus.

287 1579 383 1664 Tum,
407 1579 490 1646 binis
513 1584 632 1646 stantes
655 1578 818 1664 classibus,
908 1579 1102 1647 celebramus
1124 1579 1326 1647 concentibus

233 1709 264 1758 aa
287 1695 476 1762 matutinam
498 1693 669 1762 melodiam
757 1715 795 1761 ac
817 1695 946 1782 synaxis
969 1695 1190 1782 psalmodiam,

288 1831 327 1878 en
350 1811 459 1877 statim
482 1810 583 1878 frdcra
605 1809 731 1878 flamine
820 1811 977 1879 nutabant
999 1832 1018 1877 a
1039 1811 1234 1896 fundamine,

288 1926 376 2010 tigna
397 1931 465 1992 tota
487 1946 559 1993 cum
581 1925 724 1993 trabibus
814 1927 1016 1995 tremibunda
1036 1927 1216 2012 ingentibus

287 2041 488 2127 vacillabant,
511 2041 551 2109 ab
574 2042 719 2110 omnibns
809 2042 880 2110 aule
901 2042 1045 2130 pulsatad
1067 2043 1221 2130 partibus.

287 2157 346 2226 His
369 2160 466 2226 tantis
490 2158 729 2246 tempestatibus
820 2178 857 2226 ac
878 2163 1036 2225 terrorum
1057 2157 1236 2226 turbinibus

233 2287 263 2336 ro
287 2277 397 2340 nostra
417 2278 536 2361 pavent
557 2275 723 2360 precordia
811 2279 860 2342 tot
880 2280 1094 2342 monstrorum
1116 2275 1269 2361 prodigia,

289 2388 413 2474 quando
435 2388 606 2456 cernebant
628 2389 749 2456 lumina
837 2395 993 2458 tectorum
1014 2390 1177 2476 laquearia

287 2502 461 2570 horrisonis
483 2504 660 2588 fragoribus
751 2485 874 2574 conanti
898 2513 929 2574 et
952 2505 1143 2593 creporibus.

289 2617 371 2685 lum
393 2620 521 2687 tandem
544 2639 638 2686 cursu
661 2625 797 2707 caterva,
887 2622 1048 2688 confracta
1069 2622 1215 2707 linquam
1236 2622 1358 2709 limina,

287 2738 415 2821 portum
436 2735 518 2821 petit
540 2735 700 2819 basilicae,
789 2736 1003 2824 propellente·
1024 2738 1181 2825 pernicie;

233 2869 262 2918 rs
288 2849 334 2916 sic
356 2848 517 2936 pelluntur
538 2851 680 2938 pericula
768 2872 826 2938 per
849 2854 960 2920 matris
984 2854 1183 2922 adminicula.

288 2964 433 3050 Quidam,
457 2965 626 3034 discrimen
649 2966 767 3034 dubiis*
855 2969 1050 3037 devitantes⁸
1072 2991 1145 3037 cum
1168 2970 1300 3039 saltibus

287 3081 487 3168 perdeserta
509 3101 546 3149 ao
567 3082 689 3150 lubrica
776 3083 886 3151 clivosi
908 3087 991 3153 ruris
1013 3086 1124 3170 latera,

287 3196 470 3264 metuebant
491 3217 682 3285 magnopere
771 3218 878 3266 casam
901 3202 1086 3269 contritamh
1103 3222 1242 3289 cropore.

376 3311 475 3380 Porro
498 3332 569 3380 cnm
592 3314 702 3380 tetrae*
727 3315 874 3382 tenebrae
962 3321 1170 3404 preterisseut
1193 3325 1225 3387 et
1245 3320 1396 3406 latebrae,

233 3448 262 3496 so
286 3428 474 3496 fatiscente¹
497 3429 661 3514 velamine,
753 3437 821 3498 orto
844 3432 974 3499 iubaris*
997 3434 1126 3520 lumine,

288 3545 386 3612 scissa
408 3565 482 3612 ceca
504 3545 639 3630 caligme
728 3548 820 3632 quasi
842 3550 953 3616 mortis
975 3551 1124 3635 imagine,

286 3665 362 3727 tunc
384 3661 517 3727 uidentlm
541 3660 580 3727 ab
604 3661 736 3729 ecclesia
825 3665 919 3750 tigilli
941 3665 1012 3734 fusa
1033 3668 1198 3752 fragmina

285 3775 346 3861 En,
370 3777 509 3862 iuquam,
532 3779 634 3844 noctis
656 3778 785 3847 horrida
872 3802 958 3850 nuno
980 3791 1135 3870 apparent
1157 3784 1344 3871 spectacula

285 3891 368 3960 Ecce
390 3912 482 3960 casae
505 3895 668 3961 cacumina
757 3897 912 3964 cadebant
934 3899 975 3965 ad
996 3898 1191 3984 fundamina,

231 4027 260 4076 aa
286 4017 366 4093 qua¹²
391 4008 534 4076 solebant
555 4011 747 4078 lautissime⁰
839 4015 921 4080 sumi
944 4013 1049 4081 dulces
1072 4014 1212 4082 deliciae.

358 4237 378 4269 a
394 4225 435 4270 sr'c.
498 4223 519 4270 b.
537 4221 666 4271 flaminibus
680 4226 706 4270 V.
769 4239 788 4271 c.
805 4229 915 4286 apparent
929 4227 956 4274 V.
1020 4227 1042 4274 d.
1057 4229 1155 4288 pulsatis
1168 4229 1195 4275 V.
1259 4244 1278 4274 e.
1294 4230 1423 4290 populante
1435 4237 1474 4285 V,

284 4301 301 4348 l.
317 4303 406 4350 duobus
420 4306 448 4352 7.
511 4317 533 4363 g.
549 4305 671 4352 diritantes
686 4306 713 4350 V.
776 4305 799 4352 h.
816 4307 938 4354 contritum
949 4308 976 4354 7.
1040 4307 1055 4353 i.
1071 4309 1130 4354 tetro
1149 4310 1176 4358 V.
1239 4308 1262 4355 lr.
1279 4309 1422 4359 [caecantes
1435 4317 1472 4364 V.

284 4381 300 4428 l.
321 4382 405 4430 iuvaris
423 4385 450 4432 V.
513 4399 542 4431 m.
563 4384 643 4431 videus
663 4385 689 4430 V.
752 4398 774 4433 n.
797 4399 840 4446 que
858 4387 885 4434 V.
949 4401 970 4433 c.
990 4387 1130 4434 lautissimae
1148 4390 1175 4436 V.
