3164 4842
398 243 561 297 norsum
581 245 768 294 manassae
790 247 871 294 vrrs
891 245 1065 296 mortus
1245 227 1313 298 ΜΒ

146 403 181 450 se
204 383 364 452 bominem
386 405 455 454 esse
476 405 606 470 memor,
628 385 803 454 fomentum
824 385 1038 470 indulgentiae
1055 403 1150 476 super
1166 391 1481 472 agroue-roronem

145 503 211 566 mm
238 500 353 568 linivit
387 500 542 587 Quioqrdd
566 502 758 570 monasterio
780 507 864 587 erat,
888 503 1028 570 omnium
1055 509 1092 570 ut
1113 502 1222 572 debuit
1244 523 1314 572 esse

145 614 288 684 dotabat.
326 616 393 684 Neo
420 617 614 686 obedientias
642 618 792 686 habentes
821 639 884 685 non
912 618 1116 704 habentibus,
1150 618 1207 686 aad
1233 628 1313 688 nou·

144 729 296 798 babentes
318 735 482 820 preposuit
503 734 700 802 habentibus.
789 733 880 802 Unde
903 754 972 802 oum
989 735 1118 820 quidam
1131 732 1314 802 cellerarius
1342 775 1346 786 ·

144 847 190 914 ibi
212 844 343 914 eubam¹
364 855 453 917 aaeto
475 851 603 938 plenam
617 850 757 936 baberet,
779 850 863 918 unde
877 857 1008 935 negaret
1020 851 1171 918 nauibus
1185 849 1314 918 mittun-

145 963 230 1030 tibna
253 964 293 1030 ad
315 983 350 1032 se
371 966 494 1053 sepiua3
524 987 619 1051 quam
645 965 748 1033 haud·
771 967 877 1052 daret,
906 966 1084 1054 proprietas
1107 966 1185 1042 hasa
1207 986 1314 1034 serva·

144 1080 225 1146 turis
247 1080 288 1146 ad
309 1085 433 1167 patrem
450 1083 556 1150 delata
569 1088 627 1149 est
662 1083 732 1167 Qui,
755 1101 874 1150 memor
889 1081 961 1167 olei,
985 1082 1068 1167 quod
1082 1087 1232 1166 negatum
1247 1082 1314 1150 dia

144 1210 224 1262 enno
252 1195 364 1264 beatus
385 1204 476 1284 pater
497 1197 687 1266 Benediotus
708 1199 785 1266 ioris
807 1199 901 1266 iussit
921 1193 1051 1285 proicit
1080 1198 1190 1266 ffldem
1213 1199 1314 1266 saneti

145 1310 284 1397 Spiritus
312 1313 528 1382 benedietione
556 1314 756 1382 benediotus:
791 1317 845 1381 llo
872 1317 931 1382 tae
958 1314 1069 1400 inquid
1095 1315 1315 1384 maledictione

143 1449 209 1493 oon
228 1432 408 1516 pmedabu
428 1433 576 1510 udmbar
605 1438 638 1497 et
663 1431 731 1498 sine
759 1430 909 1498 dilatione
939 1434 1042 1497 totum
1070 1430 1165 1496 iussit
1186 1429 1313 1498 effundi.

232 1544 356 1614 Interea
378 1546 538 1633 prediatus
561 1547 662 1614 bonae
683 1546 855 1614 memoriae
877 1545 1052 1615 Richardue
1075 1546 1190 1630 abbas,
1212 1547 1314 1632 repo·

143 1679 217 1726 nem
238 1660 312 1746 loni,
335 1662 370 1728 id
391 1667 441 1729 est
454 1661 584 1747 Fuldae,
609 1663 814 1748 ordinemque
836 1661 1036 1730 basiliensem
1059 1660 1094 1728 in
1109 1661 1243 1730 oirauitu
1257 1681 1314 1749 po-

142 1777 276 1844 sitarum
297 1781 404 1846 mente
424 1779 609 1864 monaque
631 1779 801 1864 circuiens,
829 1777 967 1863 invenit,
996 1776 1115 1862 aliquid
1142 1777 1258 1846 addere
1280 1799 1314 1845 se

142 1911 247 1979 posse,
270 1899 302 1960 et
324 1895 408 1979 quod
430 1894 570 1981 plaeeret
591 1895 711 1962 raoioni
735 1901 767 1962 et
789 1900 898 1981 aptam
921 1892 1012 1960 lieret
1027 1893 1154 1960 divinae
1168 1893 1314 1963 bonodia·

142 2007 232 2075 tioni.
322 2008 439 2078 Versus
462 2012 547 2078 enim
570 2011 818 2098 septentrionem
841 2010 1016 2097 oppositus,
1040 2009 1074 2074 iu
1096 2007 1165 2076 loeo
1188 2009 1243 2095 qui
1266 2009 1315 2076 di·

141 2125 225 2192 eitur
246 2122 532 2214 lions-apisonpi⁸,
556 2127 689 2194 eandem
710 2127 838 2214 plagam
860 2125 1045 2210 susdnenti,
1068 2142 1194 2212 semper
1216 2125 1313 2210 virgi·

141 2241 191 2308 nia
206 2240 326 2310 blariae
341 2242 422 2310 vidit
435 2243 622 2325 oratorium
645 2243 832 2310 altrinsecus
848 2247 954 2310 autem
969 2245 1150 2310 sanatorum
1164 2239 1312 2308 Iohannis

141 2357 300 2444 baptistae
327 2364 359 2425 et
386 2359 600 2444 euangelistae
628 2354 810 2426 basiliaam‘
838 2358 879 2424 ad
908 2362 1061 2426 austrum.
1103 2356 1245 2442 Cumque
1273 2371 1313 2424 ax

141 2473 284 2560 partibus
313 2476 461 2559 orientis,
489 2475 544 2542 ubi
572 2475 606 2540 in
633 2475 701 2542 loeo
726 2469 902 2542 Uvesbere‘
926 2473 1018 2541 beato
1040 2473 1135 2542 Petro
1157 2471 1312 2560 templum

140 2589 320 2658 dedioatum
341 2591 474 2675 invenit,
497 2590 538 2658 ad
554 2591 748 2658 oooidentem
763 2595 973 2658 reverteretur
989 2610 1123 2676 eumque
1137 2589 1218 2658 hano
1233 2589 1313 2658 eseli

139 2704 268 2791 plagam
290 2706 348 2774 tali
370 2707 492 2776 videret
515 2705 732 2774 benedietione
745 2723 885 2790 vaoasae,
908 2705 1067 2774 intellexit
1088 2705 1136 2772 vir
1151 2705 1222 2789 Dei,
1245 2721 1312 2772 mo-

140 2821 211 2888 ritis
234 2822 299 2890 suia
315 2823 466 2908 augendis
481 2823 622 2889 divinam
636 2822 868 2909 providentiam
884 2823 966 2889 hano
979 2821 1107 2910 plagam
1123 2841 1310 2889 reservasse.

140 2937 287 3005 Dilatam
316 2957 391 3022 ergo
419 2938 579 3022 trigonum
603 2973 644 2984 -
669 2938 738 3005 dion
766 2944 832 3006 ires
855 2937 1022 3005 aeoolesias
1044 2938 1110 3004 ium
1132 2937 1232 3006 fatu·
1254 2937 1312 3005 tri-

140 3053 290 3138 angulum
303 3089 344 3102 --
357 3055 391 3120 in
407 3054 551 3141 partibus
566 3054 737 3121 oeoidentis
751 3053 832 3122 nitra
846 3053 976 3138 longum
990 3052 1138 3140 pontemd
1154 3053 1195 3119 ad
1209 3053 1313 3140 ripam

140 3189 241 3255 aquae
263 3169 392 3255 Fuldae,
415 3173 677 3255 tetragrammum
699 3171 871 3255 integravit
894 3169 1160 3256 quadrangulum
1184 3173 1217 3236 et
1239 3189 1312 3238 een·

139 3289 260 3354 amoto
281 3287 316 3352 in
340 3286 511 3354 ooaldentis
533 3287 676 3374 partibus
692 3286 829 3356 eennbio
851 3287 885 3352 in
907 3286 1027 3354 bonore
1048 3285 1151 3354 senati
1164 3284 1313 3354 Andreas

138 3401 256 3470 indidit
282 3401 486 3470 venabulum:
515 3409 552 3470 ut
574 3401 697 3469 Novum
720 3402 877 3470 diceretur
899 3397 1155 3470 monasterium.
1190 3401 1226 3469 ln
1250 3401 1323 3488 quo'

139 3519 184 3606 pii
213 3519 314 3606 patris
341 3519 492 3586 moritum
520 3525 569 3586 est
594 3518 752 3587 laudabile
775 3523 808 3586 et
828 3518 990 3603 ingenium
1014 3516 1227 3601 ammirabile3
1258 3519 1312 3604 qui

212 3730 233 3763 a.
253 3729 299 3763 non
335 3732 363 3762 aa.
380 3733 401 3762 c.
480 3716 501 3762 b.
522 3715 584 3762 band
603 3715 668 3762 daret
683 3718 766 3775 scripsi
777 3732 821 3775 pro
835 3714 940 3762 laudaret
955 3733 975 3760 c.
1053 3727 1072 3761 r.
1095 3714 1140 3761 lam
1156 3713 1215 3760 latas
1230 3716 1314 3772 πήρη·

135 3811 179 3856 pro
194 3795 219 3842 ln
233 3795 294 3842 latu
310 3813 330 3840 e.
409 3795 432 3842 d.
451 3797 546 3855 pontum
561 3813 582 3842 c.

211 3899 236 3954 1.
259 3913 367 3968 oupam.
457 3901 482 3954 2.
507 3899 541 3955 V.
561 3897 589 3953 S.
603 3898 728 3968 Gregorii
750 3897 850 3968 meing.
863 3897 890 3952 ll
908 3913 932 3952 a.
945 3898 993 3968 28,
1017 3897 1085 3968 Opp.
1105 3896 1148 3952 ed.
1166 3895 1309 3951 Benediot.

138 3989 165 4044 11
177 3989 238 4043 260.
328 3989 354 4043 3.
377 3985 571 4056 Bisohoisberg
589 3985 680 4052 (bodie
698 3986 894 4057 Fraueuberg).
922 3987 964 4041 De
983 3986 1149 4042 monasterio
1166 3983 1194 4040 S.
1207 3985 1310 4040 Mariae

137 4077 167 4132 in
184 4081 278 4133 monos
293 4077 417 4146 episeopi
434 4091 462 4130 v.
476 4075 616 4130 Sohannet
633 4075 727 4130 Dioeo.
743 4076 822 4132 Fnld.
840 4093 868 4146 p.
882 4076 942 4130 118.
1032 4075 1058 4130 4.
1082 4075 1126 4130 Da
1144 4073 1310 4130 monasterio

138 4164 188 4222 Sd.
200 4164 329 4221 Iohannis
348 4163 486 4236 baptistae
504 4168 533 4219 et
549 4165 737 4234 euangelistae
754 4181 782 4220 v.
800 4164 865 4220 rbid
883 4180 911 4233 p.
925 4164 987 4220 108.
1075 4164 1102 4220 t.
1125 4177 1147 4218 s.
1166 4161 1311 4232 ilgesberg

138 4253 230 4320 modis
241 4253 425 4324 Peteraberg).
452 4254 581 4309 Deaoen.
594 4251 622 4308 S.
636 4253 709 4308 Petri
727 4255 756 4308 in
767 4252 912 4324 Ugesberg
929 4269 956 4308 v.
968 4251 1034 4308 ibid.
1047 4269 1074 4322 p.
1085 4253 1145 4308 132.
1219 4253 1244 4306 6.
1266 4253 1310 4308 De

138 4358 216 4398 enen.
235 4341 263 4398 S.
277 4342 406 4399 Andreae
423 4343 452 4399 lu
469 4342 658 4399 Monte-novo
674 4344 759 4412 vulgo
777 4341 906 4411 Neubarg
922 4357 950 4396 v.
969 4339 1035 4397 ibid.
1053 4356 1080 4410 p.
1093 4342 1139 4398 81.
