3164 4842
532 343 649 390 resero
672 343 698 391 s.
716 344 891 392 sommam
1204 350 1208 359 ·
1227 328 1291 396 481

123 485 318 549 reuertentes
335 482 374 549 ad
389 484 528 571 proprie,
551 485 610 551 viri
626 505 749 571 quoqne
764 486 994 552 comitabantur
1009 505 1108 571 nequo
1123 485 1162 553 ed
1177 485 1292 572 locum,
1312 495 1364 551 ⁷55

126 617 187 682 quo
210 597 356 666 ultimum
380 599 561 667 decreverat
583 621 696 688 corpus
720 607 885 688 expectare
907 601 1063 668 inditium.

448 803 503 872 De
531 805 709 872 mirabili
738 807 968 893 piscatione.

213 945 287 1012 Fuit
309 947 436 1033 quidam
459 947 630 1014 monachus
654 949 763 1017 eodem
786 955 928 1037 tempore
946 947 1072 1016 nomine
1087 945 1205 1030 meant,
1227 946 1292 1013 ha-

123 1067 173 1129 ter
195 1061 361 1130 Wollmari
389 1063 570 1150 piscatoris,
602 1065 656 1151 qni
685 1072 717 1132 et
744 1067 813 1152 ipse
839 1067 987 1152 piscator.
1034 1063 1092 1131 Cui
1117 1064 1156 1130 ab
1179 1062 1292 1130 abbate

122 1199 180 1245 sno
204 1178 393 1266 Sturmyone
415 1185 599 1266 preceptum
623 1186 680 1265 eat,
704 1181 745 1247 ad
767 1183 934 1248 adventum
958 1181 1119 1268 hospitum
1141 1184 1217 1246 tune
1238 1200 1293 1246 ve-

121 1294 293 1378 nientium,
329 1297 404 1381 quia
437 1295 538 1362 adhuc
566 1302 672 1382 preter
699 1295 748 1364 lac
778 1303 810 1365 et
835 1298 983 1386 butyrum
1014 1303 1045 1363 et
1073 1315 1200 1362 caseum
1229 1315 1292 1362 non

121 1410 221 1478 multe
239 1410 345 1478 delitio
362 1411 495 1496 fuerunt,
520 1417 565 1496 ut,
588 1413 726 1498 piscibus
745 1415 952 1499 congregatis,
976 1413 1133 1499 susceptio
1149 1411 1293 1500 provide-

119 1531 218 1593 retur.
254 1527 341 1595 Tunc
370 1549 466 1614 snpra
494 1529 595 1594 dictus
623 1529 721 1596 frater
744 1529 877 1616 Rytant,
907 1530 1008 1596 sciens
1036 1530 1140 1595 locum
1163 1533 1294 1615 propter

119 1641 285 1729 militium,
309 1643 391 1729 qnod
414 1645 594 1711 nominatur
617 1645 785 1733 vulgnryce
808 1640 987 1711 eucarium¹
1009 1643 1131 1728 domus,
1155 1643 1210 1710 nbi
1233 1643 1293 1710 sibi

118 1778 291 1844 numquam
314 1761 417 1846 pisces
440 1760 584 1843 deerant,
616 1761 692 1827 illuc
712 1781 864 1847 propere,
889 1766 1037 1847 precepto
1061 1759 1227 1843 obediens,
1252 1759 1293 1825 ad

118 1873 223 1941 lacum
247 1877 393 1942 cucurrit
430 1875 473 1942 Ut
495 1876 534 1943 ad
558 1875 719 1962 paululum
743 1877 806 1943 iam
830 1876 915 1942 dicta
935 1875 1125 1959 contingam,
1150 1880 1292 1962 temporo

118 1989 273 2057 adeamus
295 1991 396 2059 sancti
419 1993 569 2079 corporis,
593 1993 668 2059 dnm
691 2014 725 2059 se
750 1993 872 2080 aptavit
894 1993 1063 2059 extendere
1085 1991 1161 2075 lina,
1187 1990 1290 2057 subito

118 2127 239 2190 omnes,
263 2109 317 2194 qni
339 2110 372 2174 in
394 2108 465 2174 lucu
488 2114 587 2193 erant,
612 2109 716 2196 supini
739 2110 772 2175 in
796 2107 955 2196 superfitie
977 2127 1130 2193 aquarum
1146 2105 1291 2174 ostende-

117 2223 235 2290 bantur
264 2225 382 2309 piscas3
412 2224 583 2311 eodemque
611 2231 769 2291 momento
798 2225 831 2290 in
858 2224 1007 2290 inferiore
1037 2230 1128 2310 parte
1151 2221 1291 2289 fluminis

117 2339 267 2406 audiebat
289 2335 469 2407 collectam²
493 2361 512 2406 a
536 2345 682 2407 cantante
705 2341 837 2424 canturi
861 2361 922 2426 quo
943 2347 1087 2406 sanctum
1109 2359 1222 2426 corpus
1238 2359 1290 2404 sn·

116 2475 175 2542 per
203 2461 332 2542 pontem
360 2455 555 2543 portabatur.
590 2455 633 2523 Et
659 2457 705 2523 ita
727 2456 823 2522 nichil
845 2455 1033 2524 laboriosius
1056 2456 1089 2522 in
1113 2456 1290 2542 piscatione

116 2571 246 2655 agebat,
276 2573 337 2638 nisi
366 2573 583 2639 tautummodo
606 2571 780 2656 colligendo
804 2580 836 2639 et
857 2573 1035 2639 naviculam
1058 2571 1218 2658 implendo
1241 2571 1290 2657 pi·

115 2687 232 2754 acibus.
267 2689 318 2754 An
348 2688 440 2755 huius
472 2688 533 2755 dici
563 2687 739 2776 hospitibus
763 2689 989 2756 sufficientem·
1012 2695 1140 2775 pastum
1166 2687 1206 2754 ad
1229 2687 1289 2752 mi-

114 2804 281 2870 nisterium
311 2824 416 2870 secum
446 2804 609 2871 detulerat.
646 2804 713 2872 Hoc
741 2807 902 2888 signorum
933 2804 971 2872 de
994 2804 1118 2886 multia,
1148 2823 1208 2889 qne
1232 2822 1289 2889 per

1 2993 2 3002 p
114 2923 273 2986 sanctnm'
289 2927 460 3008 martyrem
484 2919 681 2986 Boniiacium
711 2920 818 2987 divina
846 2921 946 2988 virtus
970 2919 1159 3003 dignabatur
1184 2923 1288 2984 oeten·

114 3035 190 3102 dere
212 3042 285 3122 poet
307 3037 494 3123 martyrium
518 3037 585 3103 eius
608 3037 641 3102 in
665 3036 773 3103 eodem
796 3037 880 3120 loco,
904 3037 1029 3102 initium
1054 3039 1132 3102 crat.

204 3150 319 3220 Postea
340 3153 437 3237 igitur
451 3151 659 3240 Willybaldus
682 3153 780 3218 vitam
802 3153 1134 3237 conversationemque
1150 3149 1212 3215 viri
1227 3147 1287 3216 Dei

113 3287 174 3335 nec
196 3288 259 3335 non
281 3273 312 3336 et
326 3270 505 3356 passionem
522 3303 562 3316 —
581 3269 654 3353 quia
671 3267 772 3335 adhuc
786 3268 878 3334 multi
894 3273 1091 3355 supererant,
1115 3267 1169 3353 qui
1185 3265 1287 3331 eidem

112 3384 256 3471 passioni
279 3385 490 3452 interinemnt
513 3421 553 3431 -
579 3383 783 3470 conscripsit*
806 3385 839 3450 in
862 3383 947 3468 loco,
973 3385 1026 3470 qni
1048 3383 1164 3449 dicitur
1186 3381 1287 3447 sancti

113 3499 252 3566 Victoris
276 3501 417 3584 ecclesia,
441 3503 473 3568 in
499 3500 640 3568 conclavi
662 3501 755 3566 unius
778 3499 923 3584 cubiculi,
947 3499 1095 3585 primitus
1118 3499 1151 3563 in
1171 3497 1285 3564 ceratia

112 3615 230 3683 tabulis
259 3616 298 3682 ad
327 3616 545 3703 probationem
583 3616 689 3682 domni
718 3615 802 3682 Lulli
837 3623 868 3682 et
895 3615 1113 3700 Megingaudi‚
1148 3621 1180 3680 et
1213 3619 1286 3700 post

112 3751 223 3798 eornm
247 3732 510 3798 examinationem
534 3733 568 3797 in
591 3733 790 3818 pergamenis
814 3731 1059 3814 rescribendum,
1082 3751 1122 3796 ne
1146 3729 1221 3816 quid
1236 3730 1285 3794 in·

112 3853 204 3916 nante
228 3847 277 3915 val
300 3847 492 3936 superfluum
516 3853 679 3915 exaratum
703 3855 880 3934 appareret.

203 3961 307 4051 Supra
329 3965 414 4032 dictu
439 3970 544 4030 autem
572 3964 672 4031 sancti
695 3963 831 4030 Victoris
861 3962 1008 4046 ecclesia,
1039 3966 1130 4029 extra
1157 3979 1282 4026 murum

111 4077 272 4163 Mogontia
300 4081 377 4165 situ,
408 4102 427 4147 a
455 4080 692 4148 succedentibus
722 4081 878 4167 episcopis
900 4077 1126 4145 honorabiliter
1150 4077 1284 4142 adaucta

110 4195 256 4264 refertur.
295 4195 405 4264 Lullus
436 4197 520 4265 euim
549 4201 580 4263 et
609 4191 774 4263 Rubenus³
801 4195 867 4262 illio
895 4195 1049 4262 vacabant
1077 4190 1279 4260 orationibus.

183 4361 205 4396 e.
224 4347 376 4396 sustinentem
392 4367 412 4395 c.
488 4347 512 4394 b.
532 4359 583 4394 enm
599 4347 692 4408 eorlpelt
708 4365 728 4394 c.

183 4445 208 4500 1.
232 4459 367 4498 anserum.
457 4443 482 4498 2.
507 4443 628 4498 missam.
718 4443 744 4497 3.
769 4441 924 4498 est—856.

154 4539 234 4594 tuni.
249 4543 392 4588 Bibliotheca
407 4543 445 4588 lll.
1031 4536 1066 4591 31
