3148 4846
311 311 516 362 wmurssnor
537 313 618 360 urus
641 312 668 360 s.
684 311 860 362 soreresrn
883 312 957 360 osu.
974 313 995 360 r.
1012 311 1047 360 11.
1197 293 1264 360 433

99 455 134 518 nt
154 471 217 519 uno
240 452 411 539 eodemque
432 454 584 540 temporis
607 471 752 521 successu
774 459 806 522 et
826 453 943 520 festine
963 458 1088 542 petrem
1111 451 1263 537 egritudo,

99 565 260 634 subitaneo
292 569 358 636 ium
387 569 560 638 inminente
589 569 700 638 mortis
728 569 879 654 ertioulo,
913 569 1122 657 subrepserit·
1153 574 1185 636 et
1211 569 1266 656 pie

99 683 278 768 quantotius
301 685 392 772 pueri
413 705 528 771 megno
550 686 701 772 temporis
723 685 890 752 intervallo
913 686 1098 773 praepedita
1119 685 1265 752 voluntas

41 829 45 839 ·
98 800 312 867 succreverit!
346 801 543 889 Dominoque
566 801 652 870 Deo·
676 801 860 886 eduvmte,
889 801 1112 870 succrescendo
1134 801 1267 888 implete

97 921 145 984 eet
167 935 203 984 eo
224 917 374 1004 porrecte

184 1031 355 1118 Postquam
384 1033 468 1101 enim
495 1033 576 1100 miro
604 1033 848 1120 dispensationis
876 1033 937 1100 Dei
964 1033 1080 1102 iudicio
1108 1032 1266 1100 carnolem

96 1147 227 1232 ingens⁴
255 1149 356 1216 suncti
383 1150 445 1216 viri
476 1155 599 1237 putrem
630 1149 808 1236 arripuerat
832 1150 982 1235 languor,
1019 1149 1163 1237 deposita
1191 1169 1265 1216 mox

94 1265 232 1350 pristine
252 1265 368 1331 mentis
390 1266 574 1352 pertinacia,
598 1285 741 1354 puerum,
764 1266 1013 1353 propinquorum
1027 1265 1113 1332 fecte
1129 1285 1266 1332 conven-

94 1379 196 1465 tione,
226 1380 267 1447 od
293 1382 535 1467 monesterium,
571 1381 654 1468 quod
681 1383 856 1468 priscorum
886 1386 1087 1468 nuncupetur
1113 1381 1265 1449 vocabulo

93 1493 367 1580 Adescencustre¹,
390 1502 592 1584 spontaneus,
616 1497 786 1565 eDomino
805 1497 931 1584 quidem
953 1503 1126 1584 correptus,
1149 1497 1266 1564 direxit

94 1617 128 1678 et
147 1610 234 1679 fideli
257 1613 323 1680 viro
338 1611 549 1698 Wolllrerdo·,
573 1615 627 1699 qui
650 1618 682 1680 et
704 1613 800 1682 abbas
822 1614 908 1680 illius
932 1613 1055 1681 exstitit
1070 1613 1265 1698 monosterii,

92 1747 152 1815 per
173 1727 282 1796 lideles
304 1749 380 1797 sune
394 1729 560 1814 legationis
576 1729 703 1797 nuntios
717 1730 874 1797 redditum
891 1729 1132 1797 commendarit.
1156 1728 1266 1813 Quem,

92 1843 268 1932 puerilibus
291 1845 392 1912 adhuc
413 1847 447 1912 in
470 1846 560 1912 eunis
581 1845 794 1930 constitutus',
818 1847 987 1933 supienter,
1011 1846 1096 1913 suis¹
1113 1845 1267 1912 edstonti·

91 1959 153 2028 bus
177 1961 297 2046 umioie,
320 1961 483 2028 adlocutus
505 1966 569 2043 est;
593 1967 625 2029 et
648 1961 732 2048 quod
752 1961 852 2028 multo
872 1961 1020 2029 videlicet
1041 1967 1183 2048 tempore
1198 1979 1266 2027 mo·

91 2077 258 2144 uusteriuli
280 2097 314 2144 se
336 2077 481 2161 regulae*¹
504 2077 646 2145 subicere
668 2078 894 2163 desiderasset,
920 2077 1119 2144 retionebile¹
1141 2077 1266 2165 proletn

91 2193 258 2280 petitione,
281 2193 363 2260 siout
384 2213 405 2260 e
426 2193 609 2280 perentibus
627 2195 749 2281 pridem
769 2193 896 2261 edoctus
912 2199 990 2278 eret,
1013 2193 1174 2261 indicavit.
1207 2193 1266 2260 Oui

90 2309 239 2396 protinus
272 2315 363 2396 peter
391 2310 575 2376 monasterii
598 2345 640 2358 -
663 2311 743 2378 inito
771 2311 906 2377 fratrum
935 2309 1065 2377 oonsilio
1098 2316 1130 2377 et
1157 2330 1265 2377 eorum

91 2429 234 2512 accepta,
258 2425 340 2492 sicut
362 2425 515 2510 regularis
532 2427 616 2494 vitoe
631 2427 707 2493 ordo
722 2427 877 2514 poposcit,
901 2425 1175 2494 benedictione-
1192 2447 1266 2493 con·

90 2561 222 2609 sensnm
245 2543 391 2629 praebuit
413 2548 445 2610 et
467 2541 621 2610 effectum.
657 2541 771 2628 Sicqne
793 2543 842 2610 vir
864 2542 941 2628 Dei,
969 2541 1114 2610 emole*
1137 2543 1266 2612 orbetus

89 2663 195 2745 petre,
219 2657 402 2745 edoptivom
424 2663 552 2725 nostroe
575 2657 800 2744 redemptionis
824 2664 951 2726 secutus
975 2664 1023 2726 est
1040 2666 1178 2746 petrem3
1201 2665 1266 2726 ter-

1 2803 2 2810 *
88 2773 241 2858 renieque
264 2774 380 2841 saeculi
401 2775 586 2841 renuntians
608 2774 715 2860 lucris,
738 2775 977 2842 mercimonium
1001 2775 1147 2862 deinceps
1165 2780 1266 2841 eeter-

88 2909 154 2956 nee
181 2887 364 2957 hereditatis
393 2890 559 2976 adquirere
581 2890 759 2975 satagebam
788 2895 825 2957 nt
844 2891 936 2957 iuxta
956 2892 1127 2958 veridicam
1149 2891 1265 2958 verite-

88 3005 136 3072 tis
158 3025 283 3090 vocem,
312 3011 435 3092 putrem
457 3007 663 3092 relinquendo
686 3012 741 3073 ent
763 3012 897 3073 metrem
921 3012 976 3074 eut
998 3027 1090 3090 egros
1114 3006 1263 3090 eutelio,

89 3139 175 3208 quee
197 3119 290 3188 huius
313 3122 423 3190 mnndi
447 3129 529 3207 snut,
552 3121 734 3210 centuplum
757 3124 913 3210 reciperet
936 3128 967 3190 et
988 3123 1088 3190 vitem
1103 3127 1264 3191 oeternum

87 3233 296 3325 possideret'.

183 3353 231 3421 ll¹.
266 3351 403 3441 Expleto
425 3355 537 3439 igitur,
561 3354 636 3421 licet
659 3355 850 3439 summatim,
874 3353 1071 3441 primordiali
1093 3355 1264 3442 expositio-

87 3470 143 3537 nis
170 3475 298 3537 nostree
325 3470 450 3556 ordine,
481 3470 591 3556 quuli'¹¹
613 3489 647 3537 se
674 3471 708 3536 in
736 3471 828 3537 initio
857 3470 997 3538 studiose
1018 3455 1263 3538 conversationis

166 3651 188 3686 ι.
212 3639 324 3699 surrepsit
338 3643 367 3688 B.
447 3639 470 3686 b.
494 3641 607 3687 succrevit
622 3641 647 3697 F,
664 3641 696 3696 B,
718 3639 855 3687 succreverit
869 3643 898 3688 A.
979 3653 999 3686 c.
1025 3639 1116 3686 domiuo
1132 3639 1220 3700 deoque
1235 3644 1263 3689 A.

88 3719 115 3766 d.
141 3723 313 3779 murem
336 3729 370 3767 nr
390 3719 492 3778 egritudo
513 3723 536 3766 r's
552 3723 576 3768 1.
686 3733 707 3766 e.
727 3717 853 3766 Uulihsrdo
870 3723 898 3766 A.
1006 3718 1023 3765 l.
1051 3719 1188 3766 constitutus
1206 3739 1262 3767 corr.

89 3801 116 3848 in
134 3800 282 3846 mustitutuur
298 3803 323 3848 F.
406 3812 428 3858 ι.
449 3801 497 3846 snio
513 3813 590 3848 eccum
605 3803 639 3856 A,
656 3802 683 3847 B.
763 3798 787 3846 h.
807 3798 886 3858 regule
901 3801 929 3845 B.
1006 3799 1023 3845 i.
1042 3798 1170 3846 rutiourbili
1185 3804 1219 3854 A,
1236 3802 1264 3848 B.

87 3879 115 3928 k.
140 3879 275 3936 ceruuliA,
291 3882 320 3926 B.
404 3878 420 3925 l.
445 3877 577 3935 Qualiter
600 3879 823 3926 adolescentiae
847 3879 998 3926 incentive
1021 3879 1159 3938 primitus
1182 3879 1262 3926 iren·

88 3961 178 4020 geret
197 3961 227 4007 et
245 3958 377 4006 omnibus
398 3957 482 4005 bouis
497 3957 656 4006 inhereret.
680 3963 705 4015 F,
718 3962 746 4007 A.
809 3971 839 4005 m.
860 3959 898 4017 qui
915 3957 975 4018 queli
992 3961 1017 4015 F,
1038 3959 1092 4018 quir
1107 3958 1169 4018 quuli
1183 3962 1216 4014 A,
1232 3961 1261 4006 B.

166 4065 191 4120 1.
218 4061 313 4134 ,quod
337 4061 488 4118 Edwardus
506 4062 621 4118 lleihew
641 4063 669 4117 in
686 4062 880 4134 llurtyrologio
898 4060 1190 4131 duplo-Benedictino
1207 4077 1262 4118 uon

88 4154 165 4210 mule
183 4153 376 4221 interpretetur
394 4151 539 4221 Exortum,
557 4153 640 4222 vulgo
659 4151 772 4220 Eneter,
791 4151 947 4221 primariam
965 4151 1105 4206 Devonioe
1124 4151 1263 4205 civitatem

88 4241 130 4298 ad
142 4242 232 4298 locem
243 4240 352 4310 flumen,
371 4255 442 4310 quee
453 4239 702 4295 Adesoencustrum
714 4239 788 4295 dicte
799 4241 843 4310 sit,
861 4241 940 4309 quusi
953 4239 1262 4314 Casuum-eddonem

87 4331 204 4386 tumctd
228 4329 421 4386 monesterium
445 4329 518 4398 epud
535 4329 668 4384 Exoniom
692 4333 752 4384 tum
772 4325 858 4384 tuisse
876 4329 978 4384 nullum
995 4329 1087 4398 prodit
1104 4343 1262 4384 monumen-

86 4420 184 4476 tumt.
212 4417 372 4474 llABlLIO.
462 4419 487 4474 l.
514 4417 609 4478 littth.
624 4419 666 4488 19,
679 4418 722 4474 29.

138 4514 217 4570 ἔκη’.
233 4518 376 4563 Bibliotheca
390 4517 428 4564 111.
1013 4517 1048 4572 28
