3176 4846
541 285 622 330 vm
644 285 838 332 anuum
859 285 887 332 11

75 457 81 466 ·
169 440 215 488 eso
237 421 327 491 Unde
349 423 503 492 bonorum
527 423 786 512 pbilosophorum
808 425 905 494 rerba
927 425 1100 510 sequendo,

240 559 332 606 omne
355 539 438 625 quod
461 540 563 624 audit,
587 546 714 627 pectore
736 541 871 625 elaudit,
894 542 955 611 rite
977 540 1130 623 tenend03

239 653 285 720 sie
306 655 368 722 sibi
388 661 474 722 totns
496 654 533 724 ht
555 657 617 722 tito
639 663 733 724 notus
756 656 1005 744 philosophatus,

240 769 286 835 sie
308 771 506 855 adolescens,
530 777 598 840 orte
621 773 795 857 ureseens,
819 778 868 840 est
890 773 1065 840 decoratus.

240 883 360 971 Cuique
382 887 542 973 plaeebat,
565 907 640 954 nem
662 888 834 975 peragebat
855 894 970 956 eunotu
992 888 1147 972 deeenter,

171 1018 216 1066 ooo
239 1003 384 1087 qnodque
405 1001 550 1087 dedebat,
573 1003 778 1072 subveniebat
800 1005 912 1089 orique
935 1004 1079 1073 libenter.

283 1117 424 1204 Cumque
446 1119 675 1206 sophistarum,
697 1119 784 1187 uelut
806 1140 887 1188 unus
909 1118 1187 1204 Franeigenarnm,

238 1232 291 1300 ille
312 1234 528 1320 frequentaret
549 1235 703 1319 studium,
728 1255 790 1320 qno
812 1235 946 1304 Francia
968 1236 1077 1320 claret,

238 1349 358 1419 artibus
380 1349 547 1434 indulgens
570 1356 733 1420 eteorum
756 1351 848 1419 laude
871 1351 1041 1435 refulgere,
1171 1377 1178 1384 ·

239 1466 393 1550 prenituit
415 1470 538 1534 tantum
560 1474 705 1554 respeetn
729 1467 1016 1554 philosophantem,

170 1599 215 1646 ιιι
238 1581 285 1648 sio
307 1581 453 1649 diditione
477 1582 596 1666 virum,
620 1588 769 1652 tenerent
791 1588 826 1649 ut
847 1583 987 1670 oompite
1009 1583 1125 1650 mirum

240 1701 272 1764 et
293 1701 403 1764 contre
424 1717 546 1764 morem
568 1699 610 1765 sit
631 1697 767 1766 Franeia
788 1717 883 1786 passe
904 1703 1075 1784 stuporem.

239 1811 318 1878 Cum
341 1813 438 1880 sitin
460 1814 519 1881 hoe
541 1815 654 1882 iuvene
676 1814 809 1884 fundata
831 1815 963 1881 seientia
984 1814 1078 1899 plene

239 1929 316 1994 artis
339 1934 504 2015 septenae,
529 1949 591 2014 qua
611 1951 701 1998 mens
725 1929 853 2014 effulget
874 1951 995 2014 ameno,

239 2043 396 2129 quadrivii
417 2044 522 2114 lumen
546 2046 694 2131 triviiqne
716 2047 853 2134 patescit
874 2065 1006 2114 aeumen

171 2177 216 2224 eoo
238 2160 364 2243 ingenio
388 2159 497 2242 doeih,
521 2161 604 2245 quod
627 2167 735 2247 posset
756 2181 844 2230 more
869 2161 962 2244 virili,

238 2295 293 2342 eor
315 2277 389 2360 quia
411 2275 526 2342 subtile
548 2297 607 2344 sua
629 2278 676 2343 vis
699 2277 813 2363 probat
836 2297 903 2344 esse
927 2277 1027 2344 virile.

238 2390 281 2457 Ut
303 2412 374 2460 sum
394 2392 552 2478 prefatus,
574 2393 637 2460 fuit
659 2412 732 2476 ergo
756 2398 866 2480 stupor
888 2393 1083 2477 geminatum

238 2527 374 2591 namque
397 2509 465 2574 viro
488 2509 572 2576 olaro
595 2508 676 2576 solet
697 2509 757 2576 hoo
778 2509 959 2593 eontingere
981 2529 1053 2576 raro

239 2624 435 2707 ingenuoque
457 2623 552 2690 nimis
575 2623 699 2692 florenti
723 2625 816 2692 rebus
839 2625 971 2710 opimis:

171 2757 217 2804 ιιι
239 2744 275 2806 ut
297 2743 396 2805 totam
421 2745 569 2824 mentem,
593 2741 768 2808 studiorum
792 2740 881 2806 luera
903 2745 1097 2824 sequentem,

239 2855 397 2924 omundo
420 2861 537 2936 uertat3
562 2875 633 2922 oum
656 2855 727 2941 plns
750 2855 802 2924 hio
823 2875 962 2941 paupere
985 2861 1085 2922 oertet

238 2975 322 3038 artes
345 2970 497 3054 extulere,
520 2972 631 3038 timeat
654 2972 743 3056 quasi
766 2971 854 3038 dives
877 2991 977 3054 egere.

283 3086 427 3172 Namque
450 3086 552 3154 solent
574 3093 695 3156 mentes
719 3087 868 3155 adhibere
889 3087 1068 3171 frequenter
1092 3091 1228 3168 egentes,

237 3209 273 3270 nt
295 3203 424 3289 eapiaut
445 3213 540 3285 arms,
563 3203 683 3287 patrias
706 3209 738 3268 et
759 3203 901 3288 linquere
924 3207 1039 3288 partes.

172 3337 217 3384 ιιι
239 3318 366 3402 Plangit
388 3319 472 3387 enim
494 3318 584 3387 lenus
607 3319 765 3386 modicum
789 3337 951 3404 possessor
974 3337 1100 3400 egenus,

238 3435 376 3521 eoneipit
398 3441 429 3502 ot
451 3454 557 3518 cures,
581 3439 677 3519 queat
698 3439 734 3499 ut
755 3455 806 3502 res
830 3434 946 3520 pellere
969 3433 1074 3500 duras.

238 3550 378 3636 Leteque
401 3555 571 3637 paupertas
595 3548 645 3632 lit,
670 3569 745 3636 opos
769 3551 879 3633 gavisa
900 3555 1059 3637 repertas:

238 3667 294 3734 has
318 3667 378 3734 sibi
401 3665 529 3749 donari,
553 3685 630 3751 quas
654 3667 786 3749 eontigit
808 3673 876 3732 arte
898 3665 1014 3752 pareri.

237 3782 321 3862 Quas
344 3783 500 3870 poscendo
524 3781 607 3865 dari,
630 3781 795 3848 formicam
819 3780 887 3850 uult
908 3781 1043 3862 imitori3

170 3917 216 3964 ιιι
239 3900 333 3966 anxia
355 3919 435 3983 quae
458 3917 549 3966 euros
572 3897 653 3964 solet
675 3897 792 3965 evitare
815 3897 936 3964 tuturos

238 4020 271 4082 et
292 4014 371 4098 legit
391 4019 492 4082 estate
514 4013 657 4098 dispersa
679 4012 799 4079 cibaria
820 4012 894 4096 lats,

237 4151 317 4217 quae
340 4131 420 4198 bene
441 4127 574 4198 ooheeta
594 4129 656 4196 lert
678 4128 763 4196 intra
784 4147 922 4196 eonoava
944 4134 1036 4214 teoto,

236 4248 357 4335 stipans
381 4265 506 4314 annona
528 4243 676 4328 granaria
698 4261 828 4331 eorpore
852 4264 962 4331 prona,

236 4363 378 4450 pondera
399 4363 476 4432 dum
497 4361 590 4450 plura
612 4359 714 4428 defert
735 4381 792 4447 per
815 4362 953 4444 agrestia
975 4381 1059 4438 rore,

1021 4472 1083 4526 ιι·
