3164 4842
478 343 667 391 nmromrus
689 343 735 390 nu
758 343 785 390 s.
803 343 932 392 888888
1222 325 1288 394 517

122 506 248 564 scaccos,
272 486 411 550 deserere
432 487 524 551 modo
548 487 690 551 debemus
710 499 841 573 propter
863 488 1029 552 aduentam
1048 487 1290 566 condideram,
1307 493 1360 550 836
1380 461 1383 468 ’

121 623 186 666 88888
214 604 296 666 enim
326 603 471 689 deinceps
495 603 587 668 talem
610 605 644 667 a'n
666 604 727 668 1818
749 604 876 688 cepione
897 603 1075 669 habebimus
1096 616 1287 690 potestaten,

121 719 217 783 818888·
230 718 375 782 tammus
391 718 564 784 latuimus.
598 717 642 784 Et
656 718 733 784 18888
748 717 854 784 dicens
870 718 1041 785 discessit·.
1075 716 1188 785 Mulier
1203 738 1288 802 8888,

122 851 142 896 a
164 831 325 898 daemonis
348 833 547 900 infestatione
570 832 712 917 liberata,
736 834 886 902 feretrum
910 835 1010 901 sancti
1033 835 1221 902 comessoris
1236 855 1289 901 us·

122 967 182 1032 que
206 949 246 1014 ad
267 949 472 1036 Erphesfurt,
495 949 562 1016 Deo
585 951 703 1034 gratias
727 971 838 1034 88888,
862 957 969 1017 888818
991 955 1048 1018 eat.

72 1071 77 1076 '
212 1063 293 1132 Ossa
315 1071 418 1132 autem
438 1065 576 1133 eiusdem
593 1067 692 1132 sancti
707 1065 741 1132 in
757 1066 950 1151 aecclesiam,
974 1067 1008 1133 in
1022 1068 1174 1133 honorem
1189 1065 1290 1134 sancti

121 1179 212 1247 Pauli
236 1182 371 1268 apostoli
394 1182 580 1266 dedicatam,
603 1182 757 1248 translata
780 1188 854 1248 sunt
863 1178 879 1248 ¹.
953 1181 1015 1250 Ubi
1036 1183 1112 1250 dum
1134 1183 1234 1250 adhuc
1256 1183 1289 1251 in
1308 1189 1397 1240 08111

120 1295 234 1380 loculo,
257 1298 339 1365 sicut
360 1298 457 1365 allata
480 1305 579 1383 erant,
603 1298 768 1365 inhumata
789 1299 939 1383 iacerent,
962 1304 1052 1366 18818
1074 1299 1234 1383 signorum
1258 1305 1291 1366 81

121 1413 336 1499 prodigiorum
359 1415 528 1482 multitudo
543 1415 666 1499 claruit,
689 1419 779 1481 18818
793 1415 946 1482 virtutum
962 1415 1010 1482 ris
1025 1416 1161 1483 inomni
1176 1435 1290 1499 gauere

121 1530 293 1596 sanitatum
321 1551 379 1617 per
408 1531 547 1597 diuinam
574 1531 709 1614 gratiam
738 1531 865 1616 enituit,
895 1536 932 1598 ut
959 1531 1087 1598 anullo
1109 1531 1290 1598 mortalium

120 1646 292 1712 eorundem
319 1646 542 1714 miraculorum
572 1653 626 1714 881
654 1667 802 1714 numerus
832 1647 1054 1734 comprehendi
1077 1647 1291 1715 88188818188

119 1762 226 1829 valeat
248 1763 399 1830 enarrari.

210 1877 365 1946 Defuncto
388 1884 492 1946 autem
515 1879 645 1963 Otgario
668 1886 700 1946 81
721 1898 900 1946 successore
921 1879 1007 1946 illius
1026 1877 1167 1964 1118888,
1190 1877 1290 1946 Karo-
1307 1883 1360 1940 818

119 1992 181 2077 188,
204 1993 350 2082 Pippini²
365 1997 448 2080 regis
470 1997 564 2080 iilius,
589 1997 727 2062 eiusdem
751 1995 949 2083 episcopatus
969 1995 1088 2062 honore
1103 1995 1289 2063 sublimatus

121 2110 199 2177 estl.
230 2111 300 2194 Qui,
322 2132 462 2180 annuens
477 2111 643 2200 praecibus
659 2111 945 2178 sanctimonialium
961 2113 994 2178 in
1006 2110 1081 2178 Alto
1096 2112 1288 2178 monasterio

26 2285 31 2292 .
119 2227 371 2312 consistentium,
394 2235 516 2315 partem
541 2228 699 2313 quandam
721 2227 760 2294 de
782 2227 923 2312 reliquiis
945 2233 1071 2296 sanctae
1086 2227 1288 2294 Innocentius
1306 2231 1359 2288 818

121 2343 163 2410 ad
178 2345 373 2430 praedictum
391 2345 584 2427 coenobium,
608 2345 690 2410 sicut
705 2343 773 2430 ipse
787 2343 906 2428 uidisti,
930 2339 1118 2410 transtulit⁸.
1148 2343 1209 2410 Ubi
1225 2363 1288 2410 non

120 2479 239 2546 paucas
268 2461 400 2528 81818188
430 2481 487 2548 per
509 2460 667 2528 eiusdem⁰
690 2465 817 2527 sanctae
840 2460 971 2544 virginis
994 2461 1109 2527 merita
1131 2459 1288 2527 Dominus

118 2576 225 2644 iacere
248 2561 394 2662 dignatus
418 2583 475 2661 881,
499 2597 577 2663 quas
600 2577 627 2643 si
649 2577 728 2642 seire
745 2577 890 2661 volueris,
915 2577 955 2644 ab
970 2575 1052 2643 illisd
1068 2577 1291 2644 sanctimonia·

118 2691 203 2760 libus
226 2693 346 2760 discere
369 2694 496 2781 poteris.

209 2809 261 2876 En
282 2809 394 2893 habes,
416 2810 515 2876 irater
538 2809 720 2894 karissime,
744 2827 848 2874 meam
870 2807 1146 2894 pollicitationem,
1169 2826 1232 2873 non
1255 2813 1292 2875 81

63 2975 66 2984 .
120 2926 207 2992 88181
236 2925 291 2992 sed
314 2931 423 3013 prout·
446 2927 552 3012 potui,
580 2924 703 2992 effectui
726 2924 948 3010 mancipatam.
984 2923 1106 3002 Quaeso
1128 2923 1225 3008 igitur
1247 2929 1289 3009 18,

119 3047 158 3109 81
179 3042 269 3109 illum
291 3042 469 3129 depreceris
493 3062 550 3127 pro
573 3062 640 3125 me,
669 3041 722 3125 qui
752 3061 808 3106 suo
832 3039 945 3126 simplo
968 3045 1075 3106 nostro
1098 3039 1194 3126 duplo
1217 3039 1290 3106 sub-

119 3159 218 3243 venit,
241 3159 388 3244 quatinus
411 3157 551 3241 gratuita
572 3158 676 3242 gratia
698 3176 756 3222 sua
771 3159 803 3222 et
817 3156 987 3223 eorundem
1002 3162 1182 3223 sanctorum
1198 3175 1290 3243 prae·

120 3275 209 3343 cibus
238 3279 402 3357 88888188,
431 3274 536 3340 saltim
566 3275 599 3340 in
628 3274 679 3340 die
706 3271 815 3340 iudicii
837 3291 909 3337 cum
932 3271 1040 3338 electis
1063 3271 1128 3338 suis
1151 3271 1289 3356 aliquam
1362 3259 1369 3273 '

119 3397 243 3479 partem
266 3391 382 3458 habere
405 3411 456 3457 ms
478 3389 588 3470 iaciat3
614 3388 760 3475 quoniam
783 3387 896 3455 melius
919 3387 998 3454 mihi
1021 3393 1090 3454 crat
1112 3407 1176 3453 non
1191 3387 1288 3472 nasci,

120 3527 215 3594 quam
238 3509 272 3573 in
296 3513 456 3574 aeternum
480 3496 520 3573 ab
543 3507 589 3572 818
612 3503 775 3592 separari.

194 3655 214 3689 a.
236 3641 347 3689 8188888811
362 3642 398 3688 ad.
499 3639 521 3686 b.
542 3639 675 3686 sublimatur
690 3639 726 3685 ed.
827 3649 847 3682 8.
868 3649 907 3682 aas
924 3637 1032 3695 8881888
1049 3635 1188 3684 sinadam-
1201 3637 1289 3684 merita

120 3724 144 3770 d.
166 3723 202 3770 his
218 3723 254 3770 ed.
348 3735 367 3768 8.
389 3724 415 3767 ul
430 3721 465 3766 sd.
559 3719 574 3764 i.
595 3729 716 3780 aequantur
736 3721 758 3764 r'u
780 3718 832 3764 eod.
848 3718 917 3764 luc:
938 3715 1036 3776 Explicit
1051 3715 1127 3764 obius
1143 3719 1167 3764 o‘t
1181 3717 1290 3764 memoro

121 3803 195 3850 sancti
211 3803 289 3849 Severi
305 3803 328 3848 81
344 3804 435 3848 sancus
450 3800 583 3846 vincentiae
600 3801 667 3860 atque
683 3798 834 3845 Innocentius.

193 3901 217 3952 1.
237 3895 400 3952 81822081.
420 3895 454 3952 V.
468 3911 550 3965 supra
563 3910 589 3964 p.
603 3895 655 3950 513
673 3911 700 3949 n.
713 3911 739 3948 n.
764 3891 805 3947 (tf.
818 3889 957 3946 Lamberti
969 3890 1090 3946 Annales
1104 3892 1185 3954 (lton.
1196 3891 1287 3947 Germ.

120 3985 169 4043 SS.
183 3987 223 4042 ΠΙ
234 3985 281 4051 45)
294 3987 361 4041 836;
382 3983 531 4056 ,otgarius
549 4001 614 4039 8888
631 3983 718 4038 888811
731 3981 825 4038 Severi
843 3980 964 4051 epiceopi
982 3980 1033 4035 sibi
1047 3980 1139 4036 delata
1150 3981 1289 4035 nanstulit

120 4077 149 4132 ln
162 4074 331 4148 Erphesiurt,
350 4073 516 4145 Thuringiae
534 4073 681 4140 civitatem,
700 4075 729 4127 et
746 4071 774 4126 in
785 4070 851 4126 Alto
866 4069 1030 4126 monasterio
1044 4069 1166 4140 reposuit
1179 4071 1211 4124 11
1225 4069 1286 4124 Kal.

120 4162 315 4220 Novembris“.
405 4165 430 4218 2.
456 4163 559 4232 lregis
582 4161 755 4232 Aquitaniae.
845 4161 871 4215 3.
896 4175 968 4215 anno
990 4159 1051 4213 858.
1079 4157 1217 4213 lamberti
1240 4172 1287 4212 an·

121 4254 196 4308 88188
216 4253 248 4318 (l.
261 4253 279 4307 l.
297 4267 325 4322 p.
338 4253 388 4319 49)
407 4253 473 4307 858:
498 4251 637 4322 ,Karalus
659 4248 878 4319 archiepiscopus
895 4247 1032 4318 quandam
1050 4253 1156 4319 partem
1174 4245 1209 4303 de
1227 4245 1286 4301 reli·

121 4342 191 4412 quiis
210 4347 322 4398 sanctae
339 4341 514 4398 Innocentius
531 4338 671 4394 transtullt
687 4337 723 4393 ad
741 4335 932 4409 Erphesiurt“.

577 4479 823 4512 *⁸*—
