3110 4844
276 347 304 396 s.
320 347 497 396 nonrrsnn
518 349 563 395 nn
584 347 688 396 nonar
709 346 898 397 suenonis
924 348 976 395 cor.
993 349 1039 396 roa
1177 333 1241 400 261

83 489 141 572 gine
163 508 262 574 snpra
285 489 404 557 dictum
427 509 553 558 serrum
571 487 633 556 Dei
650 488 864 557 Wilbrordnm
888 491 1071 579 episcopum
1095 492 1135 558 ad
1152 511 1245 579 prae-
1263 502 1315 558 755

84 604 239 672 dicandum
268 625 367 693 snpra
389 605 491 673 diotae
512 605 600 689 genti
621 605 813 687 transmisit3
843 608 897 692 qni
926 607 1015 674 illam
1037 614 1179 694 gentem,
1208 615 1245 676 nt

82 721 232 808 praefatus
256 741 338 805 snm,
361 722 401 787 ed
424 721 518 788 fidem
541 721 659 788 Christi
682 722 847 789 convertit.
882 722 925 789 Et
946 724 1039 790 modo
1062 723 1131 790 vult
1153 724 1244 791 (lelo-

82 838 195 903 nensis·
212 838 378 925 episcopus
401 838 509 903 sedem
532 857 629 923 snpra
651 835 727 903 dicti
749 838 976 925 praedicatoris
991 839 1164 906 Wilbrerdi
1184 840 1247 908 sibi

80 953 266 1038 contrahere,
289 956 410 1020 utnon
434 953 476 1019 sit
497 951 686 1039 episcopalis
709 952 793 1020 sedis
801 953 823 1038 ⁵,
848 953 990 1021 subiecta
1003 953 1143 1022 Romano
1167 975 1245 1042 pon-

81 1067 161 1153 tifici,
200 1069 387 1156 praedicans
414 1073 539 1152 gentem
568 1067 747 1135 Fresorum.
840 1069 899 1136 Cui
931 1070 1175 1158 respondebam,
1210 1078 1246 1139 ut

79 1183 204 1250 credidi:
236 1185 336 1270 qnod⁰
359 1183 461 1251 maius
490 1190 522 1250 et
549 1183 681 1250 fortiored
703 1183 772 1251 fieri
802 1184 915 1253 debeat
943 1193 1146 1274 praeceptum
1170 1209 1246 1276 apo-

77 1299 199 1366 stolicae
222 1300 307 1367 sedis
331 1305 363 1366 et
383 1301 539 1366 ordinatio
556 1299 657 1383 Sergii
672 1321 774 1387 papae
791 1307 823 1367 et
836 1301 953 1385 legatio
969 1303 1138 1370 venerandi
1154 1325 1247 1391 prae-

78 1415 219 1482 dicatoris
235 1414 418 1499 wilbrordi,
442 1423 479 1483 ut
495 1421 526 1482 et
542 1413 598 1482 fiat
613 1415 716 1482 sedisb
732 1417 931 1503 episcopalis,
948 1417 1090 1485 subiecta
1104 1419 1246 1487 Romano

76 1531 221 1617 pontifici,
246 1532 433 1618 praedicans
456 1537 582 1616 gentem
597 1530 766 1598 Fresornm
784 1533 918 1618 -quia
940 1554 1056 1617 magna
1077 1555 1152 1622 pars
1174 1534 1246 1603 illo-

76 1667 138 1713 rum
165 1647 272 1714 adhuc
299 1667 424 1735 pagana
454 1653 503 1713 est
525 1683 566 1694 —
592 1667 686 1732 quern
716 1648 895 1715 destructae
924 1649 1106 1718 ecclesiolae
1132 1650 1245 1718 fienda·

75 1768 173 1830 menta
196 1759 339 1830 dernta‘
352 1770 384 1832 et
407 1785 426 1830 a
448 1764 581 1850 paganis
605 1763 786 1830 conculcata
809 1769 841 1831 et
857 1785 914 1851 per
930 1764 1162 1851 neglegentiam
1178 1767 1244 1854 epi·

73 1899 237 1966 scoporum
260 1879 417 1947 derelicta.
511 1877 573 1946 Sed
596 1878 665 1966 ipse
687 1900 750 1945 non
773 1882 938 1948 consentit

155 1995 221 2063 Sed
253 1995 345 2062 modo
376 1995 576 2082 paternitatis
605 2001 728 2061 vestae
755 1995 888 2063 iudicio'
913 1997 992 2063 mihi
1020 1997 1168 2065 intimare
1196 1999 1244 2065 di·

72 2113 216 2194 gnemini.
254 2111 299 2177 Et
320 2113 348 2177 si
370 2112 429 2177 lroc
452 2112 571 2177 iustum
592 2112 634 2177 sit
648 2131 835 2198 responsum
852 2118 884 2179 et
899 2111 987 2179 vobis
1002 2111 1136 2200 placeat,
1161 2114 1245 2200 qnod

71 2225 111 2292 illi
133 2227 325 2294 colonemir
348 2227 495 2314 episcopo
518 2227 659 2312 reddidi,
684 2232 791 2294 vestra
814 2229 1001 2296 auctoritate
1024 2229 1185 2297 roborate:
1209 2237 1246 2298 nt

70 2350 275 2431 praeceptum
303 2342 404 2428 Sergii
427 2363 530 2430 papae
554 2349 585 2411 et
608 2342 711 2410 sedisl
734 2343 790 2410 illa
812 2343 935 2410 stabilis
958 2349 1152 2432 permaneat.
1192 2346 1246 2414 Sic

70 2461 146 2526 enim
177 2461 315 2548 potestis
345 2480 402 2526 nos
431 2461 459 2526 si
486 2460 575 2528 vebis
602 2459 706 2547 placet
728 2460 894 2544 adiuvare,
922 2461 950 2527 si
974 2461 1012 2528 de
1035 2462 1151 2528 scrinio
1175 2481 1244 2530 aec-

70 2575 176 2644 clesiae
202 2581 329 2643 vestrae
353 2576 533 2662 exemplare
556 2575 670 2644 iubetis
694 2582 726 2643 et
747 2577 827 2644 milri
841 2577 1067 2663 transmittere,
1092 2579 1244 2664 quidquid

68 2694 208 2777 praelato
240 2693 390 2780 episcopo
413 2691 592 2760 Wilbrordo
620 2692 765 2758 ordinate
796 2698 922 2759 sanctus
947 2693 1094 2779 Sergiusl
1122 2695 1243 2782 praeei-

66 2814 150 2893 peret
173 2815 209 2875 et
233 2808 460 2889 conscriberet3
490 2813 527 2875 nt
549 2829 588 2874 ex
613 2808 799 2874 auctoritate
823 2809 1000 2875 sanctitatis
1023 2814 1147 2877 vestrae
1170 2830 1244 2876 oon·

67 2924 259 2992 tradicentes
282 2925 467 2991 convincere
491 2929 523 2990 et
546 2945 695 3012 superare
718 2922 851 2990 valeam.
895 2924 929 2991 Si
952 2931 1057 2992 autem
1082 2925 1173 2992 aliter
1195 2925 1243 2993 iu-

66 3042 137 3106 stins
161 3039 344 3108 sanctitati¹
368 3045 492 3107 vestrae
514 3039 676 3124 videatur,
705 3040 870 3106 consilinm
894 3042 1095 3127 paternitatis
1117 3048 1243 3109 vestrae

65 3153 228 3224 insinuare
252 3155 330 3223 mihi
354 3156 543 3240 dignemini,
565 3161 602 3222 nt
624 3177 747 3242 sequar.

68 3368 147 3441 108.
170 3371 400 3437 &tobaleae
424 3371 679 3458 archiepiocopuo
695 3369 931 3438 Contuarienoio
947 3371 1043 3437 laelio
1066 3384 1095 3438 ct
1109 3374 1175 3437 eicco
1189 3395 1240 3437 eo·

170 3491 237 3553 eiie
260 3487 370 3552 emtis
392 3489 431 3552 de
451 3487 590 3573 glorioso
613 3487 776 3572 Bonifatii
796 3487 891 3554 odito.
928 3485 1023 3552 Ouiae
1043 3489 1126 3552 diem
1139 3487 1240 3573 fane-

170 3617 263 3670 mam
285 3606 320 3668 in
344 3603 466 3690 Asplio
489 3606 642 3689 agitatam
665 3607 725 3684 iri,
749 3605 883 3669 euadat.
930 3603 1044 3668 Preces
1066 3617 1190 3670 mucoso
1214 3617 1242 3670 ot

167 3719 418 3786 mulsionem
440 3718 604 3804 Bonifatii
624 3715 761 3784 euadest
835 3715 940 3801 (810,
963 3717 1003 3784 W
1022 3720 1096 3802 114,
1120 3717 1240 3798 (1103)

94 3851 425 3920 ÷Reverentissimo
447 3851 540 3918 fratri
569 3857 601 3918 et
623 3851 655 3917 in
680 3869 787 3917 amore
811 3849 931 3918 Christi
955 3851 1123 3918 karissimo
1146 3851 1239 3918 Lullo

65 3973 264 4056 coepiscopo,
287 3966 444 4053 simulque
466 3967 723 4054 cooperatoribus
746 3968 811 4033 tuis
835 3967 992 4054 episcopis
1015 3972 1047 4036 et
1070 3968 1240 4035 sacerdoti-

66 4081 115 4152 bns
128 4085 203 4170 Dei,
233 4103 370 4168 quornm
393 4083 522 4149 nomina
543 4083 577 4150 in
600 4083 680 4150 libre
703 4085 788 4150 vitae
811 4084 930 4170 scripta
944 4089 1120 4169 teneantur,
1143 4083 1240 4150 (lnth-

127 4233 149 4266 a.
170 4237 235 4266 corr.
248 4220 273 4263 ia
289 4215 432 4264 coloniensis
444 4220 470 4265 C.
532 4217 555 4264 b.
576 4233 633 4264 corr.
649 4219 672 4262 io
688 4216 756 4264 sedes
773 4220 800 4265 C.
862 4229 882 4264 c.
903 4217 957 4276 qaia
973 4220 999 4265 c.
1061 4217 1084 4264 d.
1104 4217 1197 4278 porcine
1214 4219 1240 4264 C.

66 4309 83 4342 a
100 4316 154 4346 cerr.
171 4303 196 4347 ἰι
214 4297 297 4345 diruta
310 4300 336 4344 C.
397 4297 414 4342 i.
435 4297 693 4344 commodissime.
756 4309 778 4355 g.
800 4313 857 4343 corr.
873 4299 897 4343 ἰι
913 4295 1043 4344 Coloniensi
1055 4301 1081 4345 C.
1142 4294 1166 4342 lo.
1187 4296 1239 4342 Ser·

67 4389 102 4432 ψ
116 4379 174 4426 HV.
244 4377 263 4422 i.
285 4375 413 4423 meelate
430 4377 487 4430 MV,
504 4393 560 4422 corr.
577 4378 599 4422 in
616 4376 733 4422 sanctitati
749 4379 776 4424 C.
839 4375 861 4422 k.
882 4393 911 4422 en
928 4377 952 4424 V
963 4377 1111 4424 eae-4412.
1135 4379 1240 4423 Lemma.-

67 4453 138 4518 lntipit
153 4457 263 4519 epistola
279 4455 383 4502 daiberti
399 4454 572 4516 archiepiscopi.

1304 3859 1357 3916 156

1250 3937 1409 3982 snsnntoanno
