3164 4842
409 311 457 360 rm
479 311 634 362 ornnem
655 313 736 362 vrrs
758 311 786 362 s.
803 311 978 362 noamurrr
1210 295 1276 364 497

108 449 239 535 mulus,
268 469 346 536 qnos
369 455 463 520 antea
484 453 648 520 constituit
669 453 849 541 episcopos,
877 453 1047 540 inquibus
1070 459 1161 522 erant
1182 476 1277 524 vene-

108 565 222 634 rabiles
244 567 306 634 virr'
323 566 523 636 Williboldus
545 575 578 637 et
598 568 813 655 Bnrgbardus,
836 590 968 656 quornm
991 571 1131 658 priorem
1152 573 1185 638 in
1207 572 1276 640 loco

107 680 213 750 Eietat
233 689 415 770 nuncupato
438 685 631 772 episcopum,
655 686 752 754 abnm
767 707 841 754 vero
862 687 896 754 in
911 687 989 754 urbe
1004 706 1084 772 quae
1099 686 1278 772 Wirciburg

108 797 221 866 dicitm
246 801 428 887 episcopum
458 801 636 886 comtitnit,
665 809 741 870 tnnc
769 803 887 890 quippe
909 800 1096 887 Gregorium
1118 804 1159 870 ad
1181 803 1278 870 Tretb

107 915 278 1003 episcopali
300 915 410 984 ordine
428 925 646 986 consecratum
660 919 787 1004 direxit,
810 917 938 986 Lnllum
954 919 1049 986 etiam
1065 920 1097 986 in
1113 918 1279 1004 blogoncia

107 1030 174 1116 ipse
197 1031 299 1099 adbuc
319 1033 430 1100 vivens
453 1033 515 1102 sibi
537 1035 721 1119 subrogavit
742 1035 934 1122 episcopum.

195 1146 295 1216 Multa
320 1149 448 1234 quidem
470 1159 503 1218 et
525 1151 588 1220 alia
610 1157 686 1218 tune
709 1153 748 1220 ab
771 1171 808 1217 eo
831 1157 921 1236 gesta
943 1156 1018 1218 eunt
1039 1152 1072 1220 in
1096 1149 1276 1235 Germania,

107 1283 187 1348 quae
214 1265 248 1330 in
279 1265 420 1352 epistolis
451 1268 669 1335 tantummodo
697 1269 901 1336 inveniuntur
924 1269 1052 1355 scripta
1087 1265 1177 1336 Unde
1200 1266 1279 1334 libet

105 1379 243 1448 inserere
266 1382 416 1468 epistolas
439 1384 575 1470 easdem,
598 1384 649 1451 rel
672 1405 692 1450 a
713 1390 822 1451 sancto
845 1383 1006 1452 Boniiacio
1030 1383 1071 1450 ad
1092 1383 1277 1450 Zachariam

105 1515 232 1582 papam,
256 1499 310 1582 qui
333 1519 390 1586 per
413 1500 496 1566 idern
513 1505 637 1588 tempus
652 1502 760 1569 sedem
777 1501 983 1589 apostolicam
999 1500 1204 1584 gubernabat,
1229 1498 1277 1565 vel

106 1610 145 1677 ab
167 1612 277 1680 eodem
291 1614 445 1682 Zacharia
467 1617 506 1683 ad
528 1615 618 1683 illurn
641 1637 697 1684 seu
716 1637 772 1704 pro
790 1617 844 1684 illo
861 1617 901 1683 ad
918 1616 1074 1703 quoslibet
1088 1614 1277 1682 Germaniae

104 1728 264 1816 principes
279 1733 492 1816 transmissas,
509 1753 587 1818 quas
603 1733 808 1820 undecunque
823 1733 971 1818 colligere
986 1751 1163 1819 possumus.
1195 1730 1277 1796 Nam

104 1843 192 1928 illas,
229 1866 306 1932 quas
335 1847 375 1914 ad
403 1849 506 1932 genos
536 1869 612 1917 suae
639 1850 772 1938 populos
801 1849 834 1917 id
863 1855 912 1916 est
939 1847 1060 1932 Anglos
1089 1848 1276 1931 manumisit,

104 1963 357 2048 praetermittere
386 1964 546 2048 volumus3
575 1987 616 2034 ne
643 1966 820 2051 legentibus
843 1965 970 2050 aliquod
992 1966 1112 2032 tedium
1135 1964 1277 2030 comer-re

104 2077 267 2146 videamur
301 2099 373 2146 cum
407 2080 534 2166 alienis,
569 2083 708 2150 maxime
742 2103 813 2152 cnm
846 2082 937 2150 nobis
973 2079 1132 2148 sufficiant
1158 2087 1276 2146 nostra

104 2191 221 2260 Nostra
243 2201 349 2262 autem
372 2196 452 2282 dico,
476 2217 556 2284 qnae
577 2218 634 2284 pro
650 2198 793 2285 patribus
812 2200 940 2282 nostris,
964 2197 1131 2265 Germanis
1147 2196 1277 2281 scilicet,

104 2309 263 2378 salvandis
286 2313 415 2399 scripsit
436 2313 486 2380 vel
510 2315 549 2382 ab
567 2315 632 2382 ullo
648 2317 767 2403 scripta
781 2316 910 2403 recepit.
947 2314 982 2382 ln
998 2313 1111 2400 quibus
1127 2314 1278 2380 nimirum

103 2426 246 2514 epistolis
267 2429 407 2496 maxime
427 2436 534 2516 potest
556 2433 697 2516 agnosci:
723 2438 873 2518 quantam
895 2451 1002 2500 curam
1020 2435 1052 2498 et
1067 2429 1277 2516 disciplinam,

103 2549 254 2628 quantam
278 2547 501 2632 paternitatem
526 2552 558 2614 et
579 2549 731 2635 pietatem
754 2549 902 2616 babuerit
924 2549 1009 2615 circa
1026 2567 1134 2614 ornnes
1150 2552 1278 2612 sanctae

102 2660 272 2728 aecclesiae
305 2660 403 2746 lilios,
439 2683 516 2748 quos
544 2664 614 2750 ipse
643 2685 700 2752 per
728 2665 928 2748 euangelium
958 2661 1097 2748 gennit¹;
1133 2663 1277 2747 quodque

102 2775 193 2842 iuxta
216 2777 393 2864 apostolum
417 2779 562 2846 omnibus
586 2781 692 2847 omnia
713 2781 815 2846 lactus
839 2781 897 2863 sit,
924 2786 961 2846 ut
983 2799 1091 2846 omnes
1114 2777 1277 2846 lucriface-

102 2888 178 2958 ret'.
211 2891 302 2960 Unde
325 2893 516 2961 confidenter
538 2895 618 2979 dico,
643 2897 727 2981 quia,
751 2896 928 2980 quicunque
944 2895 1079 2962 filiorum
1096 2895 1173 2978 eius,
1197 2892 1275 2960 Ger·

100 3029 269 3076 manorum
291 3008 447 3094 videlicet,
472 3012 580 3096 agnito
603 3013 684 3078 tanti
706 3013 808 3098 patris
830 3011 938 3079 labore
960 3012 1011 3079 vel
1027 3033 1066 3079 ex
1082 3011 1209 3096 scriptis
1225 3009 1275 3076 vel

100 3123 284 3208 vulgaribus
306 3126 417 3210 dictis,
445 3149 508 3196 non
531 3149 602 3196 eum
627 3133 867 3214 quantacunque
889 3127 1052 3215 praevalet
1074 3127 1275 3194 ueneratione

99 3241 313 3328 amplectitur,
335 3243 369 3308 in
392 3243 520 3328 bonore,
544 3264 636 3330 quem
660 3244 844 3332 parentibus
868 3243 1194 3327 exbibereiubemur,
1218 3261 1274 3310 ne·

98 3357 223 3442 gligens
245 3359 414 3426 iuvenitur.
449 3359 567 3438 Quodsi
591 3361 782 3445 negligentia
804 3365 968 3446 peccatum
992 3367 1041 3426 est
1064 3366 1096 3428 et
1109 3364 1278 3456 peccatum!

99 3493 194 3542 omne
223 3476 368 3561 panitur,
401 3475 594 3560 negligentia
622 3496 697 3561 ergo
726 3477 820 3544 simul
847 3477 1008 3562 punienda
1037 3477 1184 3544 ereditur.
1222 3476 1282 3544 Ad·

98 3589 178 3658 baec
201 3591 312 3675 etiam,
336 3591 364 3658 si
386 3592 476 3659 iuxta
499 3592 676 3680 apostolum
699 3599 806 3680 patres
830 3594 933 3660 cernis
958 3597 1083 3660 nostrae
1106 3593 1274 3660 habuimus

97 3706 275 3774 eruditores
299 3713 331 3774 et
353 3705 601 3794 reverebamur³‚
624 3729 728 3776 nonne
749 3709 848 3776 multo
868 3711 970 3793 magis
987 3709 1274 3797 obtemperabimus

96 3823 185 3908 patri
208 3824 398 3910 spirituum?
420 3824 515 3892 Pater
532 3845 668 3910 namque
684 3826 858 3912 spiritualis
873 3847 936 3894 non
953 3827 1053 3894 solnm
1070 3825 1157 3894 Deus
1173 3826 1274 3894 omni·

95 3944 212 4024 potans
235 3939 366 4026 dicitur,
395 3942 451 4009 sed
474 3942 570 4008 etiam
593 3961 717 4028 omnes,
742 3963 876 4029 qnorum
899 3942 1043 4010 doctrina
1065 3948 1098 4009 et
1120 3942 1273 4028 exemplis

96 4056 138 4122 ad
163 4057 355 4140 agnitionem
377 4058 520 4124 veritatis
543 4058 741 4143 instruimur,
764 4060 805 4126 ad
826 4057 1031 4127 stabilitatem
1047 4058 1208 4142 religionis
1224 4059 1273 4124 in·

94 4172 242 4240 citamur.
278 4173 367 4241 Sicut
389 4177 423 4240 et
435 4173 598 4240 Abraham
621 4174 660 4241 ob
680 4174 754 4241 fidei
769 4173 1007 4260 obedientiaque
1023 4195 1098 4240 suae
1113 4176 1272 4257 meritum,

94 4290 218 4358 cunctis
239 4289 440 4376 imitandum,
464 4295 555 4378 pater
577 4291 719 4359 omnium
742 4291 844 4360 dictus
867 4292 971 4358 estin
994 4289 1119 4357 Christo
1142 4289 1272 4357 creden·

172 4421 196 4474 1.
221 4420 262 4477 Gi.
283 4424 298 4478 1
311 4421 432 4478 Corinth.
445 4422 471 4494 4,
486 4423 528 4479 15.
606 4425 632 4480 2.
659 4421 700 4479 Gi.
721 4426 735 4478 1
748 4423 869 4480 Corintln
883 4423 908 4494 9,
922 4424 965 4478 22.
1041 4423 1067 4478 3.
1091 4420 1175 4478 Heba.
1190 4423 1232 4491 12,
1245 4423 1270 4478 9.

141 4515 221 4568 aum.
237 4519 380 4567 araneum
395 4523 433 4567 111.
1022 4521 1057 4574 32
