3148 4846
317 301 385 370 434
557 319 764 368 wmnmsnnr
784 319 865 366 vrrs
888 317 914 366 s.
931 316 1107 366 nemmem
1128 315 1203 366 oar.
1219 313 1246 364 n

319 462 543 530 sanctimonia·
565 461 751 546 subdiderit,
773 459 912 527 breviter
934 458 1138 547 protulimns3
1160 463 1207 541 nt,
1228 456 1362 523 tabrieae
1382 475 1401 520 a
1418 473 1467 521 ne·

317 577 367 646 bis
381 577 586 644 fundamento
602 577 753 661 tomento,
775 581 931 643 etrueture
947 575 1100 662 paulatim
1116 572 1292 640 sublimitas
1308 571 1348 638 ad
1360 589 1470 637 summa

318 693 412 762 altius
436 695 617 778 erigeretur.
641 773 643 799 ἰ
700 691 872 778 Postquam
895 692 979 758 enim
1003 696 1089 758 aetas
1113 695 1145 756 ot
1165 689 1249 754 mira
1269 689 1304 754 in
1326 707 1361 754 oo
1382 687 1470 753 aden-

317 810 381 878 tiae
403 809 580 897 praevaluit
600 808 751 876 fortitudo
770 808 985 893 infantiaeque
1002 811 1134 893 septem,
1156 803 1291 891 puerilis
1303 802 1472 870 adveniente

318 925 429 993 dooere
452 926 582 1010 aetatis,
605 923 792 992 evolvuntur
816 925 906 1008 anni,
930 943 1046 1006 magna
1068 920 1223 1007 siquidem
1245 920 1360 986 mentis
1382 923 1412 984 et
1430 919 1473 984 iu·

318 1039 435 1109 effabili
456 1041 621 1125 gravitate,
648 1039 800 1107 ‹esselestel
823 1039 997 1126 inspirante
1019 1039 1138 1122 gratia,
1161 1037 1244 1103 sieut
1265 1033 1474 1120 subsequentia

318 1156 410 1224 huius
433 1157 538 1243 operis
561 1155 747 1224 documenta
769 1155 946 1240 declarent,
978 1155 1096 1220 ditatus
1119 1159 1167 1219 est
1188 1158 1221 1219 et
1242 1151 1411 1218 multorum
1430 1169 1474 1216 os-

318 1273 467 1340 stimonia
487 1273 641 1339 virtutum
657 1307 698 1318 -
713 1273 805 1339 iuxta
827 1276 988 1337 ostensum
1012 1275 1190 1336 sanetomm
1213 1267 1376 1354 exemplar
1394 1283 1476 1352 prse-

318 1389 497 1456 oedontium
519 1394 551 1456 et
572 1387 798 1456 venerabilium
821 1387 969 1453 instituta
989 1391 1116 1474 patrum
1132 1421 1174 1432 -
1190 1384 1335 1452 subditus
1350 1382 1477 1450 deelara-

317 1509 368 1572 tna
392 1525 429 1572 ao
451 1505 625 1572 decoratus.
658 1502 747 1570 Adeo
771 1504 867 1570 etiam
889 1503 995 1570 divino
1017 1501 1276 1585 exarsitingenio
1292 1519 1329 1566 ao
1344 1498 1476 1565 leetionis

318 1619 462 1704 adprime
485 1640 519 1686 se
535 1618 676 1686 subdidit
690 1620 850 1702 exercitio,
875 1625 920 1703 ut„
940 1617 1073 1702 singulis
1088 1617 1263 1703 quibusque
1278 1615 1395 1682 additis
1409 1619 1478 1680 tem·

317 1735 420 1822 poris⁶
444 1737 611 1802 momentis
635 1741 729 1821 etque
750 1735 837 1802 horis
860 1753 1076 1819 annorumque
1098 1732 1276 1816 eumenis,
1301 1735 1479 1816 angerentur

318 1853 414 1918 etium
442 1851 475 1916 in
504 1870 541 1918 eo
570 1852 699 1938 superni
728 1850 910 1917 adiumenta
932 1851 1100 1936 diuinaque
1122 1850 1275 1916 donorum
1296 1848 1481 1915 incrementa

317 1967 513 2054 proteotoris.
553 1965 596 2032 Et
618 1972 735 2052 quanto
759 1966 928 2053 pastoralis
950 1967 1125 2054 pedagogio
1147 1964 1323 2050 magisterii
1348 1969 1397 2032 est
1417 1981 1481 2051 pro·

317 2088 436 2167 neotus,
460 2087 548 2148 tanto
571 2081 612 2149 ad
633 2083 809 2170 profeetum
832 2089 978 2150 aeternae
1001 2081 1204 2150 beatitudinis
1220 2115 1262 2126 -
1279 2080 1363 2146 dont
1382 2077 1480 2146 fideles
1558 2079 1560 2086 ⁴

318 2197 603 2266 eontamiliaritatis
625 2198 711 2266 illins
734 2199 796 2264 viri
818 2219 875 2287 pro
899 2205 984 2266 oerto
1007 2198 1114 2273 testati
1137 2202 1211 2263 sunt
1233 2229 1276 2243 —-
1300 2216 1375 2263 eum
1397 2195 1480 2262 eotti-

319 2313 414 2382 diana
442 2315 509 2380 eius
539 2313 646 2381 studia
672 2315 738 2399 iugi
760 2315 827 2381 ludi
849 2313 1013 2382 litterarii*¹
1036 2314 1241 2381 meditatione
1262 2312 1314 2379 die
1336 2316 1483 2396 noetuque

318 2429 491 2496 inuitavero
518 2435 551 2496 et
578 2435 688 2496 oenus
716 2431 848 2498 infestas
871 2431 1044 2500 diabolieae
1067 2428 1277 2514 suggestionis
1299 2427 1484 2514 perseeutio-
1524 2473 1531 2496 .

319 2565 386 2629 nes,
410 2565 471 2630 quo
493 2549 637 2612 tenemm
661 2565 736 2632 sepe
759 2547 843 2634 apud
866 2546 1014 2614 mortales
1036 2546 1209 2613 iuventutis
1231 2543 1341 2612 florem
1364 2564 1421 2610 eeu
1437 2561 1485 2608 ne-

320 2659 449 2728 bulosae
479 2661 616 2746 quadam
644 2663 804 2729 oaeoitatis
832 2663 965 2747 ealigine
993 2662 1138 2745 obtegere
1160 2659 1276 2744 solent,
1304 2657 1486 2726 mirabiliter
1559 2669 1560 2724 1

320 2782 501 2864 protexere3
524 2777 571 2844 ita
592 2783 629 2844 ut
650 2778 746 2844 etiam
769 2784 899 2866 proptor
920 2778 1149 2845 indesinentem
1172 2777 1318 2843 diuturne
1341 2773 1487 2842 sollieitu-
1559 2799 1560 2856 l

322 2892 405 2960 dinis
428 2894 495 2960 eius
518 2913 626 2960 euram
650 2898 682 2962 ot
704 2895 931 2981 sempiternam
953 2899 1133 2960 sanotarum
1155 2893 1260 2977 legum
1283 2889 1487 2958 examinatio·
1559 2877 1560 2890 ²

321 3029 394 3076 nem
420 3007 617 3077 inlecebrosa
637 3009 671 3076 in
695 3029 731 3076 eo
755 3010 986 3078 adnleseentiae
1007 3009 1166 3076 ineentiue
1188 3013 1221 3075 et
1242 3007 1417 3074 earnalinm
1440 3005 1489 3071 de-

322 3123 508 3192 sideriorum
531 3126 668 3212 impetus
684 3127 831 3212 primitus
850 3127 1060 3213 inpingentes,
1084 3124 1210 3191 domino
1226 3123 1293 3192 Deo
1309 3121 1489 3206 auxiliante,

321 3241 462 3307 maxima
484 3261 524 3307 ex
546 3247 637 3328 perte
661 3241 835 3310 sedavere·.
870 3241 1032 3326 Magisque
1055 3260 1092 3308 ao
1113 3240 1215 3324 magis
1238 3239 1278 3306 ad
1295 3255 1490 3306 eommunem
1559 3215 1560 3304 Ῠ

321 3356 500 3443 provehunt
525 3355 728 3444 populornm¹
755 3357 946 3439 doetrinam3
974 3377 1086 3443 quem,
1115 3377 1178 3422 non
1206 3355 1305 3422 multo
1333 3359 1490 3422 bansaoto
1559 3429 1560 3456 ἰ

321 3472 474 3558 temporis
496 3472 680 3558 intervallo,
710 3473 881 3540 seeundum
904 3471 1084 3560 pontificale
1106 3472 1357 3556 aecelqsiestioae
1380 3468 1492 3538 diffini·
1559 3555 1560 3572 χ

322 3587 434 3654 tionis‘
457 3585 636 3656 decretum¹
658 3589 817 3656 inoboauit
840 3589 983 3656 dilatauit
1006 3609 1042 3656 ao
1063 3589 1204 3676 perfecit.
1250 3587 1421 3672 Quoniam,
1443 3604 1492 3652 ca·
1559 3585 1560 3664 ζ

322 3702 404 3770 duee
431 3703 524 3771 buius
547 3705 658 3771 mnndi
680 3710 904 3793 contempnens
928 3712 1126 3789 ornamenta,
1156 3704 1389 3771 monasterialis
1411 3703 1494 3770 ritae

325 3839 470 3890 normam
492 3819 527 3887 in
549 3821 683 3887 infantia
706 3841 763 3888 sue
785 3822 846 3888 rite
869 3841 906 3888 ao
928 3822 1115 3907 regulariter
1137 3821 1195 3888 snb
1217 3821 1381 3888 moderata
1403 3837 1492 3908 prae·
1559 3841 1560 3852 ¹

322 3935 381 4002 fati
402 3937 504 4023 patris
526 3936 752 4023 gnbematione
775 3957 874 4005 annos
897 3938 1166 4026 quamplurimos
1188 3937 1372 4019 custodivit3
1397 3936 1495 4002 donee

396 4163 416 4196 a
441 4150 591 4198 sanctimonia
606 4167 663 4198 corr.
679 4152 702 4198 ta
718 4150 880 4198 metuentes
897 4155 923 4210 1,
943 4151 1092 4200 sanotimonla
1108 4157 1140 4210 A.
1156 4155 1186 4202 B.
1261 4151 1285 4200 b.
1308 4149 1402 4200 aaut
1417 4152 1450 4206 A,
1466 4149 1495 4194 B·

324 4243 344 4278 e·
370 4231 480 4290 temporis
499 4234 583 4291 scripsi
599 4248 642 4290 pro
661 4231 802 4290 temporibus
818 4232 887 4279 codd.
972 4232 995 4278 d.
1020 4231 1081 4280 ludit
1096 4231 1193 4278 liberat
1208 4233 1234 4288 F,
1254 4229 1330 4280 laudi!
1343 4228 1450 4278 ΗΝ
1465 4231 1493 4286 A,

325 4309 374 4356 ludi
388 4309 494 4357 litteralia
511 4313 539 4358 B.
617 4325 637 4357 e.
657 4310 778 4358 sedassent
794 4314 821 4359 A.
897 4310 914 4358 l.
934 4311 1074 4358 delinitionis
1089 4315 1118 4360 A.

397 4413 424 4469 1.
447 4427 486 4468 aa
503 4427 681 4483 manorum.
771 4416 797 4471 ‘a
822 4413 985 4486 GregoriiII
1001 4429 1100 4486 napae
