3176 4846
295 271 362 343 bit
572 331 578 342 .
705 289 785 340 vrrs
807 289 1002 338 messuere
1021 289 1049 340 ιι

406 429 549 517 petr-ibus
573 429 698 514 oneo,
721 449 777 498 seu
798 449 903 499 rerum
927 431 995 501 iure
1016 429 1129 515 teneto,

406 566 486 631 quse
507 546 614 633 pueris
637 546 752 615 deum
773 565 846 614 oum
867 550 1057 616 &mutto
1076 551 1236 630 notentur,

406 661 481 728 dum
503 663 643 733 noudum
665 662 755 748 puori
777 669 911 748 possunt
930 681 989 730 sue
1010 663 1081 730 iure
1102 663 1193 730 tueri.

405 776 472 846 Lex
493 778 611 849 osuiu
633 783 775 844 soterum
796 777 858 847 fuit
879 777 970 846 nese:
994 777 1043 846 ius
1065 777 1193 848 orobsro
1215 797 1331 864 rerum,

338 912 384 959 roo
405 893 535 979 insuper
556 893 693 963 inientes
717 894 828 980 pstriie
851 893 945 960 rebus
967 893 1165 963 dominantes

405 1009 471 1093 bis,
494 1029 572 1096 quos
594 1009 729 1078 uuoiores
751 1014 784 1076 et
804 1009 904 1096 stirpe
926 1009 1023 1076 fuine
1046 1010 1166 1096 priores

406 1123 454 1191 iiii
475 1124 660 1208 oensebuut,
683 1125 738 1209 qui
759 1124 894 1192 oouders
915 1125 985 1192 iurs
1007 1124 1159 1194 solobsnt.

406 1239 495 1320 Quod
516 1245 740 1308 momentum
761 1233 925 1308 renovarit
945 1261 1024 1308 oure
1043 1247 1220 1328 pareutum,

405 1356 556 1424 membris
577 1356 714 1425 virium
735 1355 886 1439 languore
907 1357 1049 1426 minente
1069 1357 1210 1438 ruiuour3

341 1489 386 1538 rus
409 1472 504 1558 inque
527 1471 727 1540 cohercendis
750 1471 858 1558 pueris
880 1471 933 1540 vel
953 1474 1046 1540 rebus
1068 1471 1221 1540 hubendis

406 1607 482 1655 oure
502 1588 750 1676 propinquorum
773 1587 924 1656 suooessit
944 1587 995 1656 sel
1016 1592 1202 1674 porrorum

406 1709 480 1790 post
501 1704 622 1774 obitum
645 1709 787 1790 petrum
810 1703 898 1786 velut
919 1709 967 1772 est
989 1703 1023 1770 io
1044 1703 1114 1787 lege
1136 1709 1288 1774 uotstnno

408 1818 463 1886 Set
484 1840 524 1887 ue
546 1819 690 1888 turbetur
712 1839 763 1886 res
786 1824 842 1886 out
862 1820 950 1907 prior
971 1819 1049 1886 ordo
1070 1825 1221 1904 moretur,

405 1936 555 2004 insistens
578 1935 682 2022 operi,
704 1935 873 2021 prooedsur
896 1933 975 2002 uelle
996 1935 1105 2021 priori

341 2071 386 2118 reo
453 2050 577 2138 Hospes
600 2049 744 2118 emobilis
766 2056 798 2118 et
819 2049 1017 2134 venerabilis,
1041 2054 1077 2117 ut
1098 2046 1270 2136 ventose,

408 2187 471 2254 quo
491 2167 648 2254 snpientia
669 2167 736 2236 sive
757 2166 889 2234 soieutie
909 2185 1025 2250 mogus
1046 2167 1183 2252 sigeber,

408 2303 428 2350 o
449 2282 644 2370 sapientibus
667 2287 760 2367 etque
783 2282 959 2350 valentibus
980 2283 1049 2369 ipso
1071 2283 1200 2352 oooeur

407 2403 440 2466 et
462 2397 655 2485 sapientibus
679 2403 754 2483 epte
776 2397 958 2466 dooentibus
981 2403 1074 2485 optus
1096 2397 1238 2466 hebetur.
1280 2425 1284 2432 ·

406 2513 511 2581 Verbo
531 2514 658 2599 poetioo
677 2514 745 2582 sive
766 2513 929 2582 Pletouiou
950 2515 1054 2601 primo
1076 2513 1213 2598 bibebat,

340 2649 385 2696 ros
408 2649 489 2716 quoe
510 2628 690 2698 iuveniliter
713 2635 807 2716 etque
829 2629 962 2696 viriiiter
984 2629 1036 2695 hio
1057 2629 1197 2698 sioiebet

406 2745 543 2832 Postque
565 2745 695 2830 uegoeio
715 2743 858 2813 versibus
880 2744 950 2812 ooiu
970 2746 1049 2812 trite
1068 2745 1171 2827 fuere;

408 2863 455 2930 sio
475 2882 534 2930 neo
554 2861 663 2929 monis
683 2866 828 2947 temporo
849 2859 926 2926 tuiis
947 2861 1127 2947 preteriere.

409 2979 566 3065 Tempore
586 2978 732 3062 iungere,
754 2976 879 3044 ossibus
902 2975 1018 3044 addere
1040 2977 1137 3044 verbe
1157 2976 1287 3060 solebat,

408 3097 576 3180 iunctoque
598 3093 723 3178 singule
745 3096 833 3177 sunt,
857 3093 948 3178 qussi
970 3091 1080 3176 reguis
1102 3091 1306 3182 preoipiebet

341 3229 386 3278 rso
410 3209 463 3277 Sio
483 3211 544 3277 fuit
565 3210 638 3276 huio
660 3209 728 3278 lere
750 3214 823 3295 post
845 3210 986 3295 speeiem
1010 3208 1115 3292 breve,
1138 3207 1274 3278 sonitem
1297 3229 1443 3296 prossm3

408 3347 476 3394 rem
498 3325 693 3414 sapientibus
715 3325 796 3392 huno
817 3324 1025 3392 referentibus
1047 3324 1253 3408 ingeniosum.

452 3441 545 3526 Inde,
567 3442 791 3526 magistrorum
814 3440 889 3508 dete
911 3446 984 3527 post
1005 3445 1156 3528 preoepts
1176 3440 1340 3526 bonorum,

407 3559 496 3625 iussu
517 3555 806 3645 pontitiois‚'nimie
830 3561 1014 3642 expectetur
1037 3557 1156 3641 eminis,

408 3673 466 3740 flos
488 3673 619 3742 celebris
641 3673 791 3740 iuvenum
813 3672 977 3756 sategebat
997 3672 1100 3740 visere
1121 3672 1253 3740 onum

342 3807 387 3856 rso
409 3789 533 3857 Gaudet
554 3788 737 3876 metropolis
759 3788 864 3855 reditu
886 3786 1049 3872 Mogontia
1071 3788 1178 3876 prolis.

409 3904 548 3972 Presulis
570 3903 696 3971 Alberti
717 3923 806 3970 mens
829 3907 879 3972 est
899 3905 1024 3990 gorne,
1045 3904 1164 3972 reverti

409 4020 596 4090 ineolumem
620 4020 781 4104 iuvenem,
803 4019 875 4107 plus
899 4019 1015 4087 blundo
1035 4019 1157 4104 virgine
1178 4019 1293 4106 leuem,

410 4141 530 4204 ettam
552 4140 764 4220 oonstuutm,
788 4155 844 4203 osu
866 4136 1071 4203 famarefert
1093 4135 1302 4220 adamantem,

411 4250 465 4338 qui
483 4249 567 4338 lapis
589 4251 624 4316 in
645 4255 752 4337 portes
774 4271 832 4339 per
853 4249 956 4318 nullos
978 4249 1108 4318 finditur
1130 4257 1222 4320 urtes.

372 4385 396 4437 1.
420 4380 641 4436 Hildesbsrnium.
