3110 4844
266 279 293 327 s.
312 279 489 329 normann
510 283 555 329 nr
576 282 680 330 uuum
701 281 888 332 nersnousn
911 283 965 331 mo.
981 281 1026 330 tor
1169 267 1235 336 259

89 419 125 486 dis
146 418 332 506 apostolieae
361 422 401 489 ab
428 422 580 490 almitatis
616 429 758 492 vestrae·
788 423 973 493 elementia*
1002 425 1174 514 impetrare
1203 432 1236 495 et
1254 435 1306 491 755

86 534 177 602 labere
198 556 337 620 merear3
361 542 393 604 et
415 538 448 604 in
472 537 663 626 discipulatu
685 539 813 627 pietatis
835 545 970 626 vestrae,
994 541 1062 608 sedi
1085 541 1235 628 apostoli·

86 671 128 717 eae
145 652 314 740 serviendo,
338 674 447 720 seruus
469 659 574 722 vester
593 653 694 723 fidelis
716 675 753 722 ao
768 656 899 724 devotus
914 677 1101 745 permanere
1114 659 1235 744 poesim

85 765 171 834 eodem
194 769 299 854 modo,
323 789 386 854 quo
406 775 478 836 ante
494 770 668 838 subtritus
684 773 939 859 praeeesseribus
954 773 1068 840 vestris
1085 773 1234 859 apostoli-

83 884 212 951 assedi
240 884 437 970 serviebam,
466 886 655 954 venerabilis
678 888 850 955 memoriae
873 888 994 956 duobus
1018 887 1179 973 Gregoriis
1202 894 1235 956 et

82 996 229 1084 Zaoharia;
259 1002 313 1086 qui
341 1021 392 1069 me
419 1023 545 1090 sempor
572 1002 752 1070 hortatione
781 1010 814 1071 et
841 1006 1030 1072 auctoritate
1052 1003 1232 1072 litterarum

81 1135 190 1182 suarum
218 1117 404 1185 muniebant
431 1124 463 1185 et
490 1118 691 1186 adiuuabant
738 1117 829 1197 Quod
856 1125 888 1187 et
916 1121 1068 1207 pietatem
1096 1124 1235 1187 vestram

81 1251 156 1314 agere
180 1232 349 1320 deprecor,
379 1240 415 1300 ut
441 1240 647 1322 praereptum
674 1236 875 1322 paternitatis
905 1241 1027 1304 vestrae
1056 1257 1093 1303 eo
1122 1235 1235 1303 melius

79 1347 211 1434 perlicere
235 1353 267 1416 et
287 1348 420 1436 implere
442 1349 572 1436 possim.
607 1350 689 1418 Nam
713 1352 741 1418 si
764 1352 838 1437 quid
861 1353 896 1418 in
918 1352 981 1419 ista
1002 1352 1159 1437 legatione
1173 1352 1235 1419 Ro-

78 1476 180 1550 nana‘,
204 1485 270 1551 qua
290 1486 348 1552 per
369 1465 502 1550 triginta
523 1471 555 1534 et
577 1485 634 1534 sex
657 1487 755 1534 annos
770 1468 925 1552 fungebar
933 1465 951 1553 ¹,
975 1467 1121 1536 utilitatis
1137 1467 1235 1535 eoele-

78 1579 131 1645 siae
151 1581 292 1666 praelate
315 1581 432 1668 peregi,
457 1581 559 1648 adhue
580 1582 714 1669 implere
738 1587 770 1649 et
792 1603 906 1668 augere
929 1584 1082 1650 desidero.
1119 1581 1155 1650 Si
1178 1604 1234 1651 au-

76 1699 128 1760 tem
148 1697 254 1763 minua
276 1697 378 1784 perite
401 1697 522 1783 aliquid
543 1703 598 1766 aut
619 1698 737 1764 iniuste
766 1719 785 1764 a
807 1718 858 1766 me
886 1699 1006 1767 laetum
1033 1698 1084 1767 vol
1114 1699 1235 1767 dietum

76 1813 256 1898 repperitur,
284 1813 401 1880 iudicio
428 1813 589 1882 Romanae
619 1813 787 1882 etrelesiae⁴
815 1821 982 1903 prompta·
1012 1814 1175 1883 voluntate
1203 1821 1236 1882 et

74 1925 240 1996 humilitate
262 1929 430 1996 emendare
452 1949 504 1997 me
526 1929 606 1998 velle
629 1930 778 2017 spondeo.

148 2043 276 2112 interea
297 2044 458 2133 depreoor,
482 2051 517 2112 ut
536 2047 638 2134 pietas
654 2047 773 2114 domini
789 2047 853 2113 mei
867 2066 930 2113 nou
946 2045 1137 2132 indignetur,
1161 2047 1236 2131 quia

73 2163 127 2224 tam
153 2160 247 2228 tarde
279 2161 412 2228 missum
439 2182 545 2229 meum
574 2167 606 2230 et
633 2162 756 2231 litteras
786 2162 826 2229 ad
854 2163 1067 2249 praesentiam
1095 2167 1235 2229 vestram

73 2273 169 2342 lieri.
220 2275 285 2344 Sed
308 2277 367 2344 hoo
388 2277 506 2346 ideireo
529 2278 670 2364 contigit,
695 2277 770 2364 quia
792 2283 1038 2365 praeoccupatus
1060 2277 1107 2344 fui
1129 2277 1163 2345 in
1185 2297 1235 2344 re-

71 2392 255 2460 stauratione
278 2393 491 2477 eeclesiarum,
516 2414 594 2480 quas
617 2395 734 2482 pagani
756 2394 978 2476 incenderunt3
1003 2393 1056 2480 qui
1079 2413 1136 2481 per
1158 2393 1236 2461 titu-

71 2503 109 2572 los
134 2515 165 2574 et
192 2508 292 2576 oellas
321 2513 447 2576 nostras
476 2510 548 2597 plus
575 2529 670 2595 quam
694 2511 738 2576 30
761 2508 908 2576 ecelesias
931 2507 1111 2576 vastarunt*
1134 2513 1165 2576 et
1187 2510 1236 2576 in-

70 2624 243 2692 tenderunt.
277 2623 321 2691 Et
348 2625 426 2692 haee
453 2625 514 2691 luit
543 2628 664 2694 oooasio
688 2624 847 2692 tarditatis
869 2624 1049 2692 litterarum
1072 2630 1104 2691 et
1126 2624 1236 2712 appel·

69 2735 183 2806 lationis
207 2741 411 2828 paternitatis
427 2747 561 2827 vestrae,
587 2746 619 2810 et
633 2761 697 2808 non
714 2739 819 2826 eliqua
834 2740 1068 2826 neglegentiae⁸
1082 2736 1233 2808 inomia².

73 2923 147 2996 107.
166 2929 359 3014 Bonffata'aa
376 2927 571 3017 Stephanum
587 2928 650 2995 III
663 2951 788 3017 popum
810 2941 913 3014 repat,
937 2929 1029 2995 atde
1051 2931 1234 3016 epraeopata

170 3044 371 3112 Traieetearr'
391 3047 507 3112 iudicet
527 3049 610 3112 later
631 3069 663 3112 ee
686 3059 715 3112 et
737 3049 918 3133 episcopam
941 3042 1182 3110 Colonienaeml.

849 3157 885 3242 (S
900 3160 955 3244 97,
978 3156 1018 3226 W
1036 3160 1109 3242 105,
1132 3157 1233 3240 Get)

143 3291 337 3361 Venerando
377 3313 415 3360 aa
447 3292 623 3377 diligendo*
658 3294 785 3361 domino
821 3291 1034 3380 apostolatusk
1068 3291 1234 3379 privilegio
1252 3302 1305 3358 755

67 3409 201 3490 praedito
228 3407 377 3496 Sephano
400 3429 503 3496 papae
524 3407 702 3476 Bonifatius
726 3410 876 3494 exiguus,
899 3407 1021 3493 legatus
1045 3408 1096 3474 vel
1118 3408 1234 3475 misem

68 3519 267 3592 Germanicus
289 3523 461 3592 oatlrolioae
485 3530 517 3593 et
540 3525 730 3611 apostolieae
745 3523 906 3592 Romanae
926 3523 1087 3609 eeclesiae,
1110 3523 1234 3611 optabi-

65 3634 118 3705 lem
137 3640 172 3706 in
197 3639 328 3708 Christo
352 3640 493 3708 caritatis
516 3640 659 3708 salutem.

140 3755 227 3824 Nam
256 3761 401 3843 tempore
424 3751 543 3840 Sergii⁸
566 3756 758 3844 apostolieae
785 3755 870 3823 sedis
897 3754 1055 3842 pontilicis
1078 3756 1167 3824 venit
1193 3754 1233 3822 ad

126 3911 145 3945 a.
168 3915 214 3946 on.
235 3899 293 3945 MV.
391 3897 413 3943 b.
435 3897 577 3944 clementiam
594 3899 651 3945 MV.
749 3911 768 3945 e.
789 3897 904 3944 Romm
921 3897 979 3944 MV,
1073 3897 1095 3944 d
1116 3913 1159 3943 om.
1176 3896 1234 3943 MV.

67 3988 83 4018 ι
100 3983 205 4038 prompta
222 3979 284 4033 MV,
306 3993 366 4023 corr.
383 3979 404 4023 ln
426 3979 534 4036 prompta
549 3979 575 4025 C.
655 3977 674 4024 l.
698 3979 845 4025 misserunt
861 3980 895 4024 n.
976 3989 997 4035 g.
1017 3975 1160 4035 neglegentis
1176 3975 1234 4022 MV.

68 4051 86 4097 le
100 4074 126 4101 ιι
141 4062 170 4105 a!
184 4059 216 4105 66
229 4057 321 4112 -67υ,
339 4057 359 4104 C
373 4055 501 4112 toa-tl,
520 4057 542 4103 V
551 4057 698 4104 dds-dlv.
722 4059 775 4107 Siue
791 4059 894 4102 lemmate
905 4057 969 4113 MK·
984 4056 1041 4104 Item
1057 4055 1155 4116 epistola
1165 4055 1234 4102 Boul-

67 4130 106 4181 tar
119 4137 147 4184 ad
162 4136 313 4198 Stephanum
328 4147 411 4195 papam
429 4137 455 4182 C.
533 4135 549 4181 l.
571 4134 694 4194 duligeudo
712 4139 746 4184 Μ.
824 4136 847 4183 k.
869 4135 1011 4196 apostulatus
1029 4136 1056 4182 7.

125 4242 150 4294 1.
172 4241 278 4310 ltaque
294 4239 406 4294 ineunte
424 4253 496 4294 anuo
511 4239 564 4294 '155
581 4239 685 4310 eoripta
701 4239 771 4295 haeo
788 4239 905 4309 epistola
923 4242 973 4294 est.
1001 4235 1042 4294 (li.
1061 4233 1132 4292 inira
1149 4234 1235 4291 verba

67 4321 134 4383 haer:
154 4334 238 4399 „tam
259 4327 337 4383 tarde
357 4328 514 4383 -litteras
533 4325 569 4382 ad
587 4329 770 4398 praesentiam
788 4333 910 4383 vestram
928 4325 1045 4384 direxi“.
1129 4325 1155 4380 2.
1179 4324 1233 4380 Er·

68 4410 123 4470 itum
139 4418 279 4486 epistotae
297 4415 396 4472 abesae
413 4419 499 4486 patet.
589 4417 614 4472 3.
638 4416 661 4487 1,
679 4417 829 4473 est-701.

960 4509 1021 4566 17*
