3148 4846
451 336 639 384 memnonos
660 337 888 386 uosusrnrss
912 337 958 400 os,
1214 321 1280 386 403

113 475 314 561 ldoguntina,
337 497 408 546 eum
431 477 623 564 prebendam
645 479 788 565 ipsorum
809 478 844 544 in
866 475 1052 544 beneficium
1073 477 1177 564 laicis,
1200 479 1280 566 ipsis
1312 486 1382 543 1156

112 593 330 678 renitentibus,
353 595 501 664 tribuisse
523 600 555 662 et
577 615 687 662 aurum
711 598 876 677 argentum
900 597 932 660 st
954 593 1017 660 alia
1031 599 1216 661 ornamenta
1231 613 1281 662 oc·
1296 559 1402 608 ΡΜ

112 707 206 774 closis
223 708 398 777 inconsulto
414 709 497 777 clero
513 731 549 776 cc
563 709 680 798 populo
697 709 882 776 distraxisse
897 729 934 776 sc
948 715 1022 796 post
1036 709 1281 797 appellationem

111 823 152 890 sd
174 845 232 890 nos
254 825 372 894 laetam
393 826 495 893 multa
517 827 555 894 de
577 826 668 893 bonis
692 826 758 892 suis
782 826 827 892 eis
851 825 1018 892 abstulisse
1039 825 1201 908 dixerunt3
1225 825 1280 892 ad·

110 940 240 1008 icieutes
263 942 369 1026 etiarn,
393 942 527 1010 eundem
548 943 680 1008 danem
698 946 842 1008 nostrum
859 947 1030 1008 convocata
1044 941 1155 1008 sinodo
1169 942 1281 1010 fecisse

110 1055 235 1142 publice
255 1057 412 1142 interdici,
437 1077 476 1124 ne
498 1059 665 1144 quisquam
688 1058 729 1124 ad
751 1057 923 1146 apostolice
944 1058 1028 1124 sedis
1043 1057 1195 1124 indicium
1209 1078 1281 1146 pre-

110 1179 249 1239 sumeret
271 1173 440 1260 appellare.
476 1173 543 1252 Quo
565 1174 702 1260 quidem,
726 1173 754 1240 si
775 1174 963 1240 inveritate
984 1173 1169 1258 subsistunt,
1192 1179 1281 1241 tanto

110 1287 246 1375 amplius
262 1309 320 1356 nos
335 1291 533 1374 contristant,
557 1295 675 1376 quanto
689 1289 795 1356 minus
811 1289 850 1356 ab
866 1309 903 1356 eo
919 1289 982 1356 tale
998 1289 1118 1376 aliquid
1133 1290 1281 1357 credeba-

109 1424 180 1470 mus
204 1404 369 1472 adversum
385 1426 443 1474 nos
457 1411 489 1473 et
503 1411 735 1473 sacrosanctam
751 1405 924 1472 Romanam
941 1403 1106 1472 ecclesiam
1122 1407 1280 1474 attentari.

108 1519 308 1608 Quapropter
329 1526 380 1606 nt,
404 1542 464 1606 que
486 1521 571 1588 dicta
593 1527 682 1606 sunt,
705 1523 739 1588 in
761 1521 863 1587 lucem
886 1519 1012 1587 ualeant
1035 1522 1199 1608 devenire,
1222 1541 1281 1608 per

108 1643 219 1704 nostra
240 1638 269 1704 ei
292 1637 411 1724 scripta
433 1637 667 1704 mandarimus:
692 1643 726 1704 ut
748 1636 798 1704 sel
821 1637 861 1704 ad
883 1637 1076 1724 presentiam
1091 1643 1178 1704 tuam
1195 1658 1282 1706 acce·

108 1753 173 1834 dat,
197 1761 403 1820 excusaturus
427 1753 454 1819 si
477 1753 594 1840 poterit
616 1753 826 1820 innocentiam
852 1773 941 1820 suam
957 1758 989 1819 et
1004 1753 1202 1820 exhibiturus
1217 1753 1281 1821 illis

107 1869 166 1936 sub
188 1874 244 1936 tuo
267 1869 411 1936 examine
433 1869 557 1935 iusticie
580 1868 861 1956 complementum
885 1868 935 1934 vel
951 1868 1097 1956 proxima
1110 1869 1281 1937 festivitate

108 1983 193 2052 beati
215 1981 317 2052 Luco¹
339 1989 447 2052 nostro
471 2003 505 2052 se
528 1985 708 2070 conspectui
730 1990 941 2071 representet,
965 1985 1023 2052 snb
1045 1989 1154 2051 nostro
1178 1985 1216 2052 de
1231 1985 1281 2052 bis

107 2101 254 2168 omnibus
276 2100 392 2167 iudicio
414 2119 634 2187 responsurus.

197 2216 351 2295 Quocirca
376 2235 434 2303 per
457 2216 630 2303 apostoliea
652 2215 770 2301 scripta
791 2216 985 2283 fraternitati
1007 2221 1060 2282 tue
1083 2216 1280 2301 mandamus,
1360 2275 1362 2283 .

107 2339 262 2420 quatenus
290 2339 354 2399 mm
383 2333 541 2418 predictos
565 2333 731 2399 canonicos
755 2337 787 2398 et
810 2331 904 2416 elios,
935 2333 990 2418 qui
1019 2331 1168 2399 adversus
1192 2337 1280 2398 aute·

105 2451 207 2517 iatum
230 2449 360 2517 fratrem
383 2455 527 2516 nostrum
549 2448 583 2514 in
606 2449 665 2516 hac
688 2467 783 2514 causa
805 2453 889 2516 stare
904 2447 1070 2534 volueriut,
1094 2468 1187 2534 quam
1205 2469 1281 2514 eun·

106 2565 179 2633 dem
200 2565 333 2633 fratrem
355 2570 498 2632 nostrum
523 2570 595 2631 ante
618 2569 706 2630 tuam
728 2565 921 2650 presentiam
945 2583 1054 2630 evoces
1077 2568 1124 2648 et,
1153 2565 1281 2630 canoni-

106 2703 213 2748 corum
237 2681 486 2768 impetitionibus
509 2680 595 2746 illius
618 2699 692 2746 vero
716 2679 949 2747 defensionibus
974 2679 1140 2762 diligenter
1164 2679 1280 2746 auditis

106 2804 137 2865 et
160 2797 301 2884 plenarie
323 2797 474 2881 cognitis,
505 2802 537 2863 et
557 2795 682 2862 restitui
706 2795 751 2862 eis
774 2796 967 2881 prebendam
991 2814 1096 2878 suam,
1125 2815 1185 2880 que
1207 2800 1280 2880 post

106 2913 350 3000 appellationem
375 2912 481 2980 ablata
504 2916 568 2994 est,
597 2911 695 2977 facias
719 2916 767 2994 et,
799 2910 947 2996 quicquid
969 2910 1042 2976 inde
1066 2909 1207 2976 veritatis
1230 2910 1278 2976 in·

106 3031 240 3114 veneris,
264 3049 321 3116 per
343 3029 461 3115 scripta
483 3033 539 3094 tua
561 3032 593 3093 et
615 3026 741 3094 eosdem
764 3027 930 3093 canonicos
953 3027 1043 3093 nobis
1066 3045 1129 3092 non
1152 3024 1277 3092 desinas

105 3147 267 3226 nuntiare3
291 3149 327 3212 ut
348 3165 416 3228 nos,
439 3163 474 3210 re
497 3143 632 3227 cognite,
655 3141 762 3209 taliter
783 3142 866 3228 quod
881 3144 999 3208 iustum
1014 3141 1088 3208 iude
1102 3141 1198 3209 inerit
1212 3146 1278 3208 sta·

105 3269 248 3346 mamus,
277 3266 329 3344 ut,
357 3261 439 3327 sicut
461 3259 606 3327 nolumus
629 3258 816 3346 reprehendi
840 3258 1051 3342 austeritatis,
1079 3257 1125 3324 ita
1146 3277 1205 3324 nec
1227 3277 1277 3324 re-
1376 3259 1388 3285 “

104 3378 264 3444 missionis
287 3381 343 3442 aut
364 3375 484 3442 desidie
505 3375 539 3441 in
561 3375 657 3442 tantis
681 3375 860 3442 excessibus
884 3373 973 3458 argui
997 3373 1166 3440 veleamus.

193 3493 351 3574 Preterea,
375 3491 523 3576 quoniam
547 3491 768 3577 supradictus
791 3489 865 3556 Her.
891 3509 910 3554 a
932 3488 1118 3576 quibusdam
1142 3489 1277 3556 bomini-

106 3609 173 3694 bus,
197 3609 319 3677 scilioet
339 3607 389 3674 Ul.
406 3607 484 3674 Rod.
505 3606 580 3674 Fed.
604 3605 722 3673 Uldelr.
748 3611 779 3672 ct
801 3605 887 3691 Her,
910 3605 1012 3672 multa
1034 3604 1189 3672 derebus
1212 3606 1277 3671 suis

107 3727 165 3792 sibi
188 3726 330 3812 queritur
353 3724 469 3790 iniuste
492 3728 525 3789 et
546 3723 699 3791 violenter
723 3721 837 3806 ablata,
862 3720 1083 3788 nichilominus
1107 3721 1165 3788 tibi
1187 3740 1275 3786 man-

107 3841 233 3908 damus:
257 3844 294 3906 ut
315 3840 402 3924 illos,
432 3839 494 3905 nisi
516 3839 624 3924 inique
647 3839 753 3906 oblata
776 3838 805 3904 ei
828 3837 1037 3923 reddiderint,
1062 3837 1275 3904 excommnni-

107 3958 236 4025 cationis
260 3955 378 4024 ultione
400 3956 563 4042 percellas.
610 3955 728 4022 Datum
750 3953 922 4020 Beneventi
948 3956 989 4020 15
1012 3953 1081 4021 Kal.
1107 3951 1223 4020 Martii.

175 4135 200 4188 1.
227 4133 261 4187 18
279 4131 338 4186 Oct.

584 4273 795 4284 -...-.-......
