3148 4846
300 260 365 328 398
614 277 802 327 armuonaa
824 277 1051 326 noeunrman
1074 277 1112 324 ae.
1125 275 1156 324 eo

212 419 521 490 11³1stolieeasdis
547 419 670 505 lagatus
692 419 866 504 H(eimioo)
894 419 1008 490 dileeto
1035 420 1070 486 in
1096 419 1223 488 Christo
1249 417 1341 486 fiatri
1361 417 1455 488 dioro·

299 537 401 606 mensi
422 537 569 624 episeopo
592 536 737 604 salutem.

388 653 638 722 Translationem
665 647 772 720 illam¹
792 651 890 718 immo
917 650 1028 719 utilem
1050 651 1343 734 commutationem,
1371 667 1457 734 quam

298 769 479 837 fraternitas
502 775 557 838 tue
578 771 681 838 faeere
703 768 849 853 intendit,
872 789 930 856 pro
949 788 1013 854 qua
1034 773 1066 836 et
1087 787 1145 836 nos
1160 767 1327 848 oonsuluit,
1349 765 1458 831 ideireo

299 885 391 954 nobis
412 885 576 954 honestam
599 889 631 954 et
652 885 863 952 neeessariam
893 885 1097 970 assumimus,
1127 885 1201 970 quia
1228 883 1369 951 stratio
1397 899 1460 948 eam

299 1021 364 1070 non
385 997 587 1088 reprehendit
608 1006 641 1070 et
661 1001 813 1068 eunomios
834 1001 1004 1068 auotoritas
1027 1021 1098 1069 eam
1118 999 1188 1068 fieri
1208 1018 1302 1088 posue
1316 1017 1380 1065 non
1394 1015 1460 1064 eon·

300 1117 438 1184 tradioit
475 1117 683 1206 Quapropter,
705 1119 740 1184 in
761 1117 886 1186 Christo
909 1117 1022 1186 dilecte
1042 1117 1151 1202 frater,
1174 1117 1228 1204 pio
1247 1113 1393 1203 petitioni
1413 1117 1462 1180 tue

301 1232 406 1301 debite
432 1235 573 1302 caritatis
601 1253 763 1303 assensum
794 1235 977 1322 prebentes,
1011 1233 1197 1300 mandamus
1231 1237 1264 1298 et
1290 1228 1463 1298 mandando

301 1349 508 1418 oonsulimus:
532 1357 577 1436 ut,
600 1351 685 1437 quod
706 1349 775 1418 fieri
790 1355 923 1437 oportet,
946 1348 1003 1416 fiat
1017 1349 1176 1416 eommuni
1191 1367 1321 1416 assensu
1334 1348 1463 1413 frotmm

300 1471 441 1550 tuorum3
465 1472 498 1535 et
519 1467 554 1534 in
576 1467 718 1554 emissis,
742 1487 761 1534 a
783 1486 846 1553 que
866 1466 1076 1534 recedendum
1097 1485 1155 1554 pro
1178 1465 1245 1532 sois
1267 1463 1420 1548 amentiis
1436 1466 1465 1528 et

300 1582 399 1650 nimia
421 1583 488 1650 eius
510 1585 668 1670 paruitate
690 1583 824 1668 uidetur,
848 1581 949 1650 diuini
971 1581 1066 1650 offleii
1089 1581 1267 1665 celebratio,
1291 1585 1387 1668 prout
1402 1578 1464 1645 Deo

302 1698 405 1767 dieato
428 1698 497 1768 loeo
520 1699 665 1788 expedit,
689 1719 709 1766 a
730 1705 786 1766 tua
808 1699 1018 1766 sollieitudine
1040 1698 1252 1786 provideatur.

305 2029 367 2102 50.
391 2031 591 2100 Innocentius
614 2028 657 2097 ΙΙ
677 2053 767 2118 popo
790 2030 957 2096 Adeldsrto
980 2029 1004 2096 l
1024 2029 1259 2116 archiepiscopo
1282 2027 1466 2114 Mopanta'oo

392 2149 539 2228 mandat,
568 2159 604 2213 ut
621 2145 790 2232 familiam
815 2149 1000 2214 monmumi
1021 2145 1057 2214 S.
1074 2145 1301 2212 mmeramme·
1322 2144 1466 2211 Ratiado-

392 2267 498 2330 aeoaa'o
522 2276 631 2330 eosdm
655 2262 837 2349 Sipodotum
859 2270 1009 2330 mamert

197 2409 267 2464 1137
391 2392 591 2462 Innocentius
614 2396 779 2483 episeopus
801 2415 910 2464 seruus
933 2413 1096 2462 servorum
1110 2392 1171 2461 Dei
1191 2392 1365 2461 venerabili
1381 2390 1469 2460 frain

181 2482 286 2530 'M
304 2509 500 2593 A(delberto)
528 2509 710 2596 Maguntino
741 2512 990 2600 archiepiscopo,
1026 2511 1216 2598 apostolieae
1244 2510 1328 2576 sedis
1358 2509 1468 2595 legato,

304 2626 439 2720 ¹saliatem
461 2631 494 2696 ot
516 2627 722 2715 apostolieum
746 2628 1003 2696 benedictionem.

392 2742 489 2812 Later
518 2747 731 2832 praesentium
760 2743 956 2828 Gaudeamus,
991 2743 1032 2809 ad
1060 2762 1118 2810 nos
1147 2741 1292 2827 verriana,
1322 2742 1470 2809 aduersae

305 2859 488 2944 sigebotum
510 2861 644 2929 militem
667 2867 795 2946 questus
818 2867 876 2945 est,
899 2860 993 2945 quod,
1015 2879 1088 2926 eum
1109 2859 1178 2946 ipse
1201 2865 1233 2928 et
1250 2857 1472 2944 eonsanguinei

305 2979 372 3044 eiua
395 2978 434 3045 de
456 2977 577 3044 familie
599 2978 681 3046 beati
697 2976 924 3044 Emmerammi
948 2976 1095 3058 existant
1118 2975 1203 3042 idem
1217 2975 1387 3060 Sigebotus
1402 2972 1471 3042 eosb

304 3095 338 3160 in
359 3095 523 3181 propriam
541 3095 723 3162 seruitutem
739 3092 906 3160 vendicare
921 3097 1060 3158 oonotur.
1089 3091 1268 3179 Eapropter
1281 3090 1472 3158 fraternitati

304 3217 379 3278 tuae
405 3210 546 3295 rogando
572 3210 777 3296 mandemus,
804 3213 959 3295 quatenus
986 3210 1097 3276 eontra
1124 3208 1306 3275 uexationes
1333 3207 1473 3274 eiusdem

307 3325 448 3410 sigeboti
482 3326 660 3413 praefatum
689 3325 885 3393 Gerhardum
920 3325 1049 3409 eiusque
1077 3323 1324 3408 consanguineos
1354 3325 1390 3390 in
1417 3339 1475 3389 sua

305 3442 428 3510 iustitia
450 3448 665 3511 manuteneas.
698 3441 743 3509 Et
765 3442 792 3509 ai
813 3440 898 3508 idem
915 3440 1105 3526 Stigebotua)
1129 3459 1181 3507 eoo
1196 3445 1306 3507 eontra
1319 3440 1472 3506 iustitiam

305 3579 438 3644 gravare
473 3559 736 3647 praesumpserit,
770 3557 910 3626 debitam
942 3558 977 3625 in
1005 3578 1077 3625 eum
1103 3557 1291 3624 sententiam
1320 3557 1472 3642 proferas.

305 3674 391 3743 Data
412 3671 546 3742 Vaterbii
570 3677 588 3742 7
611 3673 681 3743 Kal.
705 3673 836 3762 Aprilis.

378 3955 399 3990 a.
419 3942 500 3989 Edidit
516 3944 563 3988 Pes
579 3941 685 3989 Thanar.
702 3941 805 3988 anecdot.
821 3941 900 4000 1ep.
913 3941 966 3988 loo.
1048 3938 1071 3986 b.
1092 3952 1131 3986 aon
1148 3939 1241 3986 addidi.

378 4048 403 4103 1.
428 4043 502 4102 audio
527 4045 690 4116 episcopalis
711 4059 746 4100 ex
769 4044 885 4100 eeclesia
906 4041 934 4099 S.
952 4043 1027 4098 Petri
1049 4044 1078 4098 in
1101 4043 1242 4100 eeclesiam
1268 4039 1296 4098 S.
1308 4039 1471 4099 Wenoesiai.

306 4135 342 4194 V.
361 4135 460 4190 Annal.
480 4133 660 4190 Gradieenasa
680 4135 747 4190 1131
766 4138 795 4188 et
813 4133 950 4190 vincentii
968 4133 1047 4202 Prag.
1066 4132 1178 4188 annates
1197 4131 1275 4203 1141,
1296 4129 1471 4187 Montium.

308 4223 356 4281 SS.
369 4223 450 4280 XVII
460 4224 513 4280 660
531 4227 560 4278 et
576 4223 637 4279 659.
