3142 4848
275 281 318 348 28
535 297 562 346 s.
578 297 754 346 sormam
775 297 820 346 nr
842 297 944 346 cucur
966 295 1152 346 nrmronsn
1176 297 1189 342 1

114 453 257 509 att-tot
275 445 308 507 et
329 437 487 526 paschalis
510 437 623 507 calculi
645 437 814 504 terminum
844 437 1058 520 tradiderunt3
1088 455 1181 522 quem
1211 435 1386 522 anticipare
1414 441 1447 503 et

274 555 452 638 transgredi
475 556 656 622 contraius
678 553 797 637 etfas,
826 553 981 620 inlicitum
1008 554 1076 620 tore
1103 559 1299 620 censuerant
1346 549 1446 618 Porro

274 671 328 738 isti
343 670 515 738 seeundum
537 670 709 737 decennem
729 688 967 755 novennemque
981 664 1141 736 Anatolii¹
1162 672 1368 754 conputatum
1391 672 1448 734 aut

272 785 379 873 potius
402 787 492 852 iuxta
515 785 647 872 Sulpicii
673 784 796 851 Severi·
819 784 971 870 regulam,
996 785 1050 870 qui
1074 786 1116 850 84
1140 800 1294 888 annorum
1317 801 1445 850 cursum

274 901 455 988 descripsit,
485 907 599 986 quarta
620 901 744 968 decima
764 899 841 968 luna
863 921 935 968 aum
958 900 1061 968 Iudeis
1089 899 1236 987 paschale
1265 915 1445 966 sacramen·

272 1023 341 1084 tum
370 1016 544 1099 celebrant3
573 1036 644 1084 curn
670 1021 819 1084 neutrum
847 1015 997 1084 ecelesiae
1024 1015 1184 1083 &marrae
1210 1013 1375 1102 pontifices
1403 1015 1445 1081 ad

271 1131 445 1220 perfectam
468 1132 581 1200 calordi
602 1133 757 1200 rationem
773 1137 953 1218 sequantur.
990 1129 1051 1198 Sed
1067 1151 1126 1200 nec
1139 1126 1290 1198 Victorii¹
1311 1130 1446 1217 pascha·

271 1249 311 1316 lis
333 1248 478 1316 laterculi
500 1247 706 1333 curriculum,
738 1248 791 1332 qui
821 1250 887 1315 532
918 1267 1072 1315 annorum
1100 1247 1226 1314 manha
1254 1246 1444 1331 continetur,

271 1364 407 1450 posteris
423 1364 606 1430 sectandum
622 1364 837 1431 decreverunt.
909 1362 990 1432 Erat
1006 1383 1142 1448 namque
1165 1381 1263 1446 genus
1285 1362 1444 1448 quoddam

271 1479 481 1548 hereticorum
503 1485 580 1566 aput
594 1478 772 1564 orientales,
797 1479 881 1564 qnod
894 1477 1232 1546 tessareskaedecadite
1246 1484 1386 1562 vocatur,
1409 1478 1444 1545 id

272 1600 321 1663 est
343 1595 628 1682 quartadecimani,
658 1615 694 1662 eo
723 1595 807 1680 quod
836 1595 1098 1680 quartadecima
1126 1594 1202 1662 luna
1228 1613 1302 1660 cum
1327 1593 1444 1678 Iudeis,
1487 1673 1490 1679 Ι

272 1711 433 1780 Christum
455 1709 747 1808 blasphemantibus
770 1716 803 1778 et
822 1711 1010 1794 margaritas
1025 1709 1181 1794 euangelii
1194 1710 1259 1777 ritu
1273 1729 1444 1796 porcorum

272 1826 481 1911 calcantibus,
506 1826 641 1913 paschae
664 1826 909 1894 sollemnitatem
930 1832 1102 1913 peragunt3
1132 1831 1164 1894 ct
1186 1824 1244 1893 obl
1266 1825 1326 1892 boc
1347 1825 1444 1894 alieni

272 1963 292 2010 a
313 1942 407 2010 beata
428 1941 675 2010 orthodoxorum
690 1942 857 2010 sodalitate
872 1943 956 2010 inter
971 1943 1220 2010 scismaticomm
1235 1940 1446 2008 conciliabula

271 2056 438 2126 infeliciter
464 2063 670 2144 reputantem
707 2079 784 2144 quos
813 2059 942 2126 beatum
968 2059 1203 2142 Angustinnm⁰
1230 2059 1265 2124 in
1291 2056 1372 2124 libro
1402 2056 1444 2124 de

271 2174 444 2258 nonaginta
464 2173 626 2240 heresibus
649 2169 784 2260 scripto⁸
807 2193 1069 2242 commemorasse
1090 2174 1230 2242 memini.

360 2289 442 2356 Illud
465 2307 539 2356 vero
564 2309 660 2374 quam
682 2289 773 2357 valde
789 2311 809 2357 a
823 2289 885 2358 fide
900 2289 1054 2358 catholica
1069 2290 1228 2376 discrepat
1243 2293 1275 2355 et
1288 2287 1329 2355 ab
1344 2307 1444 2355 euan-

271 2404 373 2489 gelica
394 2404 564 2472 traditione
585 2404 758 2472 discordat:
784 2406 866 2490 quod
888 2407 973 2474 ultra
988 2403 1157 2473 Sebrinae⁴
1171 2403 1310 2470 fluminis
1324 2404 1445 2472 fretum

271 2520 478 2588 Demetarum
504 2521 692 2606 sacerdotes,
716 2521 755 2588 de
782 2521 908 2608 privata
926 2522 1057 2609 propria
1077 2521 1323 2588 conversationis
1348 2540 1444 2587 mun-

271 2635 352 2704 ditia
372 2635 561 2721 gloriantes,
584 2643 725 2704 nostram
750 2639 1002 2706 communionem
1024 2657 1214 2723 magnopere
1235 2635 1444 2702 abhominan-

271 2759 340 2836 tur,
364 2752 397 2818 in
420 2757 559 2838 tanturn,
588 2759 624 2820 ut
646 2773 704 2820 neo
726 2753 759 2818 in
783 2753 915 2822 ecclesia
942 2752 1104 2820 nobiscum
1133 2752 1310 2819 orationum
1337 2749 1446 2818 officia

272 2866 431 2934 celebrare
460 2887 519 2935 uec
547 2869 587 2934 ad
614 2888 757 2935 mensam
786 2868 926 2936 ciborum
953 2869 1073 2935 fereula
1094 2888 1152 2954 pro
1174 2867 1316 2934 cadtads
1337 2867 1445 2950 gratia

271 2985 392 3070 pariter
415 2983 577 3070 percipere
601 2984 778 3066 dignentur.
824 2983 907 3062 Quin
933 2985 1020 3050 inmo
1047 2984 1224 3066 fragmenta
1249 2981 1445 3050 ferculorum

271 3107 303 3167 et
325 3098 475 3184 reliquias
498 3099 663 3185 epularum
685 3099 848 3166 lurconum
871 3119 985 3166 canum
1007 3099 1138 3167 rictibus
1162 3104 1194 3166 et
1210 3097 1370 3166 inmundis
1386 3098 1443 3166 ds-

270 3214 426 3282 vorandas
449 3216 552 3302 porcis
576 3215 749 3300 proiciunt3
773 3215 900 3282 vascula
916 3221 1086 3300 quoquest
1102 3214 1191 3281 fialas
1207 3221 1263 3281 aut
1276 3214 1443 3282 harenosis

270 3330 474 3398 sabulonemd
497 3330 612 3414 glareis
635 3336 691 3397 aut
711 3330 806 3398 fulvis
826 3330 1006 3398 favillarum
1020 3329 1177 3398 cineribus
1193 3331 1351 3417 expianda
1364 3349 1444 3416 pnr-

269 3447 436 3532 gandaque
449 3447 637 3538 precipiunt.
673 3447 744 3514 Non
759 3446 908 3514 adutatio
929 3444 1060 3532 pacifica
1082 3445 1241 3531 prabetur,
1264 3466 1327 3513 non
1350 3465 1444 3514 oscu-

269 3560 335 3628 lnm
357 3562 430 3648 piae
458 3562 665 3629 fraternitatis
695 3561 841 3647 affamur,
871 3562 994 3628 dicente
1023 3560 1182 3648 apostulo:
1214 3562 1358 3628 Salutate
1384 3585 1444 3629 coa

268 3681 304 3743 ia
328 3680 432 3745 oscado
455 3675 589 3745 sonaci
636 3676 702 3744 Nec
724 3677 869 3744 manibus
892 3676 1064 3743 lomentum
1093 3681 1148 3742 cut
1170 3675 1256 3743 later
1278 3697 1350 3742 eum
1371 3698 1445 3744 ma·

269 3794 414 3877 nutergio
437 3793 602 3860 exhibetur
624 3812 726 3877 neque
745 3793 880 3880 pedibus
896 3792 935 3858 ad
950 3791 1108 3858 lavacrum
1126 3791 1243 3878 pelvis⁰
1259 3792 1443 3879 adponitur,

269 3928 341 3976 cum
366 3907 527 3992 Salvator,
556 3909 686 3974 sindone
715 3908 894 3995 precinctus
924 3907 1149 3994 discipulorum
1178 3907 1274 3992 pedes
1297 3906 1444 3993 abluens,

342 4072 363 4105 ι
380 4057 482 4104 Severini
492 4059 519 4105 V.
581 4057 604 4103 b.
620 4057 686 4106 abV.
748 4071 769 4104 c.
784 4058 972 4116 AugustinumV.
1037 4057 1060 4104 d.
1076 4057 1230 4106 sablonumV.
1294 4057 1399 4118 apulvis
1412 4060 1444 4107 V.

341 4164 365 4217 1.
388 4161 576 4230 Alexandrini,
595 4161 717 4231 episcopi
734 4161 911 4218 Laodicensis
930 4177 1001 4216 auno
1016 4162 1069 4216 270
1087 4159 1161 4216 faci.
1191 4160 1232 4216 cf.
1244 4161 1334 4216 ldelar
1345 4161 1444 4217 Hand·

268 4251 341 4308 buch
364 4251 413 4306 dor
437 4249 619 4318 Chronologie
642 4250 668 4304 Π
687 4252 748 4305 226.
856 4253 881 4305 2.
905 4249 1045 4318 Aquitani.
1078 4247 1119 4304 Of.
1143 4249 1230 4304 Ideler
1252 4250 1270 4304 l.
1288 4250 1306 4305 l.
1330 4266 1358 4320 p.
1375 4251 1443 4306 275.

268 4339 294 4395 3.
318 4339 492 4410 Augustinus
509 4339 544 4394 de
561 4337 720 4393 haeresibus
739 4354 763 4394 c.
776 4340 819 4409 29,
838 4337 908 4410 Opp.
921 4338 964 4393 ed.
978 4337 1149 4392 Benedictini
1161 4336 1346 4408 (Antvverpiae
1358 4339 1445 4407 1700)

268 4429 300 4484 T.
314 4428 380 4484 Vlll
397 4445 425 4499 p.
437 4431 463 4484 8.
553 4425 580 4482 4.
603 4425 707 4483 Sevcm
725 4426 752 4483 fl.
842 4430 868 4482 5.
891 4427 970 4483 Rom.
984 4427 1082 4496 16,16.
