3144 4852
291 257 355 324 loe
690 275 846 324 Armenes
868 274 1055 325 lummene

287 420 339 482 lus
368 411 450 482 dux¹
472 415 506 484 in
527 415 614 484 Rene
642 417 823 486 submersus
850 421 993 484 morlnne
1021 422 1077 484 esi
1168 416 1283 486 Poetee
1310 437 1369 484 rex
1390 416 1460 483 ibae

288 551 360 598 eum
382 533 523 600 exercitu
545 533 578 602 in
598 532 819 618 Lutheringos,
843 539 875 600 el
898 553 1007 600 omnes
1030 554 1086 601 suo
1108 534 1289 618 subingerit
1310 533 1458 619 imperio,

287 654 412 734 praeter
434 647 623 717 Meleneem⁸
646 644 857 737 episeopnm².
895 647 961 716 Nee
987 669 1052 716 non
1081 653 1113 718 el
1141 649 1240 716 freter
1268 649 1335 716 eine
1359 647 1458 716 Hein-

287 763 387 848 rieue‚
411 764 559 851 preieetie
582 765 694 850 armis,
719 765 805 833 venit
827 765 867 832 nd
890 785 971 832 eum.

769 1015 980 1024 n———-——-..—-

435 1207 718 1286 WILLIHELMI
745 1209 1008 1288 MOGUNTINI
1035 1209 1294 1286 MEMORIAE.

376 1367 452 1434 953.
475 1365 641 1452 Mogoneie
662 1367 773 1436 eiritee
797 1369 836 1436 ab
859 1369 974 1436 Oitene
996 1389 1070 1452 rege
1093 1368 1221 1436 obsessa
1242 1373 1301 1435 eet„

375 1484 450 1549 954.
474 1482 535 1550 Per
557 1483 627 1552 lone
649 1483 836 1552 Germaniae
859 1485 1043 1572 Galliaeque
1065 1485 1204 1572 plurime
1225 1491 1329 1552 terrae
1353 1489 1458 1550 molus

287 1618 420 1683 magnus
438 1599 545 1666 laetus
569 1605 625 1666 eel

374 1715 468 1784 Anno
497 1715 672 1784 dominicae
699 1717 926 1784 ineernetionie
953 1719 1035 1801 954,
1064 1717 1318 1801 indictionem,
1348 1715 1461 1784 bentee

286 1829 457 1898 memoriae
480 1831 614 1898 domnus
637 1830 845 1917 Frithnrieus,
868 1837 995 1901 sanetae
1018 1831 1283 1919 Mogontieeeneis
1306 1833 1460 1900 eeeleeiee

180 1960 269 2008 ocem
288 1945 557 2034 arehiepieeopne,
588 1951 607 2014 8
631 1945 700 2014 Kal.
725 1947 913 2015 Novembris
944 1951 1030 2017 obiit.
1122 1949 1243 2016 Eodem
1271 1969 1346 2015 rere
1376 1969 1461 2015 enno

287 2083 343 2147 ego
368 2061 592 2148 willihelmus,
622 2069 730 2130 tentae
758 2065 964 2132 successionis
992 2064 1157 2150 indignus,
1192 2064 1260 2132 loce
1289 2063 1356 2132 eius
1384 2085 1459 2130 enm

174 2191 230 2239 nee
240 2193 269 2238 17
286 2199 440 2245 censensu
463 2179 539 2246 cleri
562 2185 594 2248 el
615 2179 725 2266 pepuli
748 2180 888 2247 eiusdem
911 2187 1039 2248 eenolee
1062 2182 1146 2248 sedis
1165 2184 1204 2248 16
1220 2179 1289 2246 Kal.
1306 2180 1459 2264 Ianuarii,

285 2295 417 2380 ipseque
439 2294 490 2362 die
512 2315 591 2382 paee
612 2297 696 2363 inler
717 2315 824 2382 regem
846 2295 994 2363 Ollonem
1017 2304 1049 2364 et
1071 2297 1171 2364 filium
1194 2297 1262 2364 eine
1276 2296 1459 2363 Lindolfnm

175 2421 270 2469 neem
285 2409 379 2494 iente,
402 2410 435 2476 in
458 2411 526 2477 loeo
549 2411 720 2480 Arenetedi
744 2433 814 2478 enm
837 2413 970 2495 electum
994 2419 1027 2480 et
1047 2413 1081 2478 in
1105 2414 1126 2481 9
1149 2413 1219 2479 Kel.
1235 2413 1373 2480 lennerii
1389 2411 1459 2479 lle-

286 2527 413 2609 guntiae
435 2527 606 2596 ordinatus.

359 2689 380 2723 n
400 2675 510 2726 liniensis
527 2679 579 2726 ced.

359 2774 383 2828 1.
406 2773 632 2830 Lolhnrlensium.
721 2775 747 2828 2.
770 2771 972 2830 Adelberonem
986 2774 1008 2830 1.
