3142 4848
369 297 396 344 s.
414 297 591 345 normann
611 297 656 345 nr
678 295 781 344 uuum
802 295 989 345 srmnounn
1014 299 1024 344 1
1238 279 1282 346 29

108 457 253 504 normam
276 437 368 505 nobis
390 437 557 506 tradiderit
578 438 725 505 imitandi
748 439 870 506 dicens:
896 439 988 506 Sicut
1010 439 1150 526 spossus·
1163 440 1280 520 cotug
1300 443 1441 500 tto-⁷05

106 557 153 620 iaz
174 567 205 620 et
226 577 283 620 vos
295 556 400 640 facim
422 555 495 620 aliis
505 549 522 619 ¹.
567 553 629 621 Ast
650 575 736 638 vero,
759 555 787 620 si
810 553 943 640 quilibet
965 554 1003 621 ds
1025 555 1153 639 nostris,
1177 555 1211 620 id
1234 561 1283 622 est

106 667 287 754 catholicis,
323 669 364 737 ad
391 689 445 736 eos
475 668 639 737 babitandi
665 669 769 752 gratia
796 669 1011 756 perrexerint,
1040 691 1103 737 non
1126 671 1216 757 prius
1241 671 1281 736 ad

104 787 301 852 consortium
324 785 500 852 sodalitatis
524 805 599 852 suae
622 784 797 852 adsciscere
820 783 1000 868 dignantur,
1025 805 1120 870 qnam
1143 787 1281 870 quadra·

104 901 194 984 ginta
216 901 343 967 dierum
366 900 471 987 spatia
492 901 526 968 in
549 900 719 987 penitendo
740 919 892 986 peragere
915 900 1143 988 conpellantur.
1182 899 1225 968 Et
1246 901 1280 968 in

103 1015 162 1082 boc
184 1015 343 1084 hereticos
364 1016 533 1084 infeliciter
556 1017 731 1101 imitantur,
755 1017 810 1102 qui
832 1036 866 1084 se
888 1017 1044 1100 catharos,
1068 1016 1102 1083 id
1126 1021 1174 1084 est
1189 1035 1281 1083 mun·

102 1131 178 1216 dus,
207 1132 387 1218 nuncupari
416 1131 590 1198 voluerunt
637 1131 725 1213 Heu,
755 1135 813 1198 teu
842 1133 1026 1219 protentis
1055 1131 1213 1199 erroribus
1237 1167 1279 1178 -

100 1248 210 1334 potius
234 1266 329 1333 quarn
354 1271 443 1328 esca,
468 1271 546 1314 enac
568 1283 609 1294 -—
633 1246 954 1315 lacrimosisuocibus
970 1253 1002 1316 et
1016 1247 1192 1333 querulosis
1216 1247 1281 1313 sin·

100 1363 244 1446 gultibus
267 1363 444 1448 lugubriter
465 1363 722 1448 ingeminandum
743 1383 825 1431 reor.
916 1363 960 1430 Et
979 1367 1081 1430 totum
1096 1363 1156 1430 boc
1171 1367 1281 1430 mntra

100 1478 262 1564 euangelii
296 1484 447 1566 precepta
478 1479 650 1547 secundum
684 1477 907 1548 Phariseornm
948 1481 1058 1546 inanes
1092 1478 1279 1547 traditiones

99 1615 198 1680 agere
210 1601 394 1679 noscuntur,
412 1594 536 1662 Obristo
548 1596 701 1662 veraciter
716 1595 945 1683 adstipulante:
968 1596 1032 1662 Vae
1043 1597 1141 1677 codd,
1158 1596 1280 1661 scidae

99 1726 130 1778 et
152 1713 344 1793 Pharisaei,
370 1715 428 1798 qui
447 1713 622 1793 meamea,
648 1715 734 1799 qaod
746 1713 836 1798 foria
861 1724 906 1778 est
929 1713 1036 1778 codicia
1061 1725 1089 1777 et
1106 1711 1278 1798 pbarubsi·

99 1821 184 1894 dis'.
231 1825 314 1892 Nam
337 1826 493 1893 Dominus
523 1846 595 1894 cum
622 1825 800 1915 publicanis
828 1831 860 1895 et
886 1825 1105 1914 peccatoribus
1135 1824 1281 1892 convivia

1 1985 2 2042 ,
97 1942 281 2010 celebrasse
303 1937 513 2027 discribitur³,
542 1947 579 2009 ut
607 1963 699 2010 verus
728 1943 869 2010 medicus
896 1941 1072 2029 purulentis
1103 1943 1281 2008 animamm

97 2058 288 2126 vulneribus
316 2058 440 2126 diuinae
468 2059 595 2144 pietatis
623 2059 834 2126 medicamina
861 2064 894 2126 et
921 2058 1064 2126 caelestis
1093 2056 1279 2124 clementiae

1 2161 2 2172 ¹
97 2174 302 2260 cataplasma
323 2179 524 2260 conponeret.
567 2173 687 2242 idcirco
709 2180 909 2262 peccatorum
933 2175 1092 2240 consortia
1113 2173 1280 2240 Phariseo·

96 2311 177 2357 rum
193 2310 280 2357 more
294 2290 425 2356 minime
441 2289 590 2377 dispexit,
613 2290 667 2358 sed
682 2291 789 2378 potius
803 2289 891 2356 illam
906 2291 1124 2376 peccatricem,
1140 2288 1280 2376 pollutae

1 2431 2 2446 ¹
97 2408 191 2472 ritae
212 2405 338 2492 piacula
359 2405 535 2490 lugubriter
558 2405 723 2474 deflentem
744 2411 777 2474 et
792 2405 964 2472 dominicos
980 2406 1076 2492 pedes
1091 2405 1171 2472 breis
1187 2404 1280 2472 lacri-

97 2541 232 2588 marum
259 2519 414 2588 imbribus
443 2525 654 2589 umectantsm
689 2542 726 2590 ac
753 2521 864 2588 solutis
893 2527 926 2588 et
951 2520 1034 2588 laxis
1063 2521 1278 2588 cincinnorum

98 2637 247 2705 crinibus
280 2642 472 2722 tergentem,
512 2636 606 2704 solita
639 2637 807 2706 clementia
839 2637 1088 2705 misericorditer,
1118 2635 1279 2704 refocilatb

99 2755 229 2821 dicens:
255 2755 468 2822 Roaittuntm
489 2755 541 2820 titt
560 2769 689 2841 peccatu
710 2756 820 2835 multa,
846 2758 923 2841 quia
945 2755 1057 2820 dilectit
1076 2750 1234 2820 maltum‘.

193 2867 281 2948 Quae
308 2881 398 2936 cum·
427 2869 473 2936 ita
501 2889 535 2935 se
563 2869 714 2954 babeant,
750 2873 881 2956 propter
908 2888 1106 2936 communem
1135 2866 1278 2936 caelestis

99 2985 229 3072 patriae
251 2991 369 3052 sortem
393 2991 426 3053 et
448 2983 587 3069 angelice
609 2983 806 3052 sodalitatis‘
829 2984 994 3068 collegium
1018 2984 1161 3050 subnixis
1176 2984 1278 3071 preci·

100 3102 161 3168 bus
184 3105 218 3167 et
240 3099 331 3168 lienis
353 3101 526 3188 poplitibus
549 3107 687 3168 ruebam
710 3101 943 3168 fraternitatem
959 3099 1141 3168 adiurantes
1157 3099 1278 3187 suppli-

100 3217 182 3282 citer
204 3215 430 3300 efflagitamus:
460 3222 496 3284 ut
516 3217 650 3284 ulterius
673 3216 848 3284 doctrinam
872 3221 904 3284 et
926 3216 1055 3284 decreta
1084 3215 1168 3284 beati
1191 3214 1278 3282 Petri

101 3332 283 3398 contumaci
307 3332 411 3398 cordis
433 3332 601 3420 supercilio
624 3338 656 3400 et
677 3337 826 3419 protervo
854 3338 982 3419 pectore
1009 3351 1072 3399 non
1096 3331 1278 3399 abhomine-

100 3449 181 3514 mini
204 3454 239 3514 et
259 3447 464 3516 traditionem
486 3447 636 3516 ecclesiae
658 3447 818 3516 Romanae
845 3455 976 3535 propter
1002 3448 1109 3535 prisca
1136 3448 1278 3534 priorum

101 3569 224 3631 statuta
247 3569 425 3630 vestrorum
448 3583 663 3651 nequaquam,
692 3565 859 3650 tyrannica
880 3563 954 3631 ireti
976 3563 1162 3650 pertinacia,
1186 3563 1278 3630 adro-

100 3683 214 3762 ganter
239 3680 463 3765 aspernemini.
498 3679 611 3748 Petrus
632 3699 770 3766 namque
785 3679 845 3746 Dei
867 3678 968 3747 lilium
990 3679 1085 3746 beata
1106 3698 1182 3746 voce
1204 3699 1278 3746 con-

100 3795 202 3862 semus
226 3795 340 3863 audire
362 3796 492 3863 meruit:
520 3797 570 3863 Tu
593 3820 623 3863 ss
638 3799 764 3879 Petrae,
789 3811 818 3862 et
839 3819 935 3884 super
956 3797 1037 3863 buco
1051 3811 1175 3884 petram
1189 3799 1277 3863 aedi-

95 3913 200 3994 ficabo
225 3913 411 3978 aecclssicm
431 3935 548 3994 mecm,
580 3926 607 3979 st
632 3925 724 4000 poete
751 3913 873 3998 insumi
899 3935 964 3979 coa
988 3913 1197 4000 prevalebunt
1218 3914 1277 3978 ad·

100 4051 208 4094 emus
234 4049 321 4106 eam3
351 4041 381 4095 ct
409 4029 468 4094 tide'
494 4029 575 4094 dado
604 4029 704 4096 aava
727 4031 820 4116 repat
840 4029 998 4096 caelorum
1020 4048 1121 4114 usque
1143 4029 1279 4095 solertem

170 4219 192 4252 ι
214 4217 258 4252 vos
276 4205 304 4251 V.
383 4203 558 4252 breiocilatur
575 4207 601 4254 7.
681 4218 701 4252 c.
723 4217 773 4252 cnm
789 4223 831 4253 sm.
845 4205 872 4254 V.
951 4205 1121 4254 deubalitstis
1140 4205 1167 4254 V.

169 4312 195 4364 1.
221 4307 265 4364 ct
288 4307 382 4365 loban.
403 4309 446 4378 13,
465 4311 506 4364 15.
632 4311 659 4366 2.
682 4309 777 4366 blattb.
796 4309 840 4379 23,
858 4309 902 4366 25.
1026 4311 1052 4364 3.
1075 4307 1214 4378 Mache,
1234 4309 1276 4364 11.

101 4397 216 4454 tbuc.
232 4397 258 4466 7,
270 4397 316 4452 47.
