3024 4864
293 303 321 348 s.
337 301 513 349 sosrrsurr
534 302 580 348 nr
602 301 703 348 uuum
725 299 913 348 urrsuousu
937 301 968 347 os
1152 283 1216 348 169

139 441 327 509 confitemur
350 461 456 509 eoram
471 442 539 509 Deo
559 447 591 508 et
605 443 722 508 sanetis
738 441 873 526 augelis:
897 443 981 528 quia,
1004 442 1217 528 quandoaum-
1235 449 1375 506 744-747

63 579 113 644 que
138 560 379 646 prosperitatem
401 563 539 624 vestram
569 563 601 624 et
622 555 717 624 fidem
739 560 772 624 iu
794 558 863 625 Deo
887 563 919 624 et
942 579 1038 645 opera
1059 558 1142 625 bona
1164 579 1216 625 oo-

61 693 120 739 rnm
147 673 212 741 Deo
242 679 274 741 et
300 674 480 742 hominibus
508 694 565 760 per
594 673 722 740 nuntios
750 672 858 740 fideles
888 674 1092 758 audivimus·,
1122 674 1216 760 quod,

61 789 124 856 iude
143 790 314 874 gaudentes
338 796 371 858 et
391 811 449 876 pro
472 789 561 856 vobis
584 793 720 874 orantes,
747 789 823 856 laeti
846 791 965 874 gratias
987 791 1110 874 agimus
1132 789 1216 872 Deo;

59 906 244 992 postulantes
272 912 304 973 et
334 905 533 972 obsecrantes
557 905 746 973 salvatorem
770 906 895 990 mundi,
923 911 959 972 ut
980 925 1052 990 vos,
1082 906 1217 993 sospites

61 1026 87 1088 et
107 1021 139 1087 iu
159 1019 222 1089 fide
245 1021 373 1089 stabiles
397 1023 483 1090 etin
507 1021 654 1109 operibus
677 1041 782 1089 eorum
806 1021 874 1088 Deo
896 1027 1014 1106 rectos,
1042 1023 1076 1087 in
1098 1021 1217 1109 prinoi-

59 1143 126 1223 patu
147 1138 313 1204 christiani
335 1137 444 1224 populi
466 1137 559 1221 longo
582 1144 725 1224 tempore
748 1137 911 1204 custodiat
958 1137 1088 1216 Quando
1112 1143 1217 1204 autem

59 1253 153 1338 aliqua
167 1253 345 1322 dilectionis
360 1259 484 1320 vestrae
497 1255 624 1336 iniuria,
648 1253 687 1318 de
703 1259 789 1319 statu
802 1253 892 1336 regui
907 1253 1023 1320 vestril
1039 1254 1090 1320 vel
1105 1260 1218 1320 eventu

59 1369 199 1436 bellorum
223 1371 318 1454 faeta,
342 1377 406 1453 eut,
430 1371 513 1454 quod
535 1371 638 1436 maius
661 1374 719 1451 est
743 1369 782 1434 de
805 1369 906 1436 salute
924 1371 1049 1436 animae
1062 1369 1217 1457 periculo-

59 1507 118 1552 sum
139 1486 292 1553 damnum
314 1490 531 1573 perpetratum
552 1505 611 1572 per
629 1484 770 1550 auditum
787 1484 828 1551 ad
843 1505 900 1552 nos
916 1506 1015 1570 usque
1030 1487 1219 1573 pervenerit,

58 1621 168 1669 merore
191 1607 225 1670 et
248 1603 380 1668 tristitia
401 1621 459 1668 nos
483 1595 634 1681 oruoiat¹3
659 1601 734 1685 quia
756 1600 870 1684 gaudio
893 1608 1016 1668 vestm‘
1040 1603 1074 1668 in
1089 1602 1149 1669 Dei
1165 1622 1219 1668 vo-

59 1717 168 1785 luntate
190 1719 424 1802 congaudemus
447 1723 480 1785 et
502 1715 705 1784 adversitati*
728 1717 960 1784 oontristamur.

135 1835 328 1902 Audivimus
351 1835 446 1918 euim,
470 1833 553 1919 quod
576 1831 811 1900 elimosinarum
834 1832 972 1920 plurima
986 1834 1094 1901 lanias.
1128 1834 1172 1902 Et
1185 1834 1220 1900 in

58 1949 108 2016 hoe
132 1950 408 2036 congratulamur3
437 1949 525 2034 quia,
555 1949 608 2033 qui
632 1948 813 2015 elimosinas
835 1950 976 2016 minimis
997 1949 1148 2017 frutribus
1171 1951 1219 2016 iu·

58 2067 227 2150 ligentibus
257 2067 414 2149 tribuunt,
444 2067 533 2132 iuxta
560 2065 723 2131 veritatem
748 2065 962 2148 euangelicam
983 2066 1018 2132 in
1040 2066 1091 2133 die
1113 2067 1222 2134 iudioii

59 2182 237 2251 elementem
261 2183 450 2250 senteutiam
474 2202 494 2247 a
516 2180 653 2247 Domino
676 2181 813 2247 audituri
837 2187 925 2267 sunt,
955 2183 1092 2249 dicente:
1118 2183 1222 2265 Quam

59 2303 106 2365 dia
117 2302 248 2386 secabitis
271 2305 330 2366 uni
352 2323 389 2364 eo
410 2301 550 2364 minimis
556 2297 718 2383 fratribus
734 2302 820 2379 mma,
844 2294 1088 2385 mitifeeiatia¹,·
1110 2303 1220 2382 verita,

58 2415 215 2483 taediosi·
234 2419 343 2504 patna
365 2419 437 2496 mei,
456 2419 614 2502 percipite
634 2438 775 2501 reponam,
801 2417 887 2502 qaod
908 2417 995 2482 nodia
1011 2429 1164 2503 paratum
1179 2429 1224 2482 eat

60 2533 91 2597 ut
112 2537 237 2620 ors'qine
259 2525 398 2597 monuit
467 2529 655 2596 Audivimus
678 2550 816 2615 quoque:
841 2531 925 2615 quod
946 2531 1031 2598 furta
1054 2535 1087 2597 et
1106 2529 1222 2615 iniqui·

59 2653 142 2732 tates²
168 2647 317 2735 periuria
339 2650 371 2712 et
392 2646 522 2732 rapinas
543 2645 667 2712 fortiter
689 2645 868 2733 prohibeas,
891 2651 923 2714 et
945 2646 1091 2714 defensor
1112 2646 1222 2712 vidua·

59 2781 117 2828 rum
139 2769 171 2831 et
194 2781 376 2850 pauperum
399 2781 468 2828 esse
490 2761 673 2846 dinosceris,
697 2769 730 2828 et
750 2782 861 2849 paoem
884 2761 1057 2828 stabilitam
1076 2762 1111 2828 in
1125 2781 1222 2844 reguo

59 2883 103 2944 tuo
123 2879 256 2948 habeas.
291 2877 334 2944 Et
355 2879 389 2943 in
411 2877 470 2945 hoo
493 2897 627 2964 quoque,
649 2877 814 2944 laudantes
837 2878 950 2963 Deum,
973 2878 1074 2962 gavisi
1097 2897 1221 2959 sumus3

59 2995 122 3078 quia
147 2998 223 3084 ipsa
253 2995 372 3062 veritas
400 2999 432 3060 et
458 3015 521 3080 pax
550 2998 673 3077 nostra,
703 3014 784 3078 quae
809 2994 873 3062 est¹
895 2993 1054 3079 Christus,
1083 2993 1220 3060 dicebat:

59 3111 142 3178 Beati
160 3113 322 3200 pamfleifl
348 3114 498 3196 quoniam
513 3111 582 3194 filii
603 3111 669 3176 Dei
690 3105 910 3176 vocabantur⁴.

136 3226 200 3294 Sed
223 3229 310 3293 inter
332 3225 427 3292 haee*
450 3245 513 3292 uua
534 3225 637 3292 malae
661 3225 889 3292 aestimationis
911 3226 997 3292 fama
1019 3225 1057 3292 de
1075 3225 1142 3292 vita
1156 3225 1223 3312 pie·

58 3342 123 3409 tatis
137 3349 269 3410 vestrae
284 3341 324 3407 ud
340 3341 483 3408 auditum
498 3346 641 3407 nostrum
656 3343 810 3428 pervenit,
834 3361 897 3427 qua
911 3341 1029 3424 audita,
1046 3341 1223 3408 contristati

58 3478 164 3525 sumus.
201 3459 249 3526 Et
271 3456 360 3523 illam
383 3461 529 3544 optamus
552 3477 615 3523 non
637 3456 736 3524 fuisse
758 3477 876 3524 veram.
911 3456 1020 3524 Multis
1044 3458 1128 3524 euim
1149 3477 1223 3523 nar·

57 3575 200 3660 mutibus,
226 3577 415 3660 conpertum
439 3578 487 3639 est
501 3571 606 3639 uobis:
632 3574 714 3658 quod
730 3593 903 3659 numquam
917 3574 1092 3657 legitimam
1106 3574 1140 3640 in
1155 3593 1222 3640 ma-

58 3691 234 3759 trimonium
257 3709 389 3756 uxorem
404 3687 558 3756 duxisses.
594 3684 699 3767 Quod‘
715 3711 735 3756 a
749 3689 875 3756 domiuo
890 3688 958 3755 Deo
974 3689 1097 3776 abipso
1113 3689 1223 3755 mundi

58 3807 223 3887 primordio
249 3807 456 3872 coustitutum
479 3811 536 3889 est,
560 3810 596 3871 ut
617 3825 675 3891 per
699 3805 874 3892 apostolum
898 3804 959 3872 Dei
975 3804 1109 3872 Paulum
1132 3825 1223 3892 prae-

119 4059 139 4092 ι
160 4045 270 4093 audimus
288 4048 314 4094 C.
377 4043 400 4090 b.
420 4045 466 4092 vim
482 4047 517 4100 M,
534 4044 557 4090 vi
574 4047 599 4100 ι’,
616 4043 679 4092 viV.
742 4057 761 4090 e.
781 4046 860 4092 noatm
878 4048 911 4092 M.
974 4045 996 4091 d.
1018 4044 1154 4092 adversitate
1166 4045 1223 4092 MV.

60 4137 77 4170 ι.
92 4130 187 4187 aquia
203 4139 280 4186 usque
300 4123 380 4172 muudi
396 4127 418 4170 in
435 4126 492 4172 MV.
570 4124 585 4170 l.
607 4141 649 4171 om.
667 4127 693 4172 C.
770 4137 792 4182 g.
812 4124 902 4184 pacifici
922 4137 995 4184 usque
1010 4123 1150 4171 venabuntur
1166 4125 1224 4172 MV.

60 4201 79 4249 b.
95 4223 133 4252 on.
147 4207 208 4255 MV.

120 4315 145 4366 1.
162 4327 203 4367 se.
216 4309 317 4365 minda
329 4309 374 4364 rel
386 4307 524 4363 damnum.
596 4309 622 4362 2.
641 4305 737 4364 Matth.
749 4309 792 4378 25,
804 4309 849 4364 40.
920 4309 946 4363 3.
966 4306 1007 4364 cf.
1020 4305 1115 4362 Matth.
1125 4308 1169 4378 25,
1179 4307 1222 4362 34.

62 4397 232 4470 thano,
247 4400 273 4453 9.
365 4399 391 4453 5.
415 4396 625 4453 matrimonium·
