3024 4864
271 257 337 324 250
516 273 542 320 s.
559 273 738 322 normann
759 273 803 319 ur
825 271 929 319 nuuur
949 271 1137 319 sumnonem
1161 270 1207 316 roo

111 425 253 480 tao-755
359 414 453 481 Dona
480 435 517 482 ac
544 413 668 482 libellos
696 411 898 480 dulcissimae
927 412 1131 480 beatitudinis
1159 416 1282 478 vuemo
1309 431 1330 476 a
1356 409 1440 476 robis

270 533 391 598 directa
423 533 562 614 gratanti
597 533 702 598 animo
736 530 910 614 gaudentes
945 529 1151 616 suscepimus,
1200 527 1371 614 Suspensis
1404 526 1442 591 ad

271 647 379 714 ethera
400 647 515 734 palmis
540 666 712 733 supernum
734 665 841 730 regem
871 644 1121 728 obsecravimus,
1149 650 1186 711 ut
1211 643 1300 710 vobis
1329 642 1365 707 iu
1393 661 1442 708 su-

270 783 370 851 perna
404 763 604 846 augelorum’
628 763 722 829 ‘ouda
755 761 901 828 florentia
934 760 1088 827 mercedis
1116 761 1259 846 praemia
1286 759 1442 824 restituat

270 876 363 945 Modo
395 884 501 944 autem
530 879 707 945 sanctitatis
735 883 858 944 vostrae
881 876 1082 943 clementiam
1105 875 1226 941 intimis
1247 873 1444 960 postulamus

271 994 429 1082 precibus,
452 999 489 1059 ut
509 1014 568 1080 pro
592 993 682 1060 nobis
705 993 921 1060 laborantibus
945 996 977 1059 et
999 991 1251 1078 periclitantibus
1273 992 1377 1078 pietas
1394 1011 1444 1057 ve-

271 1115 338 1176 stra
367 1129 499 1177 exorare
529 1110 694 1193 dignatum
731 1109 806 1194 quia
835 1107 964 1192 mandis
994 1107 1084 1175 nobis
1114 1107 1283 1174 necessitas
1311 1107 1446 1174 inminet

270 1227 426 1293 iustorum
450 1225 651 1292 adiuramina
673 1231 838 1311 expetere3
862 1224 938 1309 quia
960 1225 1114 1311 scriptum
1138 1228 1203 1290 ost:
1228 1224 1367 1290 Multum
1388 1247 1444 1288 ou-

272 1344 314 1409 lct
347 1345 525 1430 deprecatio
559 1345 638 1408 iusti
668 1345 806 1407 odeum
814 1337 831 1404 ¹.
882 1339 1042 1406 Enarrare
1078 1345 1184 1406 autem
1214 1339 1323 1404 omniu
1351 1337 1446 1421 mula,

272 1476 352 1542 quae
379 1478 437 1523 nos
467 1457 663 1523 extrinsecus
692 1461 724 1522 et
746 1457 934 1523 intrinsecus
956 1456 1111 1542 patimur,
1140 1453 1320 1541 epistolaris
1343 1454 1447 1522 brevi·

271 1571 340 1639 aas*
363 1571 518 1659 prohibet.

360 1687 453 1754 Modo
477 1688 562 1754 onim
585 1687 742 1753 inhianter
765 1686 997 1754 desiderantes⁰
1019 1685 1210 1771 flagitamus,
1232 1692 1269 1753 ut
1290 1685 1382 1753 nobis
1406 1685 1448 1752 ad

270 1803 420 1888 gaudium
443 1805 576 1871 meroris
599 1804 701 1869 nostri
723 1823 760 1869 eo
783 1803 888 1887 modo,
912 1823 973 1887 qno
996 1806 1029 1869 et
1051 1808 1124 1870 ants
1145 1803 1211 1868 iam
1233 1803 1364 1886 lecistis,
1389 1801 1448 1869 ali-

271 1941 365 2005 quam
387 1920 576 2007 particulam
600 1919 650 1986 vol
673 1917 842 1984 scintillam
865 1918 904 1985 de
919 1917 1051 1985 candela
1066 1918 1244 2002 aecclesiae,
1268 1917 1383 2004 quarn·¹
1398 1919 1449 1984 in-

270 2036 352 2102 luxit
376 2035 515 2122 Spiritus
543 2039 671 2100 sanctus
700 2035 733 2100 in
763 2034 943 2117 regionibus
971 2033 1153 2120 provinciae
1181 2039 1324 2118 vestrae,
1352 2033 1450 2101 nobis

271 2151 430 2218 destinare
453 2151 584 2231 curetis;
610 2150 643 2216 id
666 2155 728 2216 est:
753 2155 788 2216 ut
810 2151 849 2217 de
871 2148 1068 2234 traotdibus,
1093 2170 1171 2234 quos
1186 2150 1340 2236 spiritalis
1356 2170 1450 2236 pres-

270 2267 353 2334 biter
384 2273 415 2333 et
444 2265 652 2350 investigator
684 2270 863 2332 sanctarum
899 2264 1128 2350 seripturarum
1156 2265 1244 2333 Beda
1274 2266 1452 2333 reserando

271 2385 446 2471 conposuit,
463 2387 587 2471 partem
604 2381 864 2467 qualemcumque
874 2381 1090 2448 transmittere
1101 2381 1289 2465 dignemini3
1305 2385 1453 2450 maxime

274 2505 395 2584 autem,
427 2501 455 2565 si
482 2499 550 2564 foro
578 2499 743 2584 possit-
768 2495 851 2582 quod
873 2495 964 2563 uobis
988 2497 1244 2583 praedicantibus
1265 2498 1393 2565 babile‘
1418 2506 1454 2567 et

272 2615 420 2682 manuale
445 2619 477 2682 et
499 2613 685 2680 utillimum‘
709 2632 777 2679 esse
798 2612 924 2678 videtur
941 2647 983 2658 -—
1000 2632 1095 2700 super
1117 2613 1338 2681 lectionarium
1356 2617 1455 2681 auni-

271 2727 467 2800 versarium¹
492 2736 525 2796 et
545 2729 713 2817 proverbia
729 2722 931 2794 Salomonis.
968 2727 1049 2806 Quia
1070 2729 1334 2797 commentarios⁸
1351 2750 1456 2818 super

271 2847 328 2914 illa
350 2853 422 2916 'eum
447 2845 625 2913 condidisse
649 2843 834 2910 audivimus.

360 2963 446 3030 Inter
470 2983 507 3030 ea
529 2961 670 3027 maxima
691 2981 749 3026 nos
773 2961 859 3043 cogit
880 2961 1068 3045 necessitas,
1097 2962 1195 3028 vestri
1218 2959 1343 3027 consilii
1364 2962 1457 3028 iudi-

270 3081 353 3145 cium
378 3079 546 3162 inquirere.
582 3076 663 3143 Nam
687 3077 762 3142 dum
786 3077 934 3142 invenero
949 3076 1160 3163 presbiterum
1175 3079 1238 3144 iam
1255 3084 1329 3144 aute
1344 3079 1460 3146 multa

270 3200 414 3280 temporo
440 3192 566 3279 lapsum
594 3193 629 3258 iu
657 3191 896 3260 fornicationem
921 3229 962 3238 -
987 3193 1039 3260 otl
1060 3198 1134 3280 post
1159 3193 1394 3280 poenitentiam
1418 3196 1460 3262 in

271 3308 409 3376 officium
432 3308 548 3392 maduo
577 3309 626 3374 sui
655 3307 827 3374 aFrancis
855 3309 970 3374 iterum
1000 3308 1165 3376 restitutus
1195 3316 1258 3394 cst,
1288 3316 1322 3376 et
1351 3331 1460 3396 nuno,

270 3425 416 3492 babitans
445 3424 479 3490 in
507 3423 663 3489 latissimo
686 3442 768 3509 pago
792 3423 945 3492 fideliumi
969 3425 1024 3491 sed
1048 3425 1220 3491 errantium
1242 3425 1462 3514 populorum,

271 3541 339 3608 sine
363 3541 434 3606 aliis
457 3539 673 3606 sacerdotibus
697 3538 782 3605 solus
805 3539 968 3605 ministrat
989 3540 1199 3626 baptismum,
1228 3546 1261 3607 et
1289 3540 1465 3611 solemnia

272 3657 441 3723 missarum
464 3654 624 3722 celebrans
649 3692 690 3702 —
714 3655 808 3722 modo
831 3661 948 3740 autem,
972 3655 1000 3722 si
1023 3656 1120 3723 talem
1143 3657 1314 3723 secundum
1337 3657 1465 3728 iustis-

270 3773 367 3838 simos
396 3791 531 3838 canones
560 3770 734 3854 abstulero,
768 3773 942 3837 morientur
977 3772 1045 3838 sine
1079 3791 1168 3839 sacro
1197 3773 1467 3857 regenerationis

270 3887 357 3954 ionte
380 3887 516 3954 infantes
539 3893 669 3974 propter
691 3887 854 3954 raritatem
877 3887 1085 3971 sacerdotum,
1109 3889 1138 3955 si
1159 3887 1323 3956 meliorem
1340 3889 1384 3956 ad
1402 3913 1469 3961 re-

343 4105 364 4138 a
386 4091 504 4149 anglorum
520 4095 555 4137 M.
654 4091 676 4138 b.
698 4091 799 4137 brebltus
818 4093 845 4138 V.
943 4105 963 4137 c.
984 4091 1141 4138 desideranter
1157 4096 1191 4139 Μ.
1289 4094 1312 4140 (1.
1333 4109 1411 4154 quem
1436 4103 1470 4149 c.

272 4185 291 4218 e.
312 4171 371 4218 abile
390 4172 418 4216 V.
488 4171 504 4217 1.
525 4174 559 4218 sio
576 4171 646 4218 codd.
708 4183 730 4228 g.
750 4171 931 4218 commendatius
949 4173 976 4218 V.
1038 4169 1061 4217 h.
1084 4172 1107 4217 et
1122 4189 1166 4218 om.
1183 4175 1217 4218 M.
1283 4174 1401 4224 eanum
1427 4187 1473 4230 Ι,

344 4277 368 4329 l.
393 4273 581 4344 laoob.5,16.
653 4275 679 4328 2.
704 4275 721 4328 i.
735 4289 759 4328 e.
777 4275 870 4329 Bodas
888 4275 1021 4344 homilias,
1040 4289 1111 4343 quae
1128 4278 1256 4347 leguntm
1273 4279 1302 4333 in
1319 4292 1390 4349 opp.
1411 4285 1472 4342 ed.

271 4359 347 4420 Gilas
359 4363 392 4418 T.
402 4363 436 4419 V.
485 4363 510 4417 3.
530 4360 617 4433 Super
629 4361 775 4432 parabolas
788 4362 949 4434 Salomonis,
963 4363 1056 4419 Bedae
1068 4379 1131 4435 opp.
1144 4365 1187 4421 ed.
1200 4365 1276 4422 Giles
1288 4365 1329 4420 1x
1338 4367 1377 4422 53
1389 4385 1472 4445 κῃ
