3024 4864
296 303 516 352 asomum
536 305 581 351 en
603 305 706 352 annm
728 303 916 353 rannessa
940 305 985 351 102
1160 287 1226 354 253

78 439 147 512 102.
166 444 353 530 Bonifatius
378 442 541 513 (immuto
571 447 795 514 crctidaucouo
820 446 980 527 Romano,
1010 469 1043 512 se
1071 447 1226 513 deadao'o

165 563 231 626 aaa
254 565 367 642 torci,
392 561 528 628 seam
864 560 900 642 (S
920 564 969 644 18,
993 559 1032 628 W
1048 563 1102 646 97,
1125 561 1226 644 Ges)

143 691 407 760 Reverentissimo
431 698 463 761 et
485 694 690 762 dilectissimo
712 693 777 760 lilio
795 689 983 761 lammulc'¹
1007 695 1226 760 archidiacono
1244 703 1386 759 lle-res

70 805 233 874 Boniiadns
262 811 393 892 exigam
422 821 548 876 servus⁸
571 831 735 878 servorum
758 810 819 877 Dei
847 809 1013 879 amabilem
1043 811 1078 876 in
1100 809 1225 877 Christo

70 927 201 990 acmes
224 925 366 992 omues
390 925 534 992 salutem.

143 1039 226 1127 Sepe
248 1041 434 1127 spiritaliter
456 1043 570 1108 caritas
594 1041 706 1125 iungit,
731 1061 809 1125 quos
832 1041 1039 1128 corporaliter
1060 1041 1155 1125 longa
1176 1043 1226 1108 in·

67 1155 271 1242 tercepedine⁴
299 1153 479 1240 disiunglt¹.
525 1155 569 1223 Et
601 1157 680 1224 haec
706 1177 770 1222 non
799 1157 933 1223 minima
960 1157 1225 1243 peregrinationis

64 1289 184 1337 emmne
207 1291 277 1339 esse
299 1273 488 1340 dinoscitur:
519 1270 603 1357 qnod
626 1271 745 1338 amicus
769 1272 921 1356 amicum,
946 1293 1039 1358 quem
1063 1273 1226 1340 ardenter·

65 1385 168 1471 diligit,
197 1387 292 1472 longe
315 1388 507 1455 disiunctum
528 1387 629 1454 tristis
653 1393 686 1454 et
707 1406 832 1454 merone
855 1395 1026 1470 memorat,
1055 1393 1088 1455 et
1115 1389 1226 1455 adver-

63 1509 174 1569 santem
197 1503 364 1570 inimicum
386 1525 495 1592 prope,
518 1503 739 1571 tribulatorem
755 1508 787 1570 et
801 1503 967 1570 molestum
985 1503 1153 1571 difficulter
1168 1523 1224 1590 pa-

64 1617 138 1684 titur.
185 1618 317 1686 Utinam
352 1627 400 1705 te,
433 1621 548 1704 freter,
583 1619 846 1706 peregrinationis
875 1617 969 1684 huius
997 1618 1224 1686 consolatorem

62 1752 149 1819 prope
171 1735 324 1820 habeam,
351 1741 407 1802 tuo
430 1741 538 1803 saneto
561 1735 692 1802 consilio
714 1740 801 1818 utar,
826 1734 1038 1802 consolatione
1061 1735 1225 1820 gaudeam,

61 1856 181 1935 aspectu
205 1871 279 1917 care
301 1851 393 1918 faciei
414 1851 515 1918 laeter
537 1858 569 1919 et
591 1857 701 1918 sancta
723 1851 941 1917 exhortatione
955 1849 1088 1917 reficiar.
1164 1850 1226 1918 Sed

61 1963 208 2047 quiahoc
230 1965 301 2033 fieri
323 1967 416 2052 vitae,
440 1967 583 2034 mortalis
607 1966 705 2033 vitae'
727 1965 868 2033 condicio
890 1971 922 2032 et
940 1987 1045 2033 rerum
1065 1967 1146 2033 ratio
1161 1988 1226 2033 non

59 2083 220 2167 permittit,
242 2083 339 2150 faust
359 2103 436 2150 vera
457 2084 573 2149 ceritas
595 2082 698 2150 solum
722 2087 754 2149 et
775 2083 961 2166 maximum,
985 2083 1069 2168 quod
1083 2083 1226 2150 coneedit

59 2199 86 2261 et
104 2198 250 2284 precepit
264 2197 351 2265 Deus
374 2198 521 2266 dicendos
547 2199 614 2265 Hoc
638 2213 682 2265 aot
702 2213 905 2286 praeceptum
920 2221 1033 2280 meam,
1057 2213 1092 2266 oo
1107 2201 1224 2286 diliqu-

58 2315 92 2377 c'o
111 2309 266 2381 inaioem⁸
290 2320 322 2381 et
343 2319 457 2382 cetera.
492 2314 588 2381 Amet
610 2315 642 2380 in
666 2313 734 2380 Deo
758 2314 912 2380 veraciter
936 2314 1108 2399 absentem,
1133 2335 1225 2400 quem

57 2429 261 2513 corporaliter
282 2435 481 2515 praesentem
508 2436 617 2496 tenere
644 2430 762 2515 nequit.
809 2429 868 2513 Et,
899 2429 981 2497 sieut
1009 2435 1135 2497 sanctus
1159 2431 1226 2498 Au·

57 2545 196 2625 suenus
228 2545 325 2628 dixit,
354 2545 430 2613 licet
456 2567 537 2612 unus
568 2547 611 2612 sit
638 2545 672 2611 in
695 2546 815 2612 oriente
838 2551 871 2611 et
893 2545 973 2612 alius
997 2547 1031 2612 in
1054 2545 1225 2631 occidente,

55 2660 271 2743 conglutinata
292 2661 423 2728 carimte
445 2681 618 2746 numquam
640 2662 680 2727 ab
703 2661 839 2727 invicem
862 2658 1083 2748 separantur⁴3
1109 2668 1141 2729 st
1162 2663 1225 2729 sal-

56 2779 138 2842 rator
161 2775 291 2842 mnndi:
316 2777 357 2843 Ia
379 2779 437 2843 too
459 2790 643 2864 eopnoeeont
664 2797 764 2862 nsque
780 2780 824 2844 ad
837 2775 1000 2845 invicem‘.
1035 2777 1120 2861 Ergo
1135 2778 1226 2844 iuxta

55 2887 209 2976 Iacobum,
227 2893 282 2978 qui
296 2891 392 2960 dixit:
412 2894 524 2960 Oratio
531 2895 614 2978 fidei
626 2895 762 2960 salvabit
775 2890 963 2978 iufirmcm⁶,
980 2897 1012 2961 et
1023 2899 1097 2980 poet
1108 2913 1223 2980 pauca:

55 3006 147 3076 Orode
164 3031 234 3097 pro
256 3011 400 3091 indicano,
424 3023 459 3076 ac
480 3005 672 3090 adoominiss
697 3029 822 3076 oremus
846 3029 904 3096 prc
927 3009 1080 3093 invicem,
1104 3016 1141 3076 nt
1163 3009 1225 3076 sal·

54 3141 158 3191 vemur
182 3129 217 3191 et
240 3123 342 3211 pietas
357 3124 497 3210 Domini,
522 3145 601 3210 quae
624 3145 682 3191 nos
705 3125 739 3192 in
757 3129 844 3192 terra
858 3127 1028 3214 separavit,
1052 3126 1225 3210 gaudentes

53 3237 82 3305 in
102 3240 267 3309 caelorum
291 3239 427 3309 eulmine
449 3248 626 3326 congreget.

117 3459 139 3492 ι
160 3463 193 3492 ιε
211 3448 240 3492 Μ
254 3445 387 3501 89-895,
410 3445 572 3502 ctos-ll,
592 3447 614 3492 V
626 3446 723 3493 9-9o.
750 3449 855 3494 branc:
875 3447 930 3493 Item
948 3445 1045 3506 epistola
1060 3446 1172 3494 Bomtsdl
1188 3461 1223 3494 u·

53 3519 192 3586 misplacopi
208 3525 289 3572 MCV.
375 3523 397 3571 b.
419 3543 476 3572 corr.
492 3529 515 3572 ia
531 3525 649 3572 Gemmulo
667 3529 693 3574 C.
778 3539 798 3572 e.
819 3543 862 3572 om.
879 3529 914 3573 M.
997 3525 1020 3572 d.
1043 3543 1098 3574 corr.
1114 3527 1137 3573 ta
1154 3527 1223 3574 inter·

51 3603 132 3662 wella
150 3607 180 3653 C.
261 3617 281 3651 a.
302 3605 443 3664 amicumque
459 3605 576 3652 erdem
592 3607 627 3653 M.
704 3605 721 3652 1.
743 3606 803 3652 ritae
819 3607 915 3652 dolesum
931 3613 965 3653 est
979 3609 1003 3652 ia
1020 3609 1046 3653 C.

115 3709 143 3762 1.
168 3723 193 3762 s.
212 3706 373 3779 Gemmul03
392 3723 418 3764 v.
437 3723 480 3778 ep.
493 3711 529 3764 53
546 3713 575 3764 et
592 3709 628 3764 51
645 3724 729 3778 supra
745 3723 773 3778 p.
789 3709 840 3764 154
852 3712 881 3763 ct
894 3709 954 3765 156.
1027 3711 1052 3764 2.
1078 3707 1119 3764 Gt.
1139 3709 1223 3766 inira:

53 3801 98 3864 ,et
119 3798 216 3868 pietas
239 3796 364 3866 Domini,
391 3811 463 3866 quae
490 3812 540 3854 noa
563 3797 592 3854 in
614 3803 689 3854 terra
711 3797 881 3868 separasset
988 3800 1014 3854 3.
1042 3783 1223 3868 10111512.

51 3884 73 3939 l.
95 3883 276 3956 Augustinus
294 3885 323 3940 iu
342 3885 500 3955 appendicis
518 3901 599 3942 serm.
613 3888 674 3958 107,
698 3891 780 3942 antea
798 3901 878 3942 serm.
897 3886 932 3940 de
950 3891 1073 3956 tempore
1090 3888 1134 3958 42,
1154 3887 1222 3957 Opp.

51 3973 90 4028 od
106 3973 286 4030 Benedictini
304 3973 496 4043 (Antwarpiae
508 3974 594 4040 1700)
612 3975 646 4030 T.
659 3975 683 4032 V
698 3977 762 4030 136:
783 3975 913 4046 ,etiamsi
931 3991 1001 4030 unus
1019 3976 1055 4030 sit
1073 3975 1101 4031 in
1119 3977 1224 4032 oriente

53 4061 115 4117 alm
136 4065 167 4118 in
187 4062 348 4132 occidente,
371 4062 411 4118 ita
431 4062 545 4118 caritate
562 4063 768 4133 conglutinante
785 4064 948 4134 iunguntur,
972 4067 1170 4133 utrumquem
1189 4064 1224 4120 ab

51 4150 163 4208 laricem
184 4151 379 4221 separenturr“.
462 4151 488 4206 5.
512 4149 689 4222 loh.13,35:
710 4152 763 4223 ,In
781 4151 833 4207 hoc
852 4157 1020 4223 cognoscent
1038 4167 1141 4222 omnes,
1160 4153 1225 4222 quia

52 4235 174 4308 discipali
186 4240 242 4295 mei
254 4239 330 4310 estis,
343 4239 367 4294 ai
379 4237 552 4296 dilectionem
563 4238 713 4298 habueritis
726 4240 761 4296 ad
773 4241 890 4296 invicem
898 4239 921 4296 ⁴⁴.
994 4241 1020 4298 6.
1038 4240 1130 4297 Iacob.
1143 4241 1168 4310 5,
1180 4241 1223 4296 15.
1268 4280 1269 4284 ,

52 4325 74 4380 ’1.
95 4327 191 4384 laceb.
206 4329 288 4397 5,16.
