3176 4846
298 291 364 356 642
500 307 581 356 vura
602 305 758 356 anuonnr
779 305 1042 356 anonmmeoonr
1063 303 1259 356 uoonsnnu

175 457 244 512 1159
297 448 468 516 uindictam
497 447 734 516 malefactorum
761 447 888 514 landem
915 467 991 514 uero
1018 446 1172 514 bonorum
1201 467 1241 514 ex
1264 445 1373 512 diune
1395 463 1467 530 pro·

129 533 181 578 ⁸¹²*
195 531 417 630 ⁰⁰⁰·²⁵visione
444 565 600 648 gerimus,
630 563 664 628 in
691 563 843 628 ceruicem
871 563 1043 649 impiorum
1066 567 1098 629 et
1117 561 1359 628 malefactorum
1380 560 1467 628 dose-

297 680 382 747 vire·
406 680 584 766 oportebat;
614 680 676 745 nisi
700 677 784 766 quod
806 698 845 744 ex
868 679 1073 765 persuasione
1095 677 1290 764 principum,
1313 675 1372 744 ne'
1396 697 1468 762 pro-

297 797 409 882 eipites
433 794 606 880 videamur,
629 795 712 860 tanti
734 793 861 862 sceleris
884 795 1097 880 expiationem
1120 799 1153 862 et
1174 793 1304 877 dignam
1319 791 1468 860 emenda·

297 912 415 979 tionem
442 917 580 978 vestram
609 915 820 997 expectamus.
910 908 1073 992 Preterea,
1102 931 1143 976 ne
1165 909 1241 995 quid
1263 908 1305 976 ad
1327 907 1467 976 dolorem

298 1027 436 1111 deesset,
464 1029 549 1094 unde
576 1033 643 1094 tam
665 1031 775 1094 nostra
796 1045 891 1110 quam
914 1026 1053 1094 omnium
1076 1025 1300 1094 catholicorum
1321 1024 1468 1092 uoluntas

298 1149 409 1210 contra
430 1163 486 1209 vos
510 1143 623 1210 merito
646 1141 792 1210 succendi
816 1140 938 1226 debeat,
962 1142 1099 1208 erarium
1123 1141 1234 1208 domus
1249 1135 1326 1225 Dei,
1348 1141 1468 1225 inquo

298 1265 407 1325 sancta
429 1264 611 1326 sanctorum
633 1263 724 1326 erant
745 1257 918 1341 recondite,
941 1258 974 1323 in
998 1277 1059 1342 quo
1082 1261 1258 1324 sternutus
1273 1255 1397 1344 templi,
1420 1257 1468 1322 ri-

298 1373 413 1441 delicet
437 1373 537 1460 pallia
563 1394 663 1461 cappe
690 1372 834 1460 plenarie
861 1378 1043 1458 vestesque⁰
1072 1373 1281 1442 sacerdotales
1309 1379 1342 1440 at
1363 1379 1470 1440 cetera

298 1488 393 1556 rusod
415 1490 585 1556 ministerii
607 1489 735 1555 Domini
759 1492 850 1554 erant
871 1489 1020 1574 reposita,
1044 1495 1167 1556 armata
1180 1509 1276 1556 manu
1290 1489 1468 1575 irrupistie;

298 1613 331 1673 et
353 1606 502 1672 universa
530 1625 586 1690 per
614 1606 796 1690 pavimenta
818 1603 949 1671 ecclesie
971 1605 1201 1692 dispergentes,
1230 1604 1468 1672 tabernaculum

298 1722 359 1789 Dei
381 1721 448 1788 suis
470 1722 674 1806 operimentis
698 1719 879 1788 denudastis
902 1719 1044 1786 violastis
1068 1727 1100 1788 et
1114 1721 1362 1788 contaminastis.
1426 1720 1471 1786 Ut

299 1843 404 1906 autem
428 1838 467 1904 de
489 1837 605 1904 divinis
629 1836 670 1903 ad
691 1835 830 1904 humana
852 1835 1093 1920 descendamus,
1123 1837 1200 1903 huo·
1224 1837 1362 1904 accedit:
1385 1835 1471 1922 qnod

297 1954 405 2040 ipsum
427 1953 626 2020 carissimum
649 1953 825 2038 principem
850 1957 1001 2034 cosmum,
1026 1952 1188 2020 dominum
1211 1958 1244 2020 et
1261 1953 1470 2039 archicpisco-

297 2090 375 2156 pum
403 2075 560 2151 vestrum,
591 2089 647 2135 suo
676 2072 841 2154 potentatu
869 2087 987 2153 suoque
1011 2066 1175 2136 dominatu
1196 2069 1365 2136 temerario
1388 2089 1470 2136 auru

298 2191 404 2252 vestro
432 2184 597 2271 privastis3
628 2184 667 2250 ab
695 2185 766 2270 ipsa
792 2183 935 2266 civitate,
966 2183 1006 2248 ad
1034 2185 1122 2250 cuius
1145 2184 1273 2251 titulum
1296 2184 1416 2252 electus
1439 2191 1472 2254 et

298 2307 498 2369 consecratus
522 2306 554 2368 et
576 2299 782 2366 intronisatus
806 2304 870 2382 est,
900 2299 1005 2386 ipsum
1029 2300 1181 2368 violenter
1204 2300 1355 2384 eiecistie3
1386 2301 1471 2368 eius·

299 2436 360 2503 que
387 2417 516 2483 domum
543 2415 703 2482 staulam
726 2415 937 2501 episcopalem
959 2416 1142 2484 indecenter
1164 2417 1193 2484 ei
1216 2417 1409 2500 abstulistis3
1438 2422 1472 2484 et

298 2534 398 2600 tracto
426 2533 495 2599 eius
523 2531 626 2599 erario
654 2529 810 2614 simulque
839 2531 981 2616 cellmio,
1011 2552 1124 2600 aurum
1146 2534 1212 2600 eiua
1236 2539 1268 2600 et
1290 2539 1470 2617 argentum,

298 2649 408 2716 vinum
431 2667 553 2733 quoque
576 2653 608 2714 et
629 2646 807 2714 necessario
829 2652 944 2730 cetero,
968 2646 1081 2732 quibus
1103 2647 1194 2715 nobis
1214 2647 1349 2718 debebat
1364 2649 1472 2718 descr-

299 2766 366 2832 vire
389 2769 421 2832 et
442 2763 588 2850 imperio,
612 2782 678 2847 vos,
702 2761 815 2847 quibus
839 2767 888 2830 ost
901 2781 960 2848 pro
975 2763 1098 2832 ratione
1113 2763 1269 2848 voluntas,
1291 2765 1472 2852 diripuistis

300 2887 332 2948 et
360 2879 500 2947 violenta
524 2899 622 2946 manu
643 2880 726 2946 inter
749 2897 804 2946 ros
828 2878 1048 2961 decoxistts¹;
1079 2879 1136 2950 hec
1159 2887 1191 2947 et
1212 2880 1331 2948 similia
1352 2901 1392 2950 ex
1415 2901 1473 2950 no·
1581 2903 1582 2914 ¹

300 3002 367 3064 stra
394 2995 556 3062 uoluntate
584 3001 617 3062 et
637 2995 776 3062 iussione
797 3014 854 3060 roa
875 2993 1003 3078 lesisse,
1033 3001 1219 3064 asserentes.
1254 2995 1361 3083 Quod,
1390 2999 1474 3065 siout
1581 2979 1582 3074 J

300 3111 368 3178 Deo
390 3118 422 3180 et
443 3111 623 3180 hominibus
647 3109 763 3178 odibile
785 3116 847 3194 est,
877 3111 922 3178 ita
945 3129 965 3176 a
986 3111 1179 3180 conscientie
1199 3119 1309 3182 nostra
1331 3120 1364 3182 et
1386 3115 1473 3182 omni
1581 3171 1582 3194 2

300 3228 450 3295 mandato
473 3234 599 3311 nostro,
629 3231 711 3294 teste
731 3225 816 3310 Deo,
840 3231 963 3294 constat
986 3245 1055 3294 esse
1079 3227 1227 3297 alienum.
1316 3228 1379 3298 Per
1401 3251 1473 3318 pre-
1581 3225 1582 3258 ³

301 3349 405 3412 sentes
434 3345 543 3429 itaque
573 3349 680 3412 nostre
710 3342 905 3410 auctoritatis
935 3343 1039 3427 apices
1062 3343 1171 3412 vobis·
1193 3343 1324 3432 singulis
1347 3351 1380 3414 et
1402 3347 1473 3414 uni-

300 3461 401 3528 versis
424 3459 628 3542 mandamus,
658 3459 716 3526 sub
739 3463 870 3545 optentu
892 3462 999 3526 nostro
1021 3460 1124 3543 gratie
1144 3463 1371 3548 precipientes:
1396 3485 1474 3550 qua

301 3583 410 3662 mnus,
434 3595 454 3642 a
476 3577 654 3644 sanctuario
676 3575 738 3642 Dei
759 3575 898 3661 primum
920 3573 1122 3660 incipientes,
1150 3595 1222 3644 oum
1246 3581 1333 3648 omni
1354 3581 1474 3648 honore
1578 3569 1581 3634 l

302 3698 334 3760 et
362 3703 616 3760 ornamentorum
645 3691 826 3775 integritate
856 3689 1020 3756 ecclesiam
1044 3690 1105 3758 Dei
1128 3691 1196 3762 Dec
1219 3697 1411 3778 restituatis3
1440 3699 1474 3762 et
1580 3689 1581 3704 ³

302 3808 416 3876 dilecto
438 3807 575 3895 principi
598 3813 706 3876 nostro
729 3805 963 3892 archiepiscopo
986 3811 1091 3874 vestro
1115 3807 1243 3878 domum
1265 3832 1356 3880 suam
1371 3817 1404 3880 et
1417 3831 1473 3880 au·

301 3926 365 3993 lam
389 3924 601 4012 episcopalem
624 3943 695 3991 cunr
719 3941 795 3989 auro
819 3927 851 3988 et
873 3927 1003 4005 argento
1026 3942 1099 4008 suo,
1123 3945 1195 3992 eum
1217 3927 1363 3996 omnibus
1382 3933 1473 3996 uten

302 4041 414 4109 silibus
437 4046 468 4109 et
497 4041 652 4107 uniuersis
682 4037 811 4122 ablatis,
840 4037 874 4103 in
902 4039 1063 4123 presentia
1090 4039 1266 4125 legatorum
1293 4048 1473 4110 nostrornm

303 4155 461 4225 Simonis*¹
485 4157 524 4225 de
547 4155 723 4224 Sarbruoke
746 4159 778 4219 et
800 4150 944 4220 Walteri¹
966 4153 1005 4221 de
1027 4151 1155 4224 Husen*
1177 4162 1209 4226 st
1229 4157 1363 4226 Doridis
1380 4157 1474 4226 w0r-

376 4335 609 4390 adeaerrtrel,2
678 4333 803 4380 cnoel.
872 4333 1089 4392 omtuqnol.
1158 4336 1282 4385 dmi.
1349 4335 1473 4385 sima

304 4414 320 4460 l.
336 4413 482 4460 destnuistia
499 4416 520 4460 l.
582 4427 604 4472 g.
618 4413 685 4461 robis
701 4413 794 4461 addidi.
855 4409 879 4458 h.
895 4409 987 4458 Simone
998 4413 1020 4458 1.
1082 4414 1215 4463 iWaltero
1225 4418 1247 4463 1.
1309 4417 1334 4464 k.
1349 4417 1475 4466 llum.
