3176 4846
556 273 636 322 VITA
658 275 853 326 musenim
873 275 899 324 11

251 414 449 504 Exeroetque
470 414 571 482 bonus
592 420 630 482 ut
651 417 789 500 agrestio
810 436 887 484 rurs
909 415 1048 502 eolonus,

253 552 361 602 semen
383 532 499 618 ubique
521 551 629 600 serens
652 537 684 600 et
704 532 843 600 fructum
865 537 976 619 posteo
998 553 1144 618 querens,

252 669 348 736 quem
369 647 450 716 solet
472 645 584 716 offerre
606 647 685 716 bene
707 647 821 716 fertilis
844 668 918 716 ures
939 653 1052 734 terroe,

185 783 232 831 sno
254 766 290 835 in
309 785 405 850 grege
427 763 584 852 psseendo
606 763 737 832 Domini
759 765 805 832 sio
827 784 905 832 orvs
926 764 1056 832 colendo

252 881 384 950 eolesim
407 885 552 966 sunctae,
576 883 625 946 set
646 878 772 946 Christo
795 879 1014 966 frnodliounte,

252 997 336 1064 inter
357 1002 501 1084 pastores
522 997 642 1068 iruetm
666 996 753 1063 dedit
774 995 950 1078 uberiorem

251 1113 350 1182 vulsis
373 1134 414 1182 ex
435 1112 571 1181 hominis
594 1112 748 1180 viciorum
769 1119 898 1200 pectore
920 1111 1031 1200 spinis,

251 1230 398 1298 sordibus
420 1230 539 1298 inserto
562 1229 715 1298 virtutum
737 1248 867 1296 munere
889 1235 984 1296 oerto.

183 1365 229 1413 uos
251 1346 338 1425 Quae
360 1351 449 1416 unte
469 1345 570 1412 levius
592 1345 627 1412 in
649 1351 776 1432 pectore
797 1345 874 1412 seuit
896 1344 988 1430 alius,

251 1482 324 1530 oum
345 1464 429 1532 ieret
448 1463 575 1530 interno
596 1461 629 1528 vi
648 1460 758 1528 lucens
781 1461 851 1546 ipse
873 1460 1015 1544 lueems3

251 1599 332 1666 quse
354 1599 418 1646 non
440 1577 560 1646 uelatur
582 1577 704 1660 modio,
728 1576 811 1662 quod
833 1595 896 1642 non
918 1576 1074 1662 videatur,

250 1714 309 1762 noe
329 1694 409 1764 lutet
430 1695 568 1778 nonulla,
591 1713 689 1780 supro
710 1691 901 1760 eundelnbru
921 1692 1001 1760 fulls

251 1811 326 1878 dum
347 1811 425 1878 isoit
445 1809 618 1896 insignem,
641 1807 754 1874 lichnis
777 1808 975 1892 ardentibus,
998 1809 1115 1894 ignem,

182 1946 229 1994 oso
251 1925 335 1995 unde
357 1926 469 1996 domus
491 1926 588 2013 plens
609 1923 788 2011 resplendet
808 1923 879 1991 luoe
901 1944 1012 1992 serens
1021 1920 1039 1990 ¹.

252 2042 305 2111 Sie
328 2049 396 2110 erut
418 2042 470 2110 hio
490 2042 614 2122 lucens3
638 2061 696 2106 sus
716 2045 790 2127 post
812 2040 945 2124 vestigia
968 2040 1084 2108 duoens

249 2158 399 2228 eeclesiae
422 2163 542 2242 osium,
566 2158 605 2224 de
627 2155 686 2224 tuli
707 2155 834 2242 presule
856 2155 965 2224 letum

249 2275 480 2361 Errantemque
501 2291 630 2358 gregem
652 2272 793 2340 divinem
814 2271 935 2339 disoere
957 2270 1059 2356 legem

250 2391 419 2478 compulit,
441 2389 590 2474 urgebat,
613 2393 646 2456 et
668 2407 741 2454 oves
764 2386 798 2454 iu
820 2385 902 2454 ovile
923 2387 1070 2456 trahebat

182 2530 229 2578 sss
251 2508 367 2578 summi
389 2506 527 2594 postoris
549 2524 660 2590 gressu
683 2504 767 2570 vitae
789 2502 939 2572 melioris.

293 2624 360 2692 Neo
381 2599 507 2690 tuntum
529 2625 639 2706 gentes
661 2618 742 2686 Reni
763 2618 869 2686 vioinn
890 2619 1037 2704 colentes,

249 2762 307 2830 per
329 2759 388 2808 sun
409 2743 458 2806 set
480 2743 585 2805 moine
607 2740 699 2824 purte
720 2740 795 2802 sunt
817 2735 913 2802 verbo
934 2740 1091 2816 remotne;

249 2875 430 2940 sermoque,
454 2873 546 2939 quem
569 2851 659 2936 feeit,
682 2850 729 2918 sie
749 2849 889 2938 plurimo
911 2851 1007 2918 eorda
1028 2849 1139 2918 refecit

249 2979 282 3042 et
304 2973 404 3040 bonus
428 2967 569 3037 effeetus:
594 2973 630 3035 ut
651 2967 771 3051 olenus,
794 2972 927 3051 uisoque
949 2967 1095 3051 refectus,

182 3109 229 3157 oso
251 3094 360 3158 votnm
383 3083 541 3176 pontifieis
564 3083 679 3152 snimis
702 3087 885 3169 sequeretur
908 3082 1027 3150 amieis.

293 3206 369 3291 Qui,
391 3202 522 3272 Domini
544 3199 663 3268 cultum
686 3199 816 3288 cupiens
839 3218 1019 3267 exerescere
1041 3197 1185 3283 multum,

248 3323 326 3390 hoeo
347 3320 460 3388 habuit
481 3323 569 3386 vote:
593 3317 707 3384 iretses
730 3315 859 3402 regione
881 3319 1004 3382 remote

250 3444 282 3506 et
303 3457 403 3526 prope
426 3456 460 3504 se
482 3434 617 3521 positos,
640 3432 749 3500 divino
770 3431 839 3515 lego
862 3430 990 3516 peritos,

249 3553 290 3622 nd
310 3553 442 3620 Domini
465 3549 548 3618 bello
569 3569 660 3616 soors
682 3549 871 3631 coniungere
894 3545 989 3628 oells3

181 3691 228 3740 ess
249 3669 448 3759 propositum
471 3685 605 3753 quorum
627 3670 717 3732 notet
739 3683 832 3750 seper
855 3661 957 3730 uultus
980 3683 1090 3731 eorum

249 3794 282 3855 et
302 3786 390 3854 uibus
414 3782 504 3852 exilis
526 3787 683 3869 potusque
705 3779 833 3848 reiectio
856 3778 944 3860 vilis3

249 3901 404 3994 propositi
426 3900 516 3967 testis
539 3898 624 3966 color
648 3903 697 3966 est
719 3901 752 3964 ot
771 3895 865 3964 lsnee
886 3893 994 3978 vestis,

248 4019 300 4090 oni
322 4019 391 4086 sine
413 4018 552 4086 tinoturs
572 4019 715 4084 remunet
736 4013 845 4080 notive
866 4010 982 4097 figure3

247 4137 318 4220 lege
340 4138 537 4201 coemuntur:
559 4130 664 4199 verbis
686 4150 728 4198 ne
750 4149 824 4216 sepe
846 4128 992 4196 fruuntur

182 4271 228 4319 seo
250 4271 309 4320 nee
332 4249 471 4318 referant
493 4269 590 4334 vanu,
615 4247 677 4314 nisi
699 4266 780 4331 quoe
802 4244 871 4311 vult
892 4243 1003 4330 regule
1025 4260 1112 4308 sunu

210 4387 234 4441 1.
258 4383 354 4440 uoto.
367 4384 393 4453 o,
407 4383 449 4438 os.

1245 259 1309 326 597

1320 427 1477 484 1140-1141
