3110 4844
324 287 389 354 268
534 307 561 352 S.
579 305 754 354 BONIFA'I'II
776 307 820 352 ΕΤ
843 307 944 353 LULLI
966 305 1153 354 EPIS'POLAE
1178 304 1229 350 loe.
1246 305 1291 352 110

209 455 261 509 755
324 447 496 514 fraternam
520 446 734 532 dilectionem,
765 467 860 532 quam
889 447 1051 514 internos
1075 449 1250 515 communis
1272 451 1358 535 pater
1378 448 1465 514 beatae

155 530 551 631 exeuntem¹¹⁰reoordationis
581 568 614 631 et
642 565 770 628 sanetae
800 564 971 629 memoriae
993 562 1169 630 Bonifatius
1193 563 1310 631 Christi
1337 567 1466 629 annuente

326 679 457 746 caritate
475 680 573 746 saeris
589 678 769 746 conciliavit
783 678 898 762 verbis,
919 677 1009 746 almis
1025 681 1134 746 unauit
1149 681 1293 765 oraculis,
1311 699 1372 745 non
1385 683 1468 744 trans

323 795 418 862 ituria
447 794 502 862 sed
530 793 595 860 fixa
616 794 833 862 recordatione
855 801 911 861 tua
932 795 1101 862 recondas‘
1124 796 1158 861 in
1178 797 1280 863 corde.
1317 795 1391 874 Quia
1407 793 1468 859 mibi

324 917 356 978 et
378 911 437 978 tibi
460 910 552 977 valde
575 909 776 998 profuturum
800 911 887 975 omni
915 910 1121 994 ambiguitate
1150 913 1328 1000 postposita
1355 909 1470 993 scio,ni

323 1033 390 1094 tam
413 1027 531 1111 egregii
552 1025 687 1091 doctoris
704 1031 874 1112 praecepta
889 1026 1022 1113 implere
1038 1045 1197 1094 conamur.
1232 1027 1371 1112 Mequel,
1389 1023 1471 1092 omni·

324 1162 377 1208 um
406 1141 541 1208 fratrum
564 1147 691 1208 tuorum
714 1142 880 1208 minimum
904 1143 937 1208 in
961 1144 1099 1228 meritis,
1128 1143 1269 1210 fraterna
1291 1143 1415 1210 caritate
1433 1142 1472 1206 in-

324 1263 462 1341 struere,
493 1259 590 1324 sacris
619 1258 760 1324 munire⁰
789 1260 983 1345 praeceptis,
1012 1258 1103 1325 almis
1133 1259 1328 1326 orationibus
1353 1255 1472 1339 fulcire‘,

324 1393 342 1440 o
366 1374 583 1440 amantissime
605 1373 722 1459 presul,
746 1393 810 1440 non
833 1374 942 1460 pigiat.
983 1373 1072 1440 Unde
1094 1375 1196 1441 fateor
1219 1381 1251 1442 et
1272 1373 1337 1442 fida
1358 1373 1472 1461 promia

323 1489 427 1556 sione⁸
451 1490 601 1576 spondeo,
624 1490 737 1556 vestris
761 1489 982 1556 sincerissimis
999 1490 1190 1557 iussionibus
1205 1492 1294 1556 iuxta
1310 1490 1474 1576 qualitatum

323 1605 439 1671 virium
461 1606 494 1671 in
519 1605 663 1672 omnibus
685 1605 820 1671 libenter
842 1625 894 1671 me
916 1625 986 1672 esse
1009 1610 1206 1689 secuturum3
1231 1612 1263 1673 et
1284 1606 1375 1672 firma
1396 1603 1475 1670 dilec

322 1722 408 1787 tione
431 1720 526 1788 fidam
552 1721 738 1805 amicitiam,
769 1741 864 1805 quam
887 1721 941 1787 diu
964 1722 1095 1807 spiritus
1118 1721 1176 1788 bos
1199 1723 1282 1806 regit
1303 1728 1389 1790 artus
1409 1722 1475 1785 vita-

321 1837 423 1922 lisque
452 1835 546 1903 flatus
574 1837 623 1902 bis
646 1836 842 1902 moribundis
865 1837 1023 1904 inhabitat
1044 1837 1212 1923 membris,
1239 1843 1346 1905 tecum
1368 1855 1476 1905 serram

322 1953 435 2020 intima
464 1953 597 2019 caritate
620 1952 688 2019 Deo
716 1957 797 2019 teste
825 1952 975 2039 profiteor
1003 1958 1035 2020 et
1064 1953 1139 2019 totis
1168 1952 1288 2020 uiribus
1311 1952 1476 2022 medullitus

323 2069 491 2136 admodum
515 2074 646 2156 exopto,
670 2074 706 2134 ut
728 2067 785 2135 liat
802 2069 926 2137 Christo
950 2068 1132 2153 tribuente‘,
1155 2070 1238 2154 quod
1259 2071 1410 2158 scriptum
1425 2075 1476 2134 est:

322 2187 428 2252 Eram
449 2187 515 2251 illia
539 2189 645 2252 onznia
669 2189 846 2252 communia
854 2181 871 2250 ¹.
913 2183 977 2251 Sed
997 2185 1076 2252 haec
1098 2187 1214 2270 omnia,
1238 2198 1336 2271 quae⁸
1357 2185 1479 2254 breuiter

322 2301 454 2367 anobis
478 2302 563 2367 dieta
585 2305 668 2386 sunt,
692 2302 721 2368 si
736 2301 822 2367 Deus
845 2302 1043 2388 omnipotens
1061 2321 1249 2388 prosperum
1265 2302 1478 2384 concedititer,

322 2436 379 2502 per
403 2415 527 2500 gemloa
555 2417 688 2482 istarum
720 2417 899 2484 litterarum
922 2416 1047 2504 plenius
1071 2422 1103 2484 et
1125 2417 1306 2485 verbialiter
1329 2419 1389 2487 tibi
1409 2417 1480 2484 indi·

321 2551 394 2598 care
417 2533 533 2598 curavi.
625 2531 768 2599 Misimus
791 2538 936 2620 preterca
957 2552 1058 2620 parra
1079 2533 1276 2618 munuscula,
1301 2555 1382 2620 quae
1403 2539 1480 2622 opta·

322 2667 392 2714 mus
416 2653 452 2715 ut
475 2648 529 2715 aaah
553 2647 720 2716 dilectione
744 2649 915 2736 accipiatis,
939 2669 1002 2734 qua
1017 2649 1142 2716 anobis
1157 2648 1225 2716 Deo
1240 2655 1323 2717 teste
1338 2651 1482 2718 destinata

323 2769 406 2830 sunt.
487 2763 632 2831 Vestram
657 2764 866 2849 dilectionem,
889 2782 947 2851 pro
971 2766 1087 2831 nostris
1104 2765 1283 2833 excessibus
1297 2765 1482 2834 interceden-

320 2886 402 2965 tem,
425 2879 568 2947 Gbristus
590 2886 678 2947 tuere
701 2880 857 2964 dignetur.

409 2995 540 3065 Librum
564 2997 698 3084 pyrpyri
720 2996 813 3062 metri
836 2995 906 3062 ideo
928 3015 992 3062 non
1016 2996 1105 3081 misi,
1135 2999 1209 3082 quia
1231 2995 1405 3065 Gutbertus
1426 2995 1483 3082 epi·

322 3109 455 3199 scopus¹
479 3113 580 3179 adbuc
602 3112 734 3180 reddere
756 3112 888 3179 distulit.
934 3112 1133 3180 Emmanuel.

321 3227 506 3316 Epistola
527 3226 686 3295 Milredi
709 3228 888 3316 episcopi
911 3227 1269 3296 offerendaLullae
1291 3230 1484 3316 episcopo.

325 3441 410 3510 110.
432 3441 641 3508 Cinebeordaa
665 3447 827 3530 episcopas
846 3443 1056 3509 Vintonienaca
1071 3444 1167 3510 Lallo
1190 3447 1338 3531 episcopo
1360 3463 1484 3530 raspon-

432 3559 483 3624 det
505 3561 544 3624 da
565 3562 681 3624 macana
700 3560 937 3646 precationibus
961 3573 989 3625 at
1007 3559 1167 3624 subsidiis.
1204 3561 1321 3648 Rogat,
1347 3574 1385 3627 aa
1399 3561 1487 3626 libros

433 3676 495 3740 sibi
515 3678 626 3741 mitat.
673 3677 811 3740 Munera
832 3675 945 3740 addid.
1085 3673 1121 3755 (S
1139 3676 1190 3758 74,
1214 3673 1254 3742 W
1272 3677 1347 3759 115,
1373 3671 1487 3752 (3104)

150 3826 174 3866 c.
188 3791 311 3868 lob-756
408 3805 543 3873 Domino
567 3808 750 3891 dignissime
772 3807 952 3874 venerando
975 3813 1007 3874 et
1028 3809 1140 3875 merito
1163 3808 1280 3892 insigni
1294 3828 1333 3875 ao
1348 3813 1488 3897 prestan-

320 3922 453 4006 tissimo,
476 3922 569 4007 longe
591 3923 715 4009 lateque
731 3943 789 4010 pro
808 3924 999 3990 christianae
1015 3923 1175 4008 religionis
1190 3925 1407 4011 praedicanda
1422 3924 1490 3990 doe·

319 4039 403 4105 trina
431 4036 592 4105 diffamato
621 4043 653 4105 et
682 4058 740 4125 pro
769 4040 1008 4106 conuersatione
1038 4041 1120 4108 uitae
1144 4040 1391 4128 probatissimae
1414 4039 1489 4108 eele-

390 4194 411 4226 a.
431 4181 537 4228 racondlr
555 4181 583 4227 V.
660 4179 683 4226 b.
702 4193 777 4241 neque
796 4181 822 4230 V.
901 4195 921 4228 o.
943 4182 1030 4229 monim
1048 4183 1075 4229 V.
1149 4183 1171 4229 d.
1191 4183 1277 4230 fulsere
1295 4183 1322 4231 7.
1399 4199 1420 4231 a.
1441 4197 1489 4243 pro-

317 4259 455 4308 misioch.
517 4260 533 4306 l.
555 4258 706 4309 tribuenth.
769 4274 790 4319 g.
810 4261 849 4320 qul
865 4262 893 4308 V.
955 4261 978 4308 b.
999 4263 1064 4309 aeV.
1127 4263 1142 4308 i.
1164 4281 1193 4310 ea
1205 4264 1362 4310 Vas-480.
1388 4267 1491 4312 Lau.-

317 4337 420 4397 aptalon
434 4339 519 4386 Lullae.

392 4435 416 4488 1.
439 4433 503 4489 Act
521 4437 610 4505 apost.
628 4433 710 4506 att.
801 4437 826 4492 2.
852 4435 1066 4507 (lantuariensis,
1085 4437 1240 4493 lae—⁷58.
