3090 4848
284 251 347 318 126
509 269 535 318 s.
552 269 729 318 normann
749 271 794 317 uu
815 271 918 318 nunni
939 269 1126 318 urrsuonnn
1144 271 1223 319 esse

197 413 250 468 743
280 413 317 476 iu
337 411 430 478 illrum
450 413 534 478 diem
555 416 656 478 tusus
677 413 774 478 iodea
783 407 800 476 ¹.
848 409 1028 478 salutantes
1051 430 1107 478 uos
1130 411 1165 476 in
1186 409 1323 478 Domino
1346 409 1452 478 ualere

183 488 262 547 ΛΡΜ
282 531 438 611 optamus.
483 525 569 594 Bene
600 526 680 593 vole
727 526 812 594 Data
838 525 978 593 Kalende
1000 525 1139 613 Aprilis,
1168 527 1365 614 imperante·
1394 525 1451 593 do-

280 641 367 707 mino
390 640 533 728 piissimo
557 647 689 724 augusto
707 641 913 708 Constantino
937 641 1042 708 aDeo
1064 649 1213 710 coronato
1234 641 1371 728 magno*
1391 643 1453 709 im·

281 761 427 843 peratore
450 777 532 824 anno
555 758 704 826 vicesimo
728 763 851 843 quarto,
873 756 1183 845 postconsulatum·
1207 759 1274 826 eius
1297 779 1380 826 anne
1402 777 1453 826 se·

281 872 398 957 cundo,
421 871 593 940 indictione
615 873 790 941 mdeeims.

283 1055 346 1127 46.
372 1060 540 1126 Aldduuuc
574 1060 671 1126 abbas
706 1074 734 1127 ct
764 1059 949 1148 Caccbarpa
983 1085 1020 1128 oe
1055 1059 1239 1148 Coctdurpa
1276 1063 1455 1128 &bausens

372 1173 533 1263 Coenqo'lso
564 1190 593 1242 et
621 1177 751 1263 Icpcldo
781 1177 944 1244 abbatibus
974 1192 1004 1246 et
1033 1179 1237 1246 metobaure
1270 1178 1455 1266 presbytero

370 1293 511 1358 sudeus
532 1295 571 1358 de
591 1306 701 1358 munau
718 1296 901 1380 precatione
909 1293 930 1358 ⁶.
1045 1293 1080 1375 (S
1096 1296 1150 1379 52,
1174 1291 1214 1360 W
1232 1295 1304 1378 160,
1329 1289 1454 1374 G148]

123 1429 265 1485 tas-744
371 1424 534 1492 Fratribus
556 1426 590 1491 in
612 1424 738 1492 Christo
761 1426 934 1495 carissimis
950 1423 1134 1512 Goengilso’
1157 1434 1190 1496 et
1204 1426 1332 1512 ingeldo
1356 1425 1456 1494 abba-

282 1541 366 1608 tibus
390 1545 422 1608 et
444 1541 646 1625 singulariter
668 1548 800 1626 cognato
822 1546 931 1610 nostro
946 1543 1120 1611 Wistberto
1142 1544 1327 1631 presbytero
1350 1543 1458 1610 omnis

283 1657 481 1740 congregatio
504 1657 601 1723 trium
624 1659 903 1743 monasteriorum,
933 1658 966 1726 id
989 1665 1038 1726 est
1058 1655 1216 1726 Aldbuni³
1239 1658 1340 1746 patris
1362 1679 1458 1726 reve-

282 1773 455 1840 rentissimi
478 1777 510 1840 et
532 1771 718 1858 Gneuburge
740 1772 859 1840 Christi
885 1774 1022 1842 famulae
1050 1795 1109 1842 nec
1130 1796 1193 1842 non
1215 1781 1247 1843 et
1269 1773 1458 1860 Goenburge

284 1889 541 1974 abbatissarum,
565 1909 736 1977 perennem
760 1895 854 1976 atqua
875 1890 1089 1958 insolubilem‘
1103 1891 1137 1958 in
1153 1890 1288 1958 Domino
1307 1889 1456 1958 salutem.

371 2004 522 2072 Libenter
544 2026 669 2092 nanque
692 2010 787 2090 atque
814 2011 977 2089 gramm
1004 2012 1128 2074 restrae
1156 2005 1356 2074 salutationis
1383 2027 1458 2074 mu·

283 2119 415 2188 nuscula
437 2122 631 2208 suscepimus
646 2120 777 2206 Deoque
800 2121 968 2188 adiuvante
990 2122 1092 2188 isdem
1114 2122 1211 2206 digna
1225 2141 1459 2209 reconpensare

284 2238 514 2319 desideramus3
539 2242 572 2304 st
593 2257 674 2320 eam,
699 2257 794 2322 quam
818 2237 902 2304 circa
924 2258 981 2304 nos
1005 2238 1177 2326 scripsistis
1200 2238 1318 2305 habere
1332 2239 1368 2304 in
1383 2259 1459 2306 ora·

283 2352 422 2419 tionibus
450 2353 718 2437 communionem,
747 2352 828 2420 bono
858 2354 962 2420 animo
986 2360 1018 2420 et
1041 2375 1121 2441 pura
1143 2353 1206 2420 lide
1228 2375 1303 2438 erga
1325 2374 1382 2422 uos
1406 2357 1460 2422 in·

284 2468 463 2536 desinenter
485 2468 600 2534 habere
622 2467 719 2553 horis,
744 2469 857 2554 quibus
877 2469 1059 2554 intimastis,
1082 2471 1305 2537 consentimus.
1390 2471 1460 2539 No·

283 2585 372 2651 mina
400 2604 522 2670 quoque
556 2588 737 2652 nostrarum
768 2583 987 2652 defunctarum
1022 2607 1167 2654 sororum
1199 2607 1256 2670 ego
1284 2586 1460 2674 cneuburg

283 2699 509 2768 memorialiter
531 2705 563 2767 te
584 2700 715 2784 habere,
744 2720 762 2766 o
784 2699 999 2768 Wiebtberbte
1020 2702 1177 2788 presbiter
1199 2701 1316 2788 fidelis,
1340 2702 1460 2790 depre-

284 2837 338 2885 cor
371 2823 404 2886 at
436 2816 580 2884 omnibus
615 2817 857 2902 circumquaque
892 2817 1002 2884 amicis
1036 2819 1260 2886 transmittere.
1313 2818 1460 2898 Quarum

283 2934 388 3021 prima
409 2933 471 3000 fuit
492 2931 678 3018 Quoengyth
700 2951 790 3000 soror
811 2953 883 2999 mea
904 2952 1071 3016 germana,
1095 2939 1127 3000 et
1148 2933 1246 3019 Edlu,
1270 2953 1350 3020 quae
1373 2941 1460 3022 erat,

284 3068 355 3117 cum
379 3048 482 3117 adium
502 3049 639 3132 viveret,
670 3053 772 3114 mater
793 3048 892 3132 Etan,
916 3048 1056 3115 Aldlruni
1080 3049 1237 3133 quondam
1260 3051 1307 3118 tui
1330 3051 1461 3120 abbatis

284 3165 489 3253 propinquae.
535 3164 675 3242 Quorum
703 3164 813 3249 utique
840 3163 1003 3230 ambarum
1031 3164 1092 3232 fuit
1120 3185 1183 3232 uno
1211 3166 1263 3233 die
1285 3165 1460 3254 depositio,

283 3282 317 3348 id
348 3287 398 3350 est
424 3280 530 3349 Idibus
559 3279 780 3367 Septembris⁸.
829 3279 979 3348 Orantem
1013 3300 1071 3367 pro
1106 3280 1197 3348 nobis
1227 3281 1461 3352 beatitudinem

284 3402 422 3465 vestram
438 3395 592 3462 Dominus
614 3397 814 3483 omnipotens
836 3396 993 3464 custodire
1017 3396 1162 3480 dignetur
1184 3396 1382 3484 incolomem,
1408 3401 1462 3468 di-

283 3512 447 3580 lectissimi
475 3513 606 3580 iratresh
635 3519 668 3580 et
696 3512 823 3580 domini
870 3510 931 3579 Per
960 3533 1071 3580 aevum
1099 3511 1297 3581 Emmanuel
1344 3513 1464 3584 Saluta

285 3649 393 3696 omnes
417 3629 659 3715 circumquaque
682 3627 800 3696 Christi
822 3648 930 3697 servos
952 3629 1070 3697 nostris
1099 3630 1308 3698 veracissimis
1337 3633 1461 3718 verbis,

285 3743 483 3812 dilectissimi
504 3744 646 3811 iratresl.

356 3891 376 3925 s.
396 3877 521 3938 imperante
538 3877 629 3926 addidi.
722 3878 744 3926 b.
765 3890 846 3936 magno
863 3878 955 3926 addicit
1048 3891 1068 3924 c.
1088 3880 1142 3939 post
1159 3879 1300 3926 commum
1316 3882 1462 3941 scripetpm

284 3957 375 4030 imperii
390 3960 413 4004 io
428 3957 497 4003 lituro
511 3960 587 4016 posito
604 3961 643 4012 M,
659 3975 680 4003 u.
696 3974 766 4017 supra
779 3975 803 4016 p.
822 3959 859 4003 17.
944 3957 966 4002 d.
987 3975 1016 4002 ex
1034 3958 1058 4006 V
1070 3959 1125 4004 320.
1151 3961 1254 4005 Lamum
1274 3959 1330 4006 Item
1349 3961 1461 4019 epistola.

285 4051 305 4084 o.
327 4037 371 4084 abb
389 4037 417 4084 V.
492 4035 509 4083 f.
529 4035 648 4083 solubilem
666 4037 693 4082 V.
771 4049 793 4094 g.
812 4037 845 4084 id.
862 4037 911 4096 sip.
930 4037 957 4083 V.
1034 4035 1057 4082 b.
1077 4035 1100 4082 sr
1113 4036 1140 4083 V.

358 4124 382 4178 1.
401 4122 548 4178 il'imoth.
561 4122 587 4192 4,
600 4123 625 4178 t.
639 4123 664 4176 8.
715 4124 740 4177 2.
760 4121 854 4178 abbati
865 4121 1147 4192 Glcstingaburgensi,
1161 4123 1273 4179 'lit-o.
1283 4123 1343 4178 ⁷44.
1368 4123 1462 4182 Coen-

285 4213 348 4283 gilsi
366 4225 517 4281 successor,
535 4209 679 4266 Turberht
696 4209 783 4265 abbas
801 4215 915 4282 apparet
926 4211 980 4266 iam
993 4211 1021 4266 in
1032 4210 1127 4266 tabula
1138 4210 1165 4265 d.
1179 4227 1204 4266 a.
1218 4211 1270 4268 744
1281 4227 1325 4282 ap.
1336 4213 1462 4270 Komble

285 4299 353 4357 (iod.
376 4300 441 4369 dipl.
465 4301 527 4355 aevi
550 4297 645 4355 Sani
665 4299 724 4354 110.
814 4301 839 4355 3.
867 4300 948 4355 Hunc
970 4297 1055 4354 fuisse
1079 4297 1207 4355 abbatom
1224 4299 1461 4359 Wiuburnensem

285 4393 380 4446 censet
396 4387 506 4445 liubilio
524 4385 632 4455 (Amol
650 4385 709 4443 ord.
728 4387 831 4446 Bened.
850 4389 944 4459 1110).
972 4385 1028 4444 Sed
1045 4388 1098 4445 hoc
1115 4387 1327 4446 confirmationis
1344 4394 1420 4461 eget
