3176 4846
295 281 360 350 608
498 297 579 346 vrrs
601 295 756 347 neroum
778 294 1038 346 ssemnrrsoorr
1060 293 1256 346 noousrssr

294 441 429 528 invidie,
466 441 541 507 dum
571 439 669 508 affieit
696 439 827 526 spiritus
855 439 990 506 invidie:
1025 438 1156 525 spiritus
1184 437 1341 506 uffioiens·
1369 441 1465 522 atque

295 557 451 626 studiosel
473 557 634 642 genitriois
657 576 714 624 sue
730 556 863 639 diligens
880 553 1027 637 olidum,
1052 553 1190 622 soilieet·
1206 553 1338 622 officere.
1373 553 1465 620 Unde

296 673 424 760 quidem
448 673 507 740 ait:

468 789 584 856 lustius
606 788 726 856 invidie
747 787 827 854 nihil
849 792 912 871 est,
937 805 997 872 que
1019 786 1164 873 protinus
1186 786 1291 872 ipsum

534 905 705 972 duetorem
728 903 814 970 rodit
835 902 1075 987 exerueietque‘
1099 902 1239 968 animum
1248 899 1265 967 ¹.

384 1019 584 1088 Reverendus
608 1025 713 1087 eutem
736 1021 785 1086 vir
799 1018 939 1103 Domini,
962 1024 998 1085 ut
1020 1019 1138 1086 dietum
1161 1025 1219 1102 est,
1241 1019 1274 1084 in
1288 1017 1393 1084 medio
1409 1037 1467 1082 na·

296 1137 392 1206 tionis
415 1156 513 1223 preve
535 1142 567 1203 et
588 1133 756 1222 perverse²
779 1135 894 1202 eivium
911 1154 1039 1201 suorum
1054 1139 1216 1219 tamquam
1229 1133 1386 1200 luminare
1401 1132 1467 1198 ela·

296 1253 457 1320 rissimum
479 1251 647 1336 refulgens,
671 1252 911 1336 quantomagis
933 1250 1190 1338 persequebatur,
1212 1255 1301 1316 tento
1315 1249 1418 1331 magis
1431 1249 1468 1314 in

297 1368 398 1454 gloria
425 1368 596 1436 ethonore
619 1368 793 1452 erescebat,
823 1367 862 1434 ed
886 1367 1000 1434 altiore
1021 1367 1229 1453 proximeque
1250 1367 1361 1432 virtuti
1383 1385 1469 1432 sem-

299 1505 355 1572 per
384 1504 418 1552 se
447 1485 578 1568 erigens.
669 1483 830 1568 Namque·
854 1519 896 1530 --
919 1487 956 1549 ut
978 1483 1108 1568 dieitur,
1138 1483 1177 1550 ab
1200 1488 1339 1549 extremo
1360 1501 1469 1565 ungue

297 1621 397 1687 nsque
420 1601 461 1668 ed
483 1619 665 1688 supremum
687 1599 842 1667 oaloulum
865 1619 922 1687 per
945 1599 1133 1684 dignitatum
1149 1599 1264 1682 grudm
1281 1597 1470 1665 aseendens'

300 1753 341 1764 -
370 1723 538 1804 postquem
566 1716 626 1783 sibi
654 1716 739 1784 Deus
768 1715 886 1782 ieoeret
912 1735 1026 1782 nomen
1054 1735 1202 1798 magnum
1232 1714 1322 1780 iuxta
1351 1733 1471 1780 nomen

298 1851 484 1918 megnornm
505 1833 559 1918 qui
576 1837 667 1898 erant
679 1833 713 1898 in
728 1825 841 1916 terra⁸,
864 1837 918 1897 ut⁸
932 1831 1099 1918 splendore
1112 1831 1240 1897 indutus
1256 1831 1471 1917 principum,

133 1965 289 2022 1152-1153
298 1949 472 2037 imperialis
501 1949 571 2016 aule
598 1947 830 2014 illustrissimus
853 1944 1085 2028 oenoelledus‘,
1115 1948 1205 2032 quasi
1228 1947 1308 2013 alter
1328 1948 1472 2034 impera·

298 2071 349 2133 tor
377 2067 411 2132 iu
433 2065 533 2132 latere
555 2065 756 2150 imperatoris
777 2063 904 2149 imperii
928 2067 1084 2150 prestaret
1106 2062 1223 2147 officio,
1253 2065 1337 2129 eirca
1359 2083 1473 2128 omues

299 2181 431 2248 afflictos
454 2182 509 2267 pia
531 2186 563 2248 et
584 2179 830 2247 clementissime
851 2181 1004 2263 gestitans
1027 2181 1162 2262 viscera,
1186 2179 1397 2266 orphanorum
1421 2180 1476 2244 ri·

300 2299 495 2382 duarumque
517 2317 553 2362 eo
573 2295 782 2362 Yberniornm
806 2293 986 2362 Sostornm⁶
1003 2331 1044 2342 -
1062 2316 1140 2381 quos
1162 2295 1274 2362 ultime
1295 2295 1405 2362 mundi
1428 2295 1476 2362 ad

299 2417 407 2480 nostre
441 2411 652 2480 meditullium
685 2419 769 2478 terre
799 2411 909 2478 baoulo
939 2413 1152 2499 peregrinanti
1182 2411 1403 2478 transmittunt
1424 2451 1474 2460 —

301 2529 502 2613 omniumque
524 2529 794 2615 peregrinantium
817 2545 1039 2614 oppressorum
1053 2529 1181 2595 unicum
1195 2528 1349 2613 gremium
1364 2547 1478 2594 mma-

300 2645 383 2712 rium
412 2650 444 2712 et
470 2645 647 2712 tutissimus
677 2644 833 2712 existebat
854 2645 992 2731 portus'3
1022 2651 1058 2712 nt
1080 2664 1150 2712 oum
1174 2644 1264 2711 beato
1287 2643 1341 2710 lob
1362 2644 1478 2711 dicere

300 2767 422 2850 posset:
452 2761 588 2849 Ceresque
617 2764 753 2828 sederem
781 2765 876 2847 qaaoe‘
901 2783 958 2828 rea
984 2766 1019 2828 in
1042 2763 1120 2828 solio
1143 2785 1226 2842 meo,
1259 2783 1344 2826 mom
1365 2775 1481 2827 tumen

301 2881 483 2946 mantiam
506 2873 710 2944 consolatori
740 2877 823 2944 Raro
843 2897 964 2965 pauper
980 2897 999 2943 a
1013 2897 1109 2942 manu
1124 2877 1224 2963 ipsius
1238 2897 1355 2942 saeuus
1370 2895 1482 2962 quan-

302 2995 403 3081 doque
424 2993 564 3062 rooessit.
600 2993 755 3080 Tempore
778 3014 852 3061 vero
873 2993 1048 3077 ingruentis
1061 2994 1179 3079 inopie,
1203 3013 1262 3078 que
1277 2997 1373 3059 tutem
1387 2991 1482 3059 Ger-

374 3179 395 3211 a
417 3163 599 3212 alliciens-ait
614 3165 691 3209 omi.
754 3162 776 3208 b.
797 3165 864 3222 atque
880 3163 982 3208 studiose
993 3162 1209 3222 scripeipmetqui
1219 3161 1295 3208 studio
1307 3163 1327 3208 1.
1390 3175 1410 3208 e.
1427 3163 1482 3208 sei·

301 3243 356 3292 lieet
370 3246 453 3304 scripsi
464 3261 507 3304 pro
523 3241 565 3289 sed
581 3244 603 3289 1.
660 3242 683 3289 d
704 3243 847 3301 exeruoiamo
864 3243 885 3299 1,
902 3243 1032 3289 exer-ueiens
1049 3243 1073 3288 t.
1129 3255 1149 3289 e.
1170 3241 1259 3301 lamque
1274 3241 1297 3288 2
1353 3239 1368 3286 i.
1390 3253 1480 3289 mn-

302 3325 338 3371 dit
353 3325 375 3370 2.
442 3325 545 3381 gell.
611 3320 808 3382 nprmeipirl.
870 3322 886 3368 i.
908 3339 951 3368 om.
969 3323 990 3368 1.

374 3429 399 3482 1.
422 3426 564 3482 Mauritius
582 3427 676 3496 Haupt
698 3441 743 3482 me
766 3426 860 3495 doeet,
883 3426 999 3482 inveniri
1023 3425 1073 3481 hos
1091 3441 1186 3482 versus
1203 3427 1232 3480 in
1250 3425 1408 3496 Hieronymi
1427 3441 1480 3498 ep.

303 3516 340 3572 ed
358 3515 470 3572 Galatas
487 3517 519 3571 L.
532 3515 573 3570 111
590 3516 644 3571 e.5
663 3515 743 3584 (Opp.
762 3514 805 3570 ed.
821 3514 972 3570 vallarsius
984 3515 1035 3570 VII
1049 3513 1125 3580 508):
1150 3513 1284 3584 „Pulchre
1305 3513 1415 3584 quidam
1438 3515 1481 3571 de

303 3605 460 3675 neotericis,
488 3603 652 3660 Graecum
675 3618 812 3660 versum
838 3601 1018 3671 transferens,
1047 3601 1167 3672 elegieoo
1193 3607 1280 3658 metro
1307 3599 1342 3657 de
1366 3603 1481 3660 invidia

303 3695 370 3752 lusit
388 3694 496 3749 disens:
516 3691 694 3764 „„1ustius““
708 3695 775 3762 oet.;
794 3696 823 3746 et
840 3692 868 3746 in
880 3691 1047 3762 Anthologie
1064 3690 1170 3746 Greeoa
1181 3689 1221 3746 XI
1233 3691 1284 3746 193
1297 3692 1350 3758 (ed.
1363 3691 1480 3766 laoobs,

304 3783 414 3854 Lipsiae
428 3783 497 3838 1814
515 3781 548 3837 Τ.
560 3781 587 3837 11
599 3783 662 3849 376)
680 3781 720 3836 sio
738 3795 812 3836 esse:

773 3869 826 3925 'Ad
833 3873 966 3940 ἑσπρτο
977 3892 1000 3924 ν.

503 3959 532 4016 ‘0
551 3956 654 4031 φθόνος
671 3959 725 4014 ἐστὶ
742 3955 871 4024 κάκιστος,
891 3961 945 4030 ἔχει
964 3961 993 4014 di
1011 3979 1035 4013 π
1052 3956 1134 4014 καλὸν
1152 3963 1180 4014 ἐν
1198 3957 1276 4034 αὑτῷ.

559 4046 628 4117 τήκει
645 4047 699 4124 γὰρ
717 4050 861 4123 φθονερῶν
878 4046 989 4121 ὄμματα
1006 4050 1053 4102 καὶ
1069 4051 1188 4122 κραδίην.

304 4141 330 4196 a.
353 4137 469 4208 Philipp.
482 4139 507 4210 2,
522 4139 565 4193 15.
636 4139 661 4192 3.
680 4138 778 4206 ilieg.
792 4139 816 4206 7,
830 4138 855 4191 9.
927 4136 954 4191 4.
972 4135 1125 4192 Friderioil
1143 4137 1484 4207 regissllartioa.1152

305 4227 595 4284 edluniume.1153.
666 4227 692 4282 ὃ.
716 4227 758 4281 De
776 4224 875 4296 quibus
894 4223 928 4280 ei.
941 4225 1125 4282 wattenbach
1142 4227 1195 4281 Die
1206 4225 1412 4295 Kongregutlou
1425 4226 1483 4282 der

306 4315 541 4372 Sohottenkldster
557 4317 585 4371 in
603 4313 789 4371 Deutsolrlend
807 4315 847 4383 (in
864 4315 951 4382 Queat
967 4331 995 4370 u.
1008 4313 1071 4371 Otte
1086 4313 1241 4371 Zeitsohrist
1257 4314 1302 4370 fdr
1318 4313 1483 4372 christlielre

305 4402 488 4474 Ammotogre
505 4403 562 4460 und
579 4405 671 4460 Kunst
686 4403 746 4460 121
758 4405 822 4474 sq.).
910 4405 937 4460 6.
962 4403 1011 4460 lob
1022 4405 1067 4478 29,
1080 4405 1124 4462 25.
