<?xml version="1.0" encoding="UTF-8"?>
<!DOCTYPE html PUBLIC "-//W3C//DTD XHTML 1.0 Transitional//EN"
    "http://www.w3.org/TR/xhtml1/DTD/xhtml1-transitional.dtd">
<html xmlns="http://www.w3.org/1999/xhtml" xml:lang="en" lang="en">
 <head>
  <title>
</title>
<meta http-equiv="Content-Type" content="text/html;charset=utf-8" />
  <meta name='ocr-system' content='tesseract 3.04.00' />
  <meta name='ocr-capabilities' content='ocr_page ocr_carea ocr_par ocr_line ocrx_word'/>
</head>
<body>
  <div class='ocr_page' id='page_1' title='image "./bibliothecareru03jaffgoog_0510.png"; bbox 0 0 3164 4842; ppageno 0'>
   <div class='ocr_carea' id='block_1_1' title="bbox 289 305 1157 374">
    <p class='ocr_par' dir='ltr' id='par_1_1' title="bbox 289 305 1157 374">
     <span class='ocr_line' id='line_1_1' title="bbox 289 305 1157 374; baseline 0.001 -1"><span class='ocrx_word' id='word_1_1' title='bbox 289 305 356 374; x_wconf 78' lang='lat'>494</span> <span class='ocrx_word' id='word_1_2' title='bbox 590 325 637 373; x_wconf 82' lang='lat' dir='ltr'>ux</span> <span class='ocrx_word' id='word_1_3' title='bbox 660 325 815 374; x_wconf 82' lang='lat' dir='ltr'>ermom</span> <span class='ocrx_word' id='word_1_4' title='bbox 836 325 915 372; x_wconf 74' lang='lat' dir='ltr'>vrrs</span> <span class='ocrx_word' id='word_1_5' title='bbox 938 325 965 373; x_wconf 81' lang='lat' dir='ltr'>s</span> <span class='ocrx_word' id='word_1_6' title='bbox 981 325 1157 374; x_wconf 73' lang='lat' dir='ltr'>scamnum</span> 
     </span>
    </p>
   </div>
   <div class='ocr_carea' id='block_1_2' title="bbox 286 465 1464 3222">
    <p class='ocr_par' dir='ltr' id='par_1_2' title="bbox 286 465 1464 3222">
     <span class='ocr_line' id='line_1_2' title="bbox 289 465 1456 554; baseline 0.001 -21"><span class='ocrx_word' id='word_1_7' title='bbox 289 487 386 550; x_wconf 83' lang='lat' dir='ltr'>sores,</span> <span class='ocrx_word' id='word_1_8' title='bbox 409 466 484 534; x_wconf 85' lang='lat' dir='ltr'>licet</span> <span class='ocrx_word' id='word_1_9' title='bbox 504 467 538 532; x_wconf 93' lang='lat' dir='ltr'>in</span> <span class='ocrx_word' id='word_1_10' title='bbox 561 466 733 552; x_wconf 79' lang='lat' dir='ltr'>praeclaris</span> <span class='ocrx_word' id='word_1_11' title='bbox 753 468 894 536; x_wconf 88' lang='lat' dir='ltr'>moribus</span> <span class='ocrx_word' id='word_1_12' title='bbox 917 487 954 535; x_wconf 89' lang='lat' dir='ltr'>ac</span> <span class='ocrx_word' id='word_1_13' title='bbox 975 468 1088 534; x_wconf 87' lang='lat' dir='ltr'>studiis</span> <span class='ocrx_word' id='word_1_14' title='bbox 1111 466 1254 554; x_wconf 87' lang='lat' dir='ltr'>pluribus</span> <span class='ocrx_word' id='word_1_15' title='bbox 1273 465 1456 550; x_wconf 83' lang='lat' dir='ltr'>effulserint,</span> 
     </span>
     <span class='ocr_line' id='line_1_3' title="bbox 288 582 1458 670; baseline 0 -20"><span class='ocrx_word' id='word_1_16' title='bbox 288 582 322 650; x_wconf 91' lang='lat' dir='ltr'>in</span> <span class='ocrx_word' id='word_1_17' title='bbox 344 583 404 650; x_wconf 91' lang='lat' dir='ltr'>hoc</span> <span class='ocrx_word' id='word_1_18' title='bbox 425 590 531 649; x_wconf 87' lang='lat' dir='ltr'>tamen</span> <span class='ocrx_word' id='word_1_19' title='bbox 553 583 648 648; x_wconf 90' lang='lat' dir='ltr'>nimis</span> <span class='ocrx_word' id='word_1_20' title='bbox 672 584 887 670; x_wconf 87' lang='lat' dir='ltr'>deliquerunt,</span> <span class='ocrx_word' id='word_1_21' title='bbox 915 584 999 669; x_wconf 90' lang='lat' dir='ltr'>quod</span> <span class='ocrx_word' id='word_1_22' title='bbox 1021 584 1212 652; x_wconf 88' lang='lat' dir='ltr'>monasteria</span> <span class='ocrx_word' id='word_1_23' title='bbox 1232 583 1387 650; x_wconf 88' lang='lat' dir='ltr'>nonnulla</span> <span class='ocrx_word' id='word_1_24' title='bbox 1406 583 1458 650; x_wconf 80' lang='lat' dir='ltr'>rel</span> 
     </span>
     <span class='ocr_line' id='line_1_4' title="bbox 288 697 1456 787; baseline 0.002 -23"><span class='ocrx_word' id='word_1_25' title='bbox 288 700 350 786; x_wconf 90' lang='lat' dir='ltr'>ipsi</span> <span class='ocrx_word' id='word_1_26' title='bbox 378 706 444 765; x_wconf 84' lang='lat' dir='ltr'>tam</span> <span class='ocrx_word' id='word_1_27' title='bbox 473 699 617 766; x_wconf 87' lang='lat' dir='ltr'>inmensa</span> <span class='ocrx_word' id='word_1_28' title='bbox 639 699 781 786; x_wconf 91' lang='lat' dir='ltr'>obsequii</span> <span class='ocrx_word' id='word_1_29' title='bbox 804 701 853 766; x_wconf 90' lang='lat' dir='ltr'>sui</span> <span class='ocrx_word' id='word_1_30' title='bbox 876 700 1039 767; x_wconf 83' lang='lat' dir='ltr'>exactione</span> <span class='ocrx_word' id='word_1_31' title='bbox 1061 719 1155 786; x_wconf 87' lang='lat' dir='ltr'>quam</span> <span class='ocrx_word' id='word_1_32' title='bbox 1177 697 1380 787; x_wconf 86' lang='lat' dir='ltr'>praediorum</span> <span class='ocrx_word' id='word_1_33' title='bbox 1403 699 1456 767; x_wconf 74' lang='lat' dir='ltr'>ab·</span> 
     </span>
     <span class='ocr_line' id='line_1_5' title="bbox 286 815 1455 904; baseline 0.002 -24"><span class='ocrx_word' id='word_1_34' title='bbox 286 815 404 883; x_wconf 89' lang='lat' dir='ltr'>latione</span> <span class='ocrx_word' id='word_1_35' title='bbox 426 815 664 899; x_wconf 86' lang='lat' dir='ltr'>destruxerunt,</span> <span class='ocrx_word' id='word_1_36' title='bbox 695 815 744 882; x_wconf 90' lang='lat' dir='ltr'>vel</span> <span class='ocrx_word' id='word_1_37' title='bbox 767 817 923 904; x_wconf 86' lang='lat' dir='ltr'>episcopis</span> <span class='ocrx_word' id='word_1_38' title='bbox 944 837 1000 882; x_wconf 90' lang='lat' dir='ltr'>sen</span> <span class='ocrx_word' id='word_1_39' title='bbox 1021 817 1116 883; x_wconf 87' lang='lat' dir='ltr'>etiem</span> <span class='ocrx_word' id='word_1_40' title='bbox 1143 815 1232 882; x_wconf 87' lang='lat' dir='ltr'>laicis</span> <span class='ocrx_word' id='word_1_41' title='bbox 1258 816 1455 902; x_wconf 81' lang='lat' dir='ltr'>quibusdam,</span> 
     </span>
     <span class='ocr_line' id='line_1_6' title="bbox 287 931 1458 1017; baseline 0 -19"><span class='ocrx_word' id='word_1_42' title='bbox 287 931 367 998; x_wconf 80' lang='lat' dir='ltr'>nihil</span> <span class='ocrx_word' id='word_1_43' title='bbox 389 932 494 997; x_wconf 88' lang='lat' dir='ltr'>minus</span> <span class='ocrx_word' id='word_1_44' title='bbox 518 951 612 1017; x_wconf 86' lang='lat' dir='ltr'>quam</span> <span class='ocrx_word' id='word_1_45' title='bbox 631 933 837 1000; x_wconf 86' lang='lat' dir='ltr'>monasticem</span> <span class='ocrx_word' id='word_1_46' title='bbox 853 933 1038 1016; x_wconf 79' lang='lat' dir='ltr'>religionem</span> <span class='ocrx_word' id='word_1_47' title='bbox 1053 933 1245 1016; x_wconf 77' lang='lat' dir='ltr'>curantibus,</span> <span class='ocrx_word' id='word_1_48' title='bbox 1269 931 1458 1000; x_wconf 85' lang='lat' dir='ltr'>destruenda</span> 
     </span>
     <span class='ocr_line' id='line_1_7' title="bbox 287 1046 1458 1116; baseline 0.001 -2"><span class='ocrx_word' id='word_1_49' title='bbox 287 1048 495 1114; x_wconf 82' lang='lat' dir='ltr'>tradiderunt</span> <span class='ocrx_word' id='word_1_50' title='bbox 529 1048 575 1113; x_wconf 82' lang='lat' dir='ltr'>At</span> <span class='ocrx_word' id='word_1_51' title='bbox 596 1046 731 1113; x_wconf 86' lang='lat' dir='ltr'>Karolus</span> <span class='ocrx_word' id='word_1_52' title='bbox 754 1055 862 1115; x_wconf 91' lang='lat' dir='ltr'>noster</span> <span class='ocrx_word' id='word_1_53' title='bbox 885 1068 948 1115; x_wconf 93' lang='lat' dir='ltr'>non</span> <span class='ocrx_word' id='word_1_54' title='bbox 970 1048 1073 1116; x_wconf 91' lang='lat' dir='ltr'>solum</span> <span class='ocrx_word' id='word_1_55' title='bbox 1096 1050 1174 1116; x_wconf 89' lang='lat' dir='ltr'>haec</span> <span class='ocrx_word' id='word_1_56' title='bbox 1194 1048 1325 1114; x_wconf 91' lang='lat' dir='ltr'>minime</span> <span class='ocrx_word' id='word_1_57' title='bbox 1346 1048 1458 1115; x_wconf 82' lang='lat' dir='ltr'>fecisse</span> 
     </span>
     <span class='ocr_line' id='line_1_8' title="bbox 289 1163 1458 1251; baseline -0.001 -21"><span class='ocrx_word' id='word_1_58' title='bbox 289 1164 432 1247; x_wconf 80' lang='lat' dir='ltr'>refertur,</span> <span class='ocrx_word' id='word_1_59' title='bbox 456 1163 512 1230; x_wconf 90' lang='lat' dir='ltr'>sed</span> <span class='ocrx_word' id='word_1_60' title='bbox 534 1163 630 1230; x_wconf 88' lang='lat' dir='ltr'>etiam</span> <span class='ocrx_word' id='word_1_61' title='bbox 652 1183 670 1230; x_wconf 89' lang='lat' dir='ltr'>o</span> <span class='ocrx_word' id='word_1_62' title='bbox 693 1169 801 1232; x_wconf 80' lang='lat' dir='ltr'>oontm</span> <span class='ocrx_word' id='word_1_63' title='bbox 825 1165 979 1250; x_wconf 87' lang='lat' dir='ltr'>queedam</span> <span class='ocrx_word' id='word_1_64' title='bbox 1001 1166 1070 1231; x_wconf 89' lang='lat' dir='ltr'>loca</span> <span class='ocrx_word' id='word_1_65' title='bbox 1092 1165 1132 1232; x_wconf 89' lang='lat' dir='ltr'>ad</span> <span class='ocrx_word' id='word_1_66' title='bbox 1154 1165 1370 1251; x_wconf 89' lang='lat' dir='ltr'>episcopatum</span> <span class='ocrx_word' id='word_1_67' title='bbox 1386 1183 1458 1250; x_wconf 89' lang='lat' dir='ltr'>per-</span> 
     </span>
     <span class='ocr_line' id='line_1_9' title="bbox 288 1279 1457 1367; baseline 0 -21"><span class='ocrx_word' id='word_1_68' title='bbox 288 1280 432 1360; x_wconf 76' lang='lat' dir='ltr'>tinentia,</span> <span class='ocrx_word' id='word_1_69' title='bbox 456 1280 594 1367; x_wconf 80' lang='lat' dir='ltr'>proediis</span> <span class='ocrx_word' id='word_1_70' title='bbox 617 1279 794 1366; x_wconf 89' lang='lat' dir='ltr'>duplicibus</span> <span class='ocrx_word' id='word_1_71' title='bbox 817 1281 959 1364; x_wconf 88' lang='lat' dir='ltr'>redditis,</span> <span class='ocrx_word' id='word_1_72' title='bbox 981 1302 1053 1348; x_wconf 85' lang='lat' dir='ltr'>cunr</span> <span class='ocrx_word' id='word_1_73' title='bbox 1077 1281 1206 1348; x_wconf 91' lang='lat' dir='ltr'>consilio</span> <span class='ocrx_word' id='word_1_74' title='bbox 1224 1280 1393 1362; x_wconf 92' lang='lat' dir='ltr'>communi,</span> <span class='ocrx_word' id='word_1_75' title='bbox 1417 1279 1457 1346; x_wconf 86' lang='lat' dir='ltr'>ab</span> 
     </span>
     <span class='ocr_line' id='line_1_10' title="bbox 290 1395 1459 1482; baseline -0.002 -20"><span class='ocrx_word' id='word_1_76' title='bbox 290 1396 462 1482; x_wconf 78' lang='lat' dir='ltr'>episcopali</span> <span class='ocrx_word' id='word_1_77' title='bbox 489 1396 607 1462; x_wconf 84' lang='lat' dir='ltr'>ditione</span> <span class='ocrx_word' id='word_1_78' title='bbox 636 1395 771 1463; x_wconf 86' lang='lat' dir='ltr'>absolvit</span> <span class='ocrx_word' id='word_1_79' title='bbox 796 1395 1003 1482; x_wconf 83' lang='lat' dir='ltr'>libertateque</span> <span class='ocrx_word' id='word_1_80' title='bbox 1028 1397 1127 1481; x_wconf 79' lang='lat' dir='ltr'>regali</span> <span class='ocrx_word' id='word_1_81' title='bbox 1150 1397 1347 1479; x_wconf 83' lang='lat' dir='ltr'>sublimavit,</span> <span class='ocrx_word' id='word_1_82' title='bbox 1376 1396 1459 1462; x_wconf 80' lang='lat' dir='ltr'>sicut</span> 
     </span>
     <span class='ocr_line' id='line_1_11' title="bbox 290 1511 1457 1600; baseline 0 -22"><span class='ocrx_word' id='word_1_83' title='bbox 290 1513 391 1578; x_wconf 83' lang='lat' dir='ltr'>suncti</span> <span class='ocrx_word' id='word_1_84' title='bbox 413 1511 640 1578; x_wconf 89' lang='lat' dir='ltr'>Emmerammi</span> <span class='ocrx_word' id='word_1_85' title='bbox 668 1512 847 1594; x_wconf 70' lang='lat' dir='ltr'>cenobium</span> <span class='ocrx_word' id='word_1_86' title='bbox 875 1533 1085 1600; x_wconf 90' lang='lat' dir='ltr'>praenoscens</span> <span class='ocrx_word' id='word_1_87' title='bbox 1114 1520 1150 1580; x_wconf 88' lang='lat' dir='ltr'>ut</span> <span class='ocrx_word' id='word_1_88' title='bbox 1178 1533 1251 1580; x_wconf 93' lang='lat' dir='ltr'>reor</span> <span class='ocrx_word' id='word_1_89' title='bbox 1272 1511 1457 1600; x_wconf 69' lang='lat' dir='ltr'>prophetiae</span> 
     </span>
     <span class='ocr_line' id='line_1_12' title="bbox 290 1627 1458 1714; baseline -0.003 -18"><span class='ocrx_word' id='word_1_90' title='bbox 290 1627 404 1714; x_wconf 87' lang='lat' dir='ltr'>spiritu</span> <span class='ocrx_word' id='word_1_91' title='bbox 429 1663 469 1674; x_wconf 91' lang='lat'><strong>—</strong></span> <span class='ocrx_word' id='word_1_92' title='bbox 494 1629 577 1713; x_wconf 89' lang='lat' dir='ltr'>quod</span> <span class='ocrx_word' id='word_1_93' title='bbox 604 1635 636 1695; x_wconf 90' lang='lat' dir='ltr'>et</span> <span class='ocrx_word' id='word_1_94' title='bbox 662 1648 720 1694; x_wconf 92' lang='lat' dir='ltr'>nos</span> <span class='ocrx_word' id='word_1_95' title='bbox 748 1629 904 1695; x_wconf 89' lang='lat' dir='ltr'>cernimus</span> <span class='ocrx_word' id='word_1_96' title='bbox 932 1635 964 1696; x_wconf 89' lang='lat' dir='ltr'>et</span> <span class='ocrx_word' id='word_1_97' title='bbox 992 1630 1164 1696; x_wconf 84' lang='lat' dir='ltr'>anteriores</span> <span class='ocrx_word' id='word_1_98' title='bbox 1193 1630 1293 1696; x_wconf 81' lang='lat' dir='ltr'>nentri</span> <span class='ocrx_word' id='word_1_99' title='bbox 1314 1628 1380 1694; x_wconf 82' lang='lat' dir='ltr'>ium</span> <span class='ocrx_word' id='word_1_100' title='bbox 1403 1627 1458 1692; x_wconf 92' lang='lat' dir='ltr'>diu</span> 
     </span>
     <span class='ocr_line' id='line_1_13' title="bbox 290 1743 1459 1831; baseline 0 -21"><span class='ocrx_word' id='word_1_101' title='bbox 290 1744 455 1830; x_wconf 87' lang='lat' dir='ltr'>impletum</span> <span class='ocrx_word' id='word_1_102' title='bbox 489 1745 699 1811; x_wconf 85' lang='lat' dir='ltr'>viderunt-</span> <span class='ocrx_word' id='word_1_103' title='bbox 724 1744 794 1810; x_wconf 89' lang='lat' dir='ltr'>loca</span> <span class='ocrx_word' id='word_1_104' title='bbox 826 1751 950 1829; x_wconf 88' lang='lat' dir='ltr'>sancta,</span> <span class='ocrx_word' id='word_1_105' title='bbox 987 1765 1067 1831; x_wconf 85' lang='lat' dir='ltr'>qaae</span> <span class='ocrx_word' id='word_1_106' title='bbox 1100 1745 1284 1812; x_wconf 85' lang='lat' dir='ltr'>necessariis</span> <span class='ocrx_word' id='word_1_107' title='bbox 1312 1743 1459 1810; x_wconf 85' lang='lat' dir='ltr'>omnibus</span> 
     </span>
     <span class='ocr_line' id='line_1_14' title="bbox 289 1859 1459 1946; baseline -0.002 -20"><span class='ocrx_word' id='word_1_108' title='bbox 289 1859 480 1928; x_wconf 86' lang='lat' dir='ltr'>sufficienter</span> <span class='ocrx_word' id='word_1_109' title='bbox 503 1867 593 1927; x_wconf 86' lang='lat' dir='ltr'>erant</span> <span class='ocrx_word' id='word_1_110' title='bbox 615 1860 763 1928; x_wconf 89' lang='lat' dir='ltr'>redimita</span> <span class='ocrx_word' id='word_1_111' title='bbox 786 1881 806 1926; x_wconf 90' lang='lat' dir='ltr'>a</span> <span class='ocrx_word' id='word_1_112' title='bbox 822 1860 887 1926; x_wconf 89' lang='lat' dir='ltr'>nis</span> <span class='ocrx_word' id='word_1_113' title='bbox 902 1861 1145 1944; x_wconf 77' lang='lat' dir='ltr'>institutoribus,</span> <span class='ocrx_word' id='word_1_114' title='bbox 1168 1860 1287 1928; x_wconf 87' lang='lat' dir='ltr'>tradita</span> <span class='ocrx_word' id='word_1_115' title='bbox 1301 1879 1376 1926; x_wconf 84' lang='lat' dir='ltr'>vero</span> <span class='ocrx_word' id='word_1_116' title='bbox 1391 1859 1459 1946; x_wconf 91' lang='lat' dir='ltr'>epi-</span> 
     </span>
     <span class='ocr_line' id='line_1_15' title="bbox 289 1975 1459 2065; baseline -0.002 -21"><span class='ocrx_word' id='word_1_117' title='bbox 289 1978 403 2065; x_wconf 89' lang='lat' dir='ltr'>scopis,</span> <span class='ocrx_word' id='word_1_118' title='bbox 427 1981 460 2044; x_wconf 88' lang='lat' dir='ltr'>et</span> <span class='ocrx_word' id='word_1_119' title='bbox 480 1977 514 2043; x_wconf 91' lang='lat' dir='ltr'>iu</span> <span class='ocrx_word' id='word_1_120' title='bbox 539 1977 704 2063; x_wconf 85' lang='lat' dir='ltr'>penuriam</span> <span class='ocrx_word' id='word_1_121' title='bbox 727 1977 900 2044; x_wconf 84' lang='lat' dir='ltr'>maximam</span> <span class='ocrx_word' id='word_1_122' title='bbox 923 1983 956 2044; x_wconf 90' lang='lat' dir='ltr'>et</span> <span class='ocrx_word' id='word_1_123' title='bbox 977 1979 1010 2044; x_wconf 95' lang='lat' dir='ltr'>iu</span> <span class='ocrx_word' id='word_1_124' title='bbox 1033 1977 1276 2045; x_wconf 78' lang='lat' dir='ltr'>destructionem</span> <span class='ocrx_word' id='word_1_125' title='bbox 1298 1977 1394 2043; x_wconf 84' lang='lat' dir='ltr'>totius</span> <span class='ocrx_word' id='word_1_126' title='bbox 1410 1975 1459 2042; x_wconf 86' lang='lat' dir='ltr'>di·</span> 
     </span>
     <span class='ocr_line' id='line_1_16' title="bbox 288 2092 1458 2181; baseline -0.002 -21"><span class='ocrx_word' id='word_1_127' title='bbox 288 2094 441 2180; x_wconf 86' lang='lat' dir='ltr'>sciplinae</span> <span class='ocrx_word' id='word_1_128' title='bbox 475 2093 629 2177; x_wconf 77' lang='lat' dir='ltr'>regularis</span> <span class='ocrx_word' id='word_1_129' title='bbox 657 2098 790 2160; x_wconf 82' lang='lat' dir='ltr'>ventura</span> <span class='ocrx_word' id='word_1_130' title='bbox 818 2093 897 2160; x_wconf 88' lang='lat' dir='ltr'>fore.</span> <span class='ocrx_word' id='word_1_131' title='bbox 938 2092 1000 2160; x_wconf 91' lang='lat' dir='ltr'>Sed</span> <span class='ocrx_word' id='word_1_132' title='bbox 1028 2093 1088 2160; x_wconf 87' lang='lat' dir='ltr'>hoe</span> <span class='ocrx_word' id='word_1_133' title='bbox 1113 2113 1311 2181; x_wconf 83' lang='lat' dir='ltr'>nequequam</span> <span class='ocrx_word' id='word_1_134' title='bbox 1340 2093 1458 2159; x_wconf 85' lang='lat' dir='ltr'>idcireo</span> 
     </span>
     <span class='ocr_line' id='line_1_17' title="bbox 290 2208 1458 2296; baseline -0.001 -21"><span class='ocrx_word' id='word_1_135' title='bbox 290 2209 375 2294; x_wconf 90' lang='lat' dir='ltr'>dico,</span> <span class='ocrx_word' id='word_1_136' title='bbox 405 2210 489 2294; x_wconf 91' lang='lat' dir='ltr'>quod</span> <span class='ocrx_word' id='word_1_137' title='bbox 517 2210 625 2275; x_wconf 89' lang='lat' dir='ltr'>omnia</span> <span class='ocrx_word' id='word_1_138' title='bbox 651 2209 781 2276; x_wconf 82' lang='lat' dir='ltr'>cenobio</span> <span class='ocrx_word' id='word_1_139' title='bbox 808 2208 965 2296; x_wconf 89' lang='lat' dir='ltr'>episcopie</span> <span class='ocrx_word' id='word_1_140' title='bbox 993 2208 1134 2276; x_wconf 84' lang='lat' dir='ltr'>subiecta</span> <span class='ocrx_word' id='word_1_141' title='bbox 1161 2210 1321 2277; x_wconf 79' lang='lat' dir='ltr'>destructe</span> <span class='ocrx_word' id='word_1_142' title='bbox 1348 2209 1458 2292; x_wconf 83' lang='lat' dir='ltr'>sciam,</span> 
     </span>
     <span class='ocr_line' id='line_1_18' title="bbox 289 2325 1460 2411; baseline -0.001 -19"><span class='ocrx_word' id='word_1_143' title='bbox 289 2325 344 2392; x_wconf 91' lang='lat' dir='ltr'>sed</span> <span class='ocrx_word' id='word_1_144' title='bbox 367 2330 490 2411; x_wconf 83' lang='lat' dir='ltr'>portem</span> <span class='ocrx_word' id='word_1_145' title='bbox 512 2326 693 2392; x_wconf 85' lang='lat' dir='ltr'>maximam.</span> <span class='ocrx_word' id='word_1_146' title='bbox 729 2325 819 2404; x_wconf 82' lang='lat' dir='ltr'>Quod</span> <span class='ocrx_word' id='word_1_147' title='bbox 833 2330 941 2392; x_wconf 85' lang='lat' dir='ltr'>tamen</span> <span class='ocrx_word' id='word_1_148' title='bbox 964 2345 1001 2393; x_wconf 94' lang='lat' dir='ltr'>eo</span> <span class='ocrx_word' id='word_1_149' title='bbox 1017 2326 1118 2410; x_wconf 80' lang='lat' dir='ltr'>magis</span> <span class='ocrx_word' id='word_1_150' title='bbox 1133 2325 1300 2392; x_wconf 91' lang='lat' dir='ltr'>dolendum</span> <span class='ocrx_word' id='word_1_151' title='bbox 1317 2332 1349 2392; x_wconf 90' lang='lat' dir='ltr'>et</span> <span class='ocrx_word' id='word_1_152' title='bbox 1364 2325 1460 2392; x_wconf 89' lang='lat' dir='ltr'>mise·</span> 
     </span>
     <span class='ocr_line' id='line_1_19' title="bbox 289 2440 1461 2528; baseline 0.001 -21"><span class='ocrx_word' id='word_1_153' title='bbox 289 2440 422 2507; x_wconf 91' lang='lat' dir='ltr'>randum</span> <span class='ocrx_word' id='word_1_154' title='bbox 445 2440 580 2524; x_wconf 84' lang='lat' dir='ltr'>ridetur,</span> <span class='ocrx_word' id='word_1_155' title='bbox 604 2443 792 2527; x_wconf 91' lang='lat' dir='ltr'>quominus</span> <span class='ocrx_word' id='word_1_156' title='bbox 816 2443 855 2509; x_wconf 88' lang='lat' dir='ltr'>ab</span> <span class='ocrx_word' id='word_1_157' title='bbox 878 2443 1097 2526; x_wconf 80' lang='lat' dir='ltr'>ignorantibus</span> <span class='ocrx_word' id='word_1_158' title='bbox 1119 2443 1197 2526; x_wconf 79' lang='lat' dir='ltr'>legis</span> <span class='ocrx_word' id='word_1_159' title='bbox 1220 2442 1346 2508; x_wconf 87' lang='lat' dir='ltr'>divinae</span> <span class='ocrx_word' id='word_1_160' title='bbox 1366 2461 1461 2528; x_wconf 85' lang='lat' dir='ltr'>prae-</span> 
     </span>
     <span class='ocr_line' id='line_1_20' title="bbox 290 2558 1460 2645; baseline 0 -21"><span class='ocrx_word' id='word_1_161' title='bbox 290 2562 382 2644; x_wconf 88' lang='lat' dir='ltr'>cepta</span> <span class='ocrx_word' id='word_1_162' title='bbox 409 2558 464 2624; x_wconf 91' lang='lat' dir='ltr'>sed</span> <span class='ocrx_word' id='word_1_163' title='bbox 487 2576 507 2623; x_wconf 88' lang='lat' dir='ltr'>a</span> <span class='ocrx_word' id='word_1_164' title='bbox 529 2558 719 2624; x_wconf 86' lang='lat' dir='ltr'>doctissimis</span> <span class='ocrx_word' id='word_1_165' title='bbox 742 2558 862 2641; x_wconf 79' lang='lat' dir='ltr'>agitur3</span> <span class='ocrx_word' id='word_1_166' title='bbox 891 2560 961 2645; x_wconf 88' lang='lat' dir='ltr'>qui,</span> <span class='ocrx_word' id='word_1_167' title='bbox 989 2559 1158 2626; x_wconf 86' lang='lat' dir='ltr'>commissa</span> <span class='ocrx_word' id='word_1_168' title='bbox 1179 2558 1240 2625; x_wconf 87' lang='lat' dir='ltr'>sibi</span> <span class='ocrx_word' id='word_1_169' title='bbox 1261 2558 1460 2626; x_wconf 79' lang='lat' dir='ltr'>destruentes</span> 
     </span>
     <span class='ocr_line' id='line_1_21' title="bbox 290 2673 1462 2761; baseline -0.002 -19"><span class='ocrx_word' id='word_1_170' title='bbox 290 2673 429 2756; x_wconf 82' lang='lat' dir='ltr'>cenobia,</span> <span class='ocrx_word' id='word_1_171' title='bbox 452 2693 515 2740; x_wconf 93' lang='lat' dir='ltr'>non</span> <span class='ocrx_word' id='word_1_172' title='bbox 538 2673 641 2741; x_wconf 88' lang='lat' dir='ltr'>solnm</span> <span class='ocrx_word' id='word_1_173' title='bbox 662 2675 725 2761; x_wconf 91' lang='lat' dir='ltr'>ipsi</span> <span class='ocrx_word' id='word_1_174' title='bbox 747 2681 879 2761; x_wconf 83' lang='lat' dir='ltr'>peccent</span> <span class='ocrx_word' id='word_1_175' title='bbox 901 2675 1067 2742; x_wconf 83' lang='lat' dir='ltr'>sedetiam</span> <span class='ocrx_word' id='word_1_176' title='bbox 1083 2673 1462 2761; x_wconf 82' lang='lat' dir='ltr'>laicospeocarefeeiant</span> 
     </span>
     <span class='ocr_line' id='line_1_22' title="bbox 289 2790 1461 2877; baseline 0 -21"><span class='ocrx_word' id='word_1_177' title='bbox 289 2791 324 2856; x_wconf 91' lang='lat' dir='ltr'>in</span> <span class='ocrx_word' id='word_1_178' title='bbox 346 2791 455 2857; x_wconf 90' lang='lat' dir='ltr'>eadem</span> <span class='ocrx_word' id='word_1_179' title='bbox 479 2791 698 2857; x_wconf 73' lang='lat' dir='ltr'>destructione.</span> <span class='ocrx_word' id='word_1_180' title='bbox 734 2791 811 2868; x_wconf 80' lang='lat' dir='ltr'>Quis</span> <span class='ocrx_word' id='word_1_181' title='bbox 833 2791 918 2856; x_wconf 88' lang='lat' dir='ltr'>enim</span> <span class='ocrx_word' id='word_1_182' title='bbox 940 2790 1092 2856; x_wconf 87' lang='lat' dir='ltr'>laicorum</span> <span class='ocrx_word' id='word_1_183' title='bbox 1113 2811 1178 2858; x_wconf 92' lang='lat' dir='ltr'>non</span> <span class='ocrx_word' id='word_1_184' title='bbox 1193 2797 1293 2877; x_wconf 73' lang='lat' dir='ltr'>putat,</span> <span class='ocrx_word' id='word_1_185' title='bbox 1318 2791 1379 2856; x_wconf 89' lang='lat' dir='ltr'>sibi</span> <span class='ocrx_word' id='word_1_186' title='bbox 1394 2791 1461 2856; x_wconf 89' lang='lat' dir='ltr'>iam</span> 
     </span>
     <span class='ocr_line' id='line_1_23' title="bbox 289 2906 1461 2992; baseline -0.002 -18"><span class='ocrx_word' id='word_1_187' title='bbox 289 2907 399 2991; x_wconf 89' lang='lat' dir='ltr'>licere,</span> <span class='ocrx_word' id='word_1_188' title='bbox 434 2907 582 2992; x_wconf 91' lang='lat' dir='ltr'>quicquid</span> <span class='ocrx_word' id='word_1_189' title='bbox 610 2907 739 2972; x_wconf 86' lang='lat' dir='ltr'>clericos</span> <span class='ocrx_word' id='word_1_190' title='bbox 769 2907 870 2972; x_wconf 86' lang='lat' dir='ltr'>cernit</span> <span class='ocrx_word' id='word_1_191' title='bbox 898 2907 1022 2974; x_wconf 87' lang='lat' dir='ltr'>facere?</span> <span class='ocrx_word' id='word_1_192' title='bbox 1057 2907 1147 2974; x_wconf 86' lang='lat' dir='ltr'>Unde</span> <span class='ocrx_word' id='word_1_193' title='bbox 1175 2907 1209 2973; x_wconf 90' lang='lat' dir='ltr'>in</span> <span class='ocrx_word' id='word_1_194' title='bbox 1237 2906 1285 2973; x_wconf 90' lang='lat' dir='ltr'>his</span> <span class='ocrx_word' id='word_1_195' title='bbox 1313 2906 1461 2973; x_wconf 86' lang='lat' dir='ltr'>omnibus</span> 
     </span>
     <span class='ocr_line' id='line_1_24' title="bbox 290 3021 1464 3109; baseline -0.001 -21"><span class='ocrx_word' id='word_1_196' title='bbox 290 3022 440 3088; x_wconf 89' lang='lat' dir='ltr'>Karolum</span> <span class='ocrx_word' id='word_1_197' title='bbox 469 3043 645 3108; x_wconf 84' lang='lat' dir='ltr'>proponere</span> <span class='ocrx_word' id='word_1_198' title='bbox 673 3042 840 3108; x_wconf 86' lang='lat' dir='ltr'>possumus</span> <span class='ocrx_word' id='word_1_199' title='bbox 870 3023 910 3088; x_wconf 90' lang='lat' dir='ltr'>ad</span> <span class='ocrx_word' id='word_1_200' title='bbox 932 3021 1121 3109; x_wconf 83' lang='lat' dir='ltr'>exemplum.</span> <span class='ocrx_word' id='word_1_201' title='bbox 1159 3022 1247 3090; x_wconf 86' lang='lat' dir='ltr'>Sicut</span> <span class='ocrx_word' id='word_1_202' title='bbox 1269 3023 1355 3092; x_wconf 91' lang='lat' dir='ltr'>cuim</span> <span class='ocrx_word' id='word_1_203' title='bbox 1376 3023 1464 3088; x_wconf 90' lang='lat' dir='ltr'>inter</span> 
     </span>
     <span class='ocr_line' id='line_1_25' title="bbox 289 3137 1461 3222; baseline -0.001 -17"><span class='ocrx_word' id='word_1_204' title='bbox 289 3159 397 3222; x_wconf 72' lang='lat' dir='ltr'>reges,</span> <span class='ocrx_word' id='word_1_205' title='bbox 426 3157 622 3205; x_wconf 79' lang='lat' dir='ltr'>successores</span> <span class='ocrx_word' id='word_1_206' title='bbox 646 3138 790 3206; x_wconf 86' lang='lat' dir='ltr'>videlicet</span> <span class='ocrx_word' id='word_1_207' title='bbox 813 3157 902 3222; x_wconf 90' lang='lat' dir='ltr'>suos,</span> <span class='ocrx_word' id='word_1_208' title='bbox 932 3159 996 3206; x_wconf 93' lang='lat' dir='ltr'>uon</span> <span class='ocrx_word' id='word_1_209' title='bbox 1026 3145 1074 3207; x_wconf 86' lang='lat' dir='ltr'>est</span> <span class='ocrx_word' id='word_1_210' title='bbox 1096 3139 1241 3205; x_wconf 86' lang='lat' dir='ltr'>iuventus</span> <span class='ocrx_word' id='word_1_211' title='bbox 1265 3138 1378 3205; x_wconf 91' lang='lat' dir='ltr'>similis</span> <span class='ocrx_word' id='word_1_212' title='bbox 1400 3137 1461 3222; x_wconf 87' lang='lat' dir='ltr'>illi,</span> 
     </span>
    </p>
   </div>
   <div class='ocr_carea' id='block_1_3' title="bbox 290 3253 1579 3458">
    <p class='ocr_par' dir='ltr' id='par_1_3' title="bbox 290 3253 1579 3460">
     <span class='ocr_line' id='line_1_26' title="bbox 291 3253 1579 3348; baseline 0 -28"><span class='ocrx_word' id='word_1_213' title='bbox 291 3255 344 3340; x_wconf 90' lang='lat' dir='ltr'>qui</span> <span class='ocrx_word' id='word_1_214' title='bbox 366 3261 567 3322; x_wconf 78' lang='lat' dir='ltr'>conservaret</span> <span class='ocrx_word' id='word_1_215' title='bbox 587 3255 689 3340; x_wconf 78' lang='lat' dir='ltr'>legem</span> <span class='ocrx_word' id='word_1_216' title='bbox 703 3253 840 3335; x_wconf 83' lang='lat' dir='ltr'>Encelsi,</span> <span class='ocrx_word' id='word_1_217' title='bbox 864 3255 911 3320; x_wconf 87' lang='lat' dir='ltr'>ita</span> <span class='ocrx_word' id='word_1_218' title='bbox 932 3254 1038 3320; x_wconf 88' lang='lat' dir='ltr'>nullus</span> <span class='ocrx_word' id='word_1_219' title='bbox 1061 3275 1167 3321; x_wconf 92' lang='lat' dir='ltr'>eorum</span> <span class='ocrx_word' id='word_1_220' title='bbox 1191 3261 1355 3341; x_wconf 85' lang='lat' dir='ltr'>postcom</span> <span class='ocrx_word' id='word_1_221' title='bbox 1370 3259 1464 3320; x_wconf 79' lang='lat' dir='ltr'>tauta</span> <span class='ocrx_word' id='word_1_222' title='bbox 1578 3309 1579 3348; x_wconf 58' lang='lat'>,</span> 
     </span>
     <span class='ocr_line' id='line_1_27' title="bbox 290 3370 1464 3458; baseline 0.001 -22"><span class='ocrx_word' id='word_1_223' title='bbox 290 3370 392 3455; x_wconf 80' lang='lat' dir='ltr'>gloria</span> <span class='ocrx_word' id='word_1_224' title='bbox 417 3375 569 3457; x_wconf 79' lang='lat' dir='ltr'>tantaque</span> <span class='ocrx_word' id='word_1_225' title='bbox 597 3371 740 3458; x_wconf 83' lang='lat' dir='ltr'>potentie</span> <span class='ocrx_word' id='word_1_226' title='bbox 767 3371 887 3458; x_wconf 86' lang='lat' dir='ltr'>potitus</span> <span class='ocrx_word' id='word_1_227' title='bbox 916 3371 1024 3438; x_wconf 88' lang='lat' dir='ltr'>estin</span> <span class='ocrx_word' id='word_1_228' title='bbox 1053 3372 1113 3438; x_wconf 90' lang='lat' dir='ltr'>hoc</span> <span class='ocrx_word' id='word_1_229' title='bbox 1135 3370 1257 3438; x_wconf 75' lang='lat' dir='ltr'>seculo</span> <span class='ocrx_word' id='word_1_230' title='bbox 1284 3370 1464 3456; x_wconf 81' lang='lat' dir='ltr'>Meritoque</span> 
     </span>
    </p>
   </div>
   <div class='ocr_carea' id='block_1_4' title="bbox 235 3486 1578 3808">
    <p class='ocr_par' dir='ltr' id='par_1_4' title="bbox 235 3486 1578 3808">
     <span class='ocr_line' id='line_1_28' title="bbox 291 3486 1578 3596; baseline 0.002 -44"><span class='ocrx_word' id='word_1_231' title='bbox 291 3487 330 3554; x_wconf 91' lang='lat' dir='ltr'>de</span> <span class='ocrx_word' id='word_1_232' title='bbox 352 3486 406 3554; x_wconf 88' lang='lat' dir='ltr'>illo</span> <span class='ocrx_word' id='word_1_233' title='bbox 429 3487 559 3554; x_wconf 87' lang='lat' dir='ltr'>dicitur:</span> <span class='ocrx_word' id='word_1_234' title='bbox 582 3489 658 3555; x_wconf 79' lang='lat' dir='ltr'>Noe</span> <span class='ocrx_word' id='word_1_235' title='bbox 680 3491 800 3555; x_wconf 82' lang='lat' dir='ltr'>recedet</span> <span class='ocrx_word' id='word_1_236' title='bbox 820 3491 972 3554; x_wconf 69' lang='lat' dir='ltr'>demorsa</span> <span class='ocrx_word' id='word_1_237' title='bbox 994 3492 1071 3569; x_wconf 76' lang='lat' dir='ltr'>eires,</span> <span class='ocrx_word' id='word_1_238' title='bbox 1096 3503 1125 3554; x_wconf 84' lang='lat' dir='ltr'>et</span> <span class='ocrx_word' id='word_1_239' title='bbox 1144 3509 1257 3554; x_wconf 72' lang='lat' dir='ltr'>comen</span> <span class='ocrx_word' id='word_1_240' title='bbox 1271 3492 1336 3553; x_wconf 79' lang='lat' dir='ltr'>eice</span> <span class='ocrx_word' id='word_1_241' title='bbox 1351 3492 1462 3574; x_wconf 76' lang='lat' dir='ltr'>requi·</span> <span class='ocrx_word' id='word_1_242' title='bbox 1577 3585 1578 3596; x_wconf 9' lang='grc' dir='ltr'>ἵ</span> 
     </span>
     <span class='ocr_line' id='line_1_29' title="bbox 235 3599 1578 3702; baseline 0.001 -33"><span class='ocrx_word' id='word_1_243' title='bbox 235 3673 238 3678; x_wconf 70' lang='grc'>,</span> <span class='ocrx_word' id='word_1_244' title='bbox 290 3617 375 3670; x_wconf 77' lang='lat' dir='ltr'>retur</span> <span class='ocrx_word' id='word_1_245' title='bbox 397 3630 419 3670; x_wconf 83' lang='lat' dir='ltr'><em>a</em></span> <span class='ocrx_word' id='word_1_246' title='bbox 438 3607 638 3692; x_wconf 72' lang='lat' dir='ltr'>peroratione</span> <span class='ocrx_word' id='word_1_247' title='bbox 658 3609 694 3670; x_wconf 78' lang='lat' dir='ltr'>in</span> <span class='ocrx_word' id='word_1_248' title='bbox 714 3608 945 3690; x_wconf 61' lang='lat' dir='ltr'>penetrationem</span> <span class='ocrx_word' id='word_1_249' title='bbox 952 3599 970 3668; x_wconf 84' lang='lat'>¹.</span> <span class='ocrx_word' id='word_1_250' title='bbox 1060 3603 1142 3682; x_wconf 82' lang='lat' dir='ltr'>Quia</span> <span class='ocrx_word' id='word_1_251' title='bbox 1162 3604 1260 3688; x_wconf 77' lang='lat' dir='ltr'>igitur</span> <span class='ocrx_word' id='word_1_252' title='bbox 1283 3605 1406 3670; x_wconf 86' lang='lat' dir='ltr'>occasio</span> <span class='ocrx_word' id='word_1_253' title='bbox 1425 3623 1463 3670; x_wconf 86' lang='lat' dir='ltr'>se</span> <span class='ocrx_word' id='word_1_254' title='bbox 1577 3665 1578 3702; x_wconf 26' lang='grc' dir='ltr'><strong>ἶ</strong></span> 
     </span>
     <span class='ocr_line' id='line_1_30' title="bbox 290 3718 1463 3808; baseline -0.001 -22"><span class='ocrx_word' id='word_1_255' title='bbox 290 3719 363 3786; x_wconf 87' lang='lat' dir='ltr'>talis</span> <span class='ocrx_word' id='word_1_256' title='bbox 390 3721 537 3808; x_wconf 85' lang='lat' dir='ltr'>praebuit</span> <span class='ocrx_word' id='word_1_257' title='bbox 557 3726 608 3805; x_wconf 90' lang='lat' dir='ltr'>ut,</span> <span class='ocrx_word' id='word_1_258' title='bbox 637 3726 935 3804; x_wconf 72' lang='lat' dir='ltr'>commemorantes,</span> <span class='ocrx_word' id='word_1_259' title='bbox 964 3727 1083 3805; x_wconf 79' lang='lat' dir='ltr'>quanta</span> <span class='ocrx_word' id='word_1_260' title='bbox 1105 3720 1216 3804; x_wconf 79' lang='lat' dir='ltr'>religio</span> <span class='ocrx_word' id='word_1_261' title='bbox 1240 3718 1297 3786; x_wconf 82' lang='lat' dir='ltr'>sub</span> <span class='ocrx_word' id='word_1_262' title='bbox 1321 3719 1463 3805; x_wconf 82' lang='lat' dir='ltr'>antiquis</span> 
     </span>
    </p>
   </div>
   <div class='ocr_carea' id='block_1_5' title="bbox 290 3835 1577 4272">
    <p class='ocr_par' dir='ltr' id='par_1_5' title="bbox 290 3829 1578 4272">
     <span class='ocr_line' id='line_1_31' title="bbox 290 3835 1464 3925; baseline 0 -22"><span class='ocrx_word' id='word_1_263' title='bbox 290 3837 485 3925; x_wconf 88' lang='lat' dir='ltr'>principibus</span> <span class='ocrx_word' id='word_1_264' title='bbox 515 3841 693 3922; x_wconf 83' lang='lat' dir='ltr'>quantaque</span> <span class='ocrx_word' id='word_1_265' title='bbox 720 3837 817 3903; x_wconf 87' lang='lat' dir='ltr'>fuerit</span> <span class='ocrx_word' id='word_1_266' title='bbox 843 3836 1013 3904; x_wconf 89' lang='lat' dir='ltr'>destructio</span> <span class='ocrx_word' id='word_1_267' title='bbox 1043 3836 1183 3903; x_wconf 88' lang='lat' dir='ltr'>eiusdem</span> <span class='ocrx_word' id='word_1_268' title='bbox 1210 3835 1373 3920; x_wconf 80' lang='lat' dir='ltr'>religionis</span> <span class='ocrx_word' id='word_1_269' title='bbox 1401 3837 1464 3903; x_wconf 86' lang='lat' dir='ltr'>sub</span> 
     </span>
     <span class='ocr_line' id='line_1_32' title="bbox 290 3951 1465 4041; baseline -0.002 -22"><span class='ocrx_word' id='word_1_270' title='bbox 290 3954 466 4037; x_wconf 87' lang='lat' dir='ltr'>modernis,</span> <span class='ocrx_word' id='word_1_271' title='bbox 494 3973 552 4041; x_wconf 90' lang='lat' dir='ltr'>per</span> <span class='ocrx_word' id='word_1_272' title='bbox 578 3953 758 4020; x_wconf 90' lang='lat' dir='ltr'>huiusmodi</span> <span class='ocrx_word' id='word_1_273' title='bbox 780 3953 941 4040; x_wconf 79' lang='lat' dir='ltr'>opposito,</span> <span class='ocrx_word' id='word_1_274' title='bbox 972 3951 1085 4039; x_wconf 86' lang='lat' dir='ltr'>quibus</span> <span class='ocrx_word' id='word_1_275' title='bbox 1106 3953 1184 4040; x_wconf 80' lang='lat' dir='ltr'>quid</span> <span class='ocrx_word' id='word_1_276' title='bbox 1205 3953 1248 4018; x_wconf 91' lang='lat' dir='ltr'>sit</span> <span class='ocrx_word' id='word_1_277' title='bbox 1269 3953 1383 4020; x_wconf 90' lang='lat' dir='ltr'>meiius</span> <span class='ocrx_word' id='word_1_278' title='bbox 1406 3952 1465 4018; x_wconf 91' lang='lat' dir='ltr'>de-</span> 
     </span>
     <span class='ocr_line' id='line_1_33' title="bbox 291 4059 1577 4155; baseline -0.002 -20"><span class='ocrx_word' id='word_1_279' title='bbox 291 4069 444 4154; x_wconf 87' lang='lat' dir='ltr'>claratur,</span> <span class='ocrx_word' id='word_1_280' title='bbox 473 4071 594 4155; x_wconf 89' lang='lat' dir='ltr'>aliquos</span> <span class='ocrx_word' id='word_1_281' title='bbox 618 4071 713 4137; x_wconf 74' lang='lat' dir='ltr'>edam</span> <span class='ocrx_word' id='word_1_282' title='bbox 735 4070 938 4136; x_wconf 80' lang='lat' dir='ltr'>incitaremus</span> <span class='ocrx_word' id='word_1_283' title='bbox 962 4069 1002 4136; x_wconf 80' lang='lat' dir='ltr'>ed</span> <span class='ocrx_word' id='word_1_284' title='bbox 1025 4069 1170 4150; x_wconf 86' lang='lat' dir='ltr'>meliora;</span> <span class='ocrx_word' id='word_1_285' title='bbox 1199 4089 1308 4152; x_wconf 91' lang='lat' dir='ltr'>nemo,</span> <span class='ocrx_word' id='word_1_286' title='bbox 1337 4087 1464 4154; x_wconf 89' lang='lat' dir='ltr'>precor,</span> <span class='ocrx_word' id='word_1_287' title='bbox 1575 4059 1577 4150; x_wconf 62' lang='grc' dir='ltr'><em>ξ</em></span> 
     </span>
     <span class='ocr_line' id='line_1_34' title="bbox 291 4169 1577 4272; baseline -0.005 -21"><span class='ocrx_word' id='word_1_288' title='bbox 291 4185 368 4252; x_wconf 87' lang='lat' dir='ltr'>haec</span> <span class='ocrx_word' id='word_1_289' title='bbox 389 4185 520 4269; x_wconf 72' lang='lat' dir='ltr'>teodigna</span> <span class='ocrx_word' id='word_1_290' title='bbox 540 4187 624 4254; x_wconf 88' lang='lat' dir='ltr'>lectu</span> <span class='ocrx_word' id='word_1_291' title='bbox 646 4193 679 4254; x_wconf 86' lang='lat' dir='ltr'>et</span> <span class='ocrx_word' id='word_1_292' title='bbox 701 4187 812 4254; x_wconf 85' lang='lat' dir='ltr'>auditu</span> <span class='ocrx_word' id='word_1_293' title='bbox 834 4187 1000 4270; x_wconf 88' lang='lat' dir='ltr'>decernat,</span> <span class='ocrx_word' id='word_1_294' title='bbox 1022 4187 1078 4254; x_wconf 90' lang='lat' dir='ltr'>sed</span> <span class='ocrx_word' id='word_1_295' title='bbox 1100 4185 1205 4272; x_wconf 86' lang='lat' dir='ltr'>potius</span> <span class='ocrx_word' id='word_1_296' title='bbox 1229 4184 1409 4268; x_wconf 84' lang='lat' dir='ltr'>attendens,</span> <span class='ocrx_word' id='word_1_297' title='bbox 1432 4185 1465 4250; x_wconf 91' lang='lat' dir='ltr'>si</span> <span class='ocrx_word' id='word_1_298' title='bbox 1575 4169 1577 4245; x_wconf 58' lang='grc' dir='ltr'>ι</span> 
     </span>
    </p>
   </div>
   <div class='ocr_carea' id='block_1_6' title="bbox 291 4301 1465 4503">
    <p class='ocr_par' dir='ltr' id='par_1_6' title="bbox 291 4301 1465 4503">
     <span class='ocr_line' id='line_1_35' title="bbox 291 4301 1465 4390; baseline 0.002 -24"><span class='ocrx_word' id='word_1_299' title='bbox 291 4301 437 4368; x_wconf 78' lang='lat' dir='ltr'>intanta</span> <span class='ocrx_word' id='word_1_300' title='bbox 459 4301 669 4370; x_wconf 87' lang='lat' dir='ltr'>destructione</span> <span class='ocrx_word' id='word_1_301' title='bbox 692 4323 764 4370; x_wconf 88' lang='lat' dir='ltr'>reus</span> <span class='ocrx_word' id='word_1_302' title='bbox 787 4303 912 4389; x_wconf 81' lang='lat' dir='ltr'>existet,</span> <span class='ocrx_word' id='word_1_303' title='bbox 935 4303 1077 4390; x_wconf 87' lang='lat' dir='ltr'>penitere</span> <span class='ocrx_word' id='word_1_304' title='bbox 1093 4307 1126 4370; x_wconf 88' lang='lat' dir='ltr'>et</span> <span class='ocrx_word' id='word_1_305' title='bbox 1142 4301 1311 4368; x_wconf 77' lang='lat' dir='ltr'>emendare</span> <span class='ocrx_word' id='word_1_306' title='bbox 1324 4301 1465 4384; x_wconf 74' lang='lat' dir='ltr'>studeat,</span> 
     </span>
     <span class='ocr_line' id='line_1_36' title="bbox 366 4431 610 4503; baseline 0.008 -17"><span class='ocrx_word' id='word_1_307' title='bbox 366 4433 390 4486; x_wconf 94' lang='grc'>1.</span> <span class='ocrx_word' id='word_1_308' title='bbox 415 4431 498 4487; x_wconf 81' lang='lat' dir='ltr'>Ecclt.</span> <span class='ocrx_word' id='word_1_309' title='bbox 510 4433 554 4503; x_wconf 83' lang='lat'>39,</span> <span class='ocrx_word' id='word_1_310' title='bbox 568 4435 610 4488; x_wconf 86' lang='lat'>13.</span> 
     </span>
    </p>
   </div>
   <div class='ocr_carea' id='block_1_7' title="bbox 0 0 1593 4842">
    <p class='ocr_par' dir='ltr' id='par_1_7' title="bbox 0 0 1593 4842">
     <span class='ocr_line' id='line_1_37' title="bbox 0 0 1593 4842; baseline 0 0"><span class='ocrx_word' id='word_1_311' title='bbox 0 0 1593 4842; x_wconf 95' lang='lat' dir='ltr'> </span> 
     </span>
    </p>
   </div>
  </div>
 </body>
</html>
