3144 4852
506 313 661 362 senesce
684 312 870 362 scemusne
1207 295 1267 360 701

107 478 138 522 c.
154 453 221 521 939
240 476 338 542 mque
353 455 539 536 adhibuerit,
562 478 619 522 esec
634 458 810 542 copnocerit
823 455 1015 542 Mopuntinc
1029 456 1182 541 precedam
1197 455 1270 520 Mo-

104 573 234 657 puntc'ni
253 572 369 636 codicis
391 566 622 638 additamentc¹
643 572 765 638 ruendo
780 571 815 636 Χ
826 571 931 656 factu.

197 687 403 774 Moqumtimue
431 689 527 754 cedere
548 691 648 773 ipitcr
667 687 778 774 paullo
800 700 873 774 poet
894 709 1012 752 uncum
1034 686 1100 752 939
1123 698 1270 752 eearacm

107 816 160 869 eet.
195 803 321 870 Etenim
343 827 413 869 cum
435 805 551 884 eadem,
576 807 630 870 oui
650 817 776 869 cunctue
800 804 877 869 biber
900 803 1036 884 debetur,
1059 825 1171 866 monce
1191 813 1269 866 toton

106 919 236 984 candoe
263 921 337 985 inde
365 942 386 985 a
406 919 473 986 709
501 922 544 985 ud
565 919 631 986 939
659 941 757 1006 utque
781 914 954 1006 poeeeieeet¹
977 933 1070 1006 utque
1092 920 1136 984 ad
1158 942 1187 984 a.
1203 917 1270 984 937

107 1036 318 1102 adnomuiceet
331 1035 491 1102 Friderici
509 1036 738 1123 archiepiscopi
752 1037 990 1118 ordinationem,
1014 1039 1081 1101 ium
1094 1037 1184 1101 ietim
1199 1055 1268 1099 euo-

107 1173 209 1217 ceeeor
227 1151 430 1218 Wibiihdmuc
445 1151 675 1234 (954-968),
701 1153 823 1219 Ottonie
835 1153 859 1218 Ι
867 1155 1068 1240 icuperctorie
1075 1153 1176 1236 filice,
1191 1172 1269 1238 poe-

106 1269 186 1334 eedit
208 1269 343 1334 codicem
364 1291 483 1356 cunque
503 1291 601 1334 manu
623 1291 779 1334 annorum
800 1269 867 1336 953
890 1281 918 1336 et
939 1269 1006 1336 954
1027 1269 1192 1333 memoriae
1211 1289 1269 1331 an·

105 1384 231 1449 nabibuc
264 1386 419 1451 adiuuerit.
459 1385 586 1451 Deinde
616 1386 752 1451 codicem
783 1388 955 1472 reperimur
990 1385 1117 1471 lorcyum
1151 1395 1270 1469 terpus

104 1503 314 1586 permmmiece
340 1501 540 1588 Mequmtiue,
575 1501 633 1567 ubi
662 1513 691 1567 et
717 1501 839 1566 caecubo
865 1501 922 1566 XI
946 1499 1116 1565 Mariamme
1146 1497 1270 1565 Scottus

106 1617 274 1682 amucbibue
297 1617 508 1704 Ampierceibue
538 1630 566 1683 et
591 1639 670 1683 eaeo.
687 1617 764 1682 XII
783 1615 818 1684 S.
835 1617 987 1683 Dieibodc'
1014 1616 1174 1681 cunaliotc
1196 1615 1270 1679 aliie

106 1735 222 1797 codicis
245 1734 393 1820 partibor
420 1757 495 1798 cem
524 1747 576 1799 eet.
617 1733 811 1801 Servabotm·
837 1735 952 1800 ibidem
982 1732 1103 1798 sconelo
1124 1730 1214 1797 XIV
1235 1734 1270 1795 im

105 1848 233 1913 ecebeeia
249 1848 284 1916 S.
300 1843 482 1936 Stepbuni³‚
507 1871 571 1935 quc
592 1871 661 1914 eum
681 1851 763 1915 odiit
777 1873 807 1914 o.
821 1849 909 1915 1528
924 1848 1079 1914 Iohannes
1095 1842 1268 1912 Cochbeue‘.

109 1963 191 2029 Tum
212 1986 284 2030 vero
307 1968 341 2030 in
364 1963 498 2030 Cclberti
519 1965 734 2031 bibliothecam
755 1967 963 2052 tronepocitue
984 1964 1120 2029 Bubuzio
1140 1975 1268 2050 protecto

96 2079 169 2164 fuit
190 2103 273 2146 omne
298 2077 406 2147 1678*
430 2094 458 2146 et
480 2080 598 2167 Caepio
621 2105 704 2148 omno
728 2081 816 2148 1688
827 2075 849 2161 ⁸,
878 2079 1030 2166 hodieque
1051 2083 1086 2146 in
1108 2079 1271 2166 imperiali

105 2195 289 2262 bibliothece
311 2197 490 2262 Pocieieuei
512 2209 637 2263 tenetur.

193 2313 247 2378 Eu
275 2311 332 2378 boc
360 2311 439 2378 libro
463 2313 616 2378 Baburiue
645 2337 674 2378 o.
693 2311 780 2378 1678
800 2315 938 2399 primum
967 2311 1132 2376 cenobium
1159 2312 1268 2376 editio-

104 2422 280 2513 nem⁷feeit
299 2431 334 2493 im
349 2429 622 2494 Mc'ecebbcrreorum
641 2427 677 2494 T.
692 2428 715 2493 I
724 2427 922 2508 let-500,
946 2428 1089 2514 idemque
1109 2427 1206 2493 codem
1226 2429 1269 2493 ad

108 2543 304 2610 Theodorum
327 2545 500 2610 Mommeere
527 2548 640 2610 micent
670 2568 753 2610 auno
778 2545 862 2610 1861
891 2545 971 2610 mibi
994 2547 1109 2631 patuit.
1145 2544 1196 2609 Ao
1224 2546 1269 2608 eic

105 2662 231 2746 quidem
252 2663 476 2747 proponendos
504 2661 632 2726 annales
655 2663 748 2741 duni,
779 2674 815 2726 ut
836 2661 1001 2726 relationee
1025 2681 1180 2725 annorum
1202 2659 1269 2725 709

104 2775 213 2841 -791
237 2789 266 2841 et
290 2778 471 2857 6661811,
502 2799 581 2863 quas
604 2800 707 2843 omnen
731 2801 768 2843 ee
791 2777 958 2841 annalibus
988 2775 1014 2843 S
1021 2776 1267 2862 6696116661-

104 2892 171 2957 bue
199 2887 403 2958 brevibue⁸
424 2895 604 2979 proemieee
631 2893 742 2978 liquet,
775 2893 884 2958 tecue
906 2894 1096 2972 minoribue,
1128 2913 1268 2978 quaeque

103 3011 240 3095 ccriptor
267 3008 518 3095 Mcpuutinuc
553 3010 597 3074 ad
624 3033 653 3074 c.
677 3007 743 3074 937
772 3011 934 3095 opposcit,
969 3031 1005 3074 eu
1034 3009 1144 3075 littem'e
1173 3009 1267 3074 latim

176 3254 200 3308 1.
226 3253 261 3309 cd
279 3271 304 3310 a.
318 3255 378 3323 997,
392 3254 452 3323 953,
465 3254 533 3309 954.
614 3256 640 3309 2.
664 3253 783 3308 Tantum
802 3253 876 3323 quod
894 3270 1024 3310 annorum
1043 3253 1192 3310 tub-939
1210 3269 1265 3309 me·

103 3341 205 3396 morice
222 3343 275 3398 elio
293 3347 445 3400 enemente
462 3347 545 3412 etque
556 3357 688 3398 ennomm
700 3343 752 3397 709
764 3346 793 3398 61
806 3343 857 3398 710
869 3344 987 3413 scriptse
998 3348 1070 3400 sunt.
1139 3344 1165 3398 8.
1184 3342 1265 3398 Nem·

102 3446 156 3501 qne
180 3432 207 3486 in
230 3429 276 3486 161.
290 3434 326 3487 lc
349 3448 367 3487 s
389 3433 521 3502 scriptore
543 3448 615 3488 saec.
633 3432 700 3488 xlv
717 3436 782 3486 sunt
804 3432 894 3501 positu
915 3431 1000 3488 verbs
1016 3432 1097 3488 boec:
1124 3431 1266 3501 „Pertinet

102 3520 217 3575 ecclesie
242 3522 329 3575 suncti
352 3519 483 3590 Stephani
506 3521 535 3578 in
558 3521 730 3590 hlsguntie“.
824 3523 850 3576 4.
875 3522 909 3577 V.
928 3522 1078 3576 Mommsen
1095 3521 1143 3575 1.1.
1162 3535 1188 3590 p.
1201 3521 1263 3574 888.

101 3609 127 3664 5.
152 3609 186 3664 V.
204 3608 346 3666 elenchum
370 3624 477 3680 eorum,
502 3624 573 3679 quse
590 3611 619 3664 in
636 3610 868 3666 miscellaneorum
886 3614 960 3665 tomo
979 3611 990 3664 1
1008 3609 1192 3678 continentur,
1217 3608 1264 3663 ubi

100 3698 230 3753 Belunius
248 3698 356 3767 scripsit
373 3713 403 3752 se
421 3697 567 3754 chronicon
582 3698 729 3766 Augieneie
748 3699 904 3754 monasterii
924 3713 980 3768 „ex
996 3697 1083 3752 veteri
1100 3697 1194 3752 codice
1211 3713 1262 3752 me.

100 3785 281 3842 bibliothecae
300 3785 492 3842 Oolbertinne“
518 3787 707 3856 assumpsisse.
796 3788 821 3842 6.
847 3787 881 3842 V.
901 3785 1052 3842 chronicon
1069 3785 1196 3856 paechsle
1219 3785 1262 3840 ed.
1322 3846 1325 3856 ¹

99 3874 145 3930 Du
164 3875 270 3945 (iunge,
294 3874 404 3930 Parisiis
421 3877 502 3944 1688,
520 3891 548 3944 p.
560 3876 613 3930 479
633 3893 658 3930 n.
672 3875 760 3930 XXII.
851 3877 875 3931 7.
899 3889 971 3944 quse
993 3876 1108 3946 repetite
1127 3873 1262 3929 661616-

99 3964 189 4019 banne
206 3963 350 4019 Dominico
367 3963 455 4018 blansi
472 3964 500 4019 in
518 3964 750 4019 bliscehsneorum
769 3981 794 4019 e.
808 3966 877 4020 1761
892 3965 984 4020 Lucae
1002 3968 1191 4019 renovatorum
1203 3963 1236 4016 Τ.
1250 3962 1263 4017 1

101 4053 259 4122 ino-121,
284 4057 312 4107 et
336 4066 408 4106 nnnc
432 4053 500 4106 1826
525 4053 666 4108 uPertnio
689 4054 718 4108 ln
740 4053 812 4109 hlon.
826 4053 917 4108 Germ.
931 4051 979 4108 SS.
992 4053 1005 4107 1
1018 4053 1135 4108 67-69.
1163 4053 1263 4106 Postea

99 4141 192 4196 attulit
217 4156 252 4196 ex
275 4141 334 4212 ipso
358 4139 451 4195 codice
474 4156 624 4210 perpaucas
647 4141 756 4211 quidem
781 4141 985 4198 emendationes
1007 4141 1128 4197 Pertzius
1152 4139 1217 4195 ibid.
1235 4140 1262 4195 II

98 4230 160 4286 328.
173 4231 234 4300 329,
253 4234 282 4286 st
300 4245 407 4286 omnem
425 4227 482 4284 iero
500 4231 697 4286 correctionum
710 4232 816 4300 copiam
829 4232 963 4288 Wsitzius
975 4231 1004 4286 in
1015 4229 1194 4286 Nechrichten
1206 4245 1261 4284 von

98 4317 668 4389 osremrg-Augmn-Universitm1857
687 4337 713 4389 p.
727 4321 850 4376 53—55.
922 4322 948 4376 8.
971 4335 1020 4376 ess
1037 4317 1180 4374 ediderunt
1191 4317 1260 4374 llde

98 4406 194 4466 tonsus
213 4406 249 4464 nb
266 4407 325 4464 Arx
342 4412 371 4464 et
388 4409 510 4464 Peneius
527 4409 556 4464 in
573 4406 841 4465 8668816165.
