3090 4848
293 261 355 326 118
539 279 566 326 s.
582 279 758 327 romanon
780 279 825 328 nn
847 279 950 327 nunu
972 279 1159 328 armoenia
1181 279 1212 325 cr

205 423 258 480 ‘143
289 419 403 503 brari·,
432 439 468 488 oo
497 419 581 505 quod
609 421 712 488 omnia
740 419 972 488 aecclesiastica
998 419 1109 506 regula
1136 423 1203 488 sive
1233 421 1400 509 disciplina
1419 424 1455 490 ab

191 500 271 558 ΑΜ
290 536 400 604 eadem
427 536 591 622 provincia
617 536 760 604 funditus
790 537 909 606 abolita
938 541 1003 620 est,
1032 537 1116 622 quod
1142 538 1238 605 nimis
1266 538 1455 622 merendum,

290 652 373 738 quod
401 672 459 738 per
482 652 586 738 spatia
607 657 787 739 temporum
808 653 926 720 ibidem
949 653 1087 758 synodus
1110 654 1309 722 sacerdotum
1331 654 1457 722 minime

289 767 521 852 celebraretur,
551 769 634 836 unde
656 789 758 855 noque
782 769 858 853 quid
882 769 924 836 sit
945 769 1172 855 sacerdotium,
1203 770 1242 838 ab
1265 771 1327 854 eis,
1350 773 1405 856 qui
1427 791 1458 837 se

289 883 467 952 sacerdotes
491 904 560 952 esse
583 885 777 968 existimant,
800 885 1007 968 cognoscitur.
1044 885 1107 954 Sed
1128 886 1203 954 dum
1220 886 1366 954 iuvanteb
1382 886 1457 970 Deo,

290 1019 369 1087 quae
392 1020 412 1067 a
433 1001 575 1086 praefato
598 1000 663 1068 lilio
685 1007 793 1068 nostro
810 1001 966 1088 promissa
986 1007 1070 1087 sunt,
1094 1003 1135 1070 ad
1151 1001 1295 1070 effectum
1310 1003 1460 1089 perducta

288 1117 416 1201 fuerim,
436 1122 512 1184 tua⁰
528 1117 710 1184 fraternitas
732 1122 905 1184 memorato
928 1118 1060 1185 concilio
1075 1119 1252 1186 consederit
1265 1137 1338 1185 cum
1352 1119 1460 1186 eodem

290 1232 554 1300 excellentissimo
584 1233 668 1317 viro,
703 1235 730 1299 si
762 1252 840 1318 quos
875 1235 1052 1322 reppererit
1078 1235 1242 1322 episcopos
1270 1235 1461 1321 presbiteros

290 1353 346 1416 aut
367 1335 514 1416 diaconos
536 1355 647 1416 contra
668 1368 804 1418 canones
827 1349 876 1416 vel
900 1355 1019 1417 statuta
1041 1355 1168 1437 patrum
1183 1353 1356 1420 excessisse
1372 1387 1414 1398 -—
1429 1350 1461 1417 id

290 1470 340 1534 est
360 1465 394 1532 in
417 1464 587 1549 adulterio,
617 1464 667 1533 vel
689 1466 718 1532 si
739 1466 846 1553 plures
869 1486 984 1534 uxores
1008 1466 1179 1551 abuerunt,
1209 1474 1265 1534 aut
1286 1469 1313 1534 ai
1336 1469 1461 1552 sangui·

290 1601 362 1650 nem
385 1581 628 1649 christianorum
651 1583 718 1649 sive
741 1602 936 1669 paganorum
968 1581 1160 1666 effuderunt,
1188 1583 1239 1652 vel
1267 1585 1363 1651 etiam
1393 1583 1462 1652 aliia

291 1697 437 1784 capitulis
461 1697 574 1782 quibus
597 1698 768 1766 canonibus
791 1698 935 1766 obviasse
957 1699 1152 1787 reppererit‘¹
1174 1706 1231 1766 tua
1252 1701 1405 1768 sanctitas
1422 1735 1462 1746 -

290 1813 379 1882 nulla
399 1815 522 1882 ratione
545 1815 718 1902 apostolica
740 1816 927 1882 auctoritate
949 1817 1114 1902 permittat
1133 1815 1343 1884 sacerdotium
1362 1817 1462 1901 fungi

291 1931 372 2010 Quia
392 1931 473 1998 tales
496 1952 515 1998 a
537 1951 593 1998 suo
616 1936 741 1997 tautum
765 1931 893 2018 proprio
917 1951 972 2000 ore
993 1931 1074 2014 false
1096 1933 1300 2000 nominantur
1319 1933 1464 2001 sacerdo-

292 2053 340 2116 tes
369 2053 402 2115 et
430 2048 601 2115 deteriores
631 2047 820 2115 secularium
848 2065 917 2114 esse
944 2054 1133 2133 noscuntur,
1163 2049 1234 2134 qui⁸
1256 2069 1291 2116 se
1320 2069 1465 2134 nequeo

291 2163 551 2232 fornicationibus
578 2183 680 2248 neque
707 2163 877 2230 anefariis
906 2163 1117 2232 matrimoniis
1145 2165 1340 2232 abstineunt‘
1361 2186 1466 2253 neque

294 2279 333 2348 ab
355 2279 519 2348 hominum
542 2280 704 2364 sanguinis
728 2278 878 2348 effusione
900 2299 1013 2348 manus
1036 2286 1165 2350 servant
1185 2282 1341 2349 innoxiae
1382 2281 1467 2361 Qua·

292 2397 357 2464 les⁸
380 2416 414 2462 se
437 2415 506 2464 esse
528 2395 707 2464 sacerdotes
730 2395 914 2464 exisbmant
936 2403 993 2464 aut
1013 2397 1090 2482 quid
1111 2397 1204 2466 indeh
1226 2398 1388 2482 sentiunt,
1419 2399 1467 2466 di·

292 2517 383 2579 cente
397 2510 480 2580 Deo:
498 2512 682 2580 Sacerdotes
697 2517 760 2580 mei
772 2513 866 2578 sanet
879 2514 1009 2595 nudant,
1026 2517 1058 2580 et
1073 2513 1249 2600 apostolus:
1270 2515 1369 2582 Unius
1385 2539 1466 2584 aaa·

292 2631 338 2694 ro's
366 2624 489 2696 ciram¹
512 2634 545 2696 ct
572 2633 685 2696 cetera
732 2627 775 2694 Et
796 2627 856 2694 boc
879 2632 952 2695 ante
975 2634 1156 2715 susceptum
1184 2631 1396 2698 sacerdotium
1420 2631 1469 2698 uti

292 2745 415 2813 licitum
438 2750 502 2827 est3
526 2763 600 2811 nam
624 2764 644 2811 a
665 2743 716 2811 die
740 2745 879 2830 suscepti
901 2745 1179 2813 sacerdotiietiam
1195 2746 1319 2832 abipso
1335 2748 1468 2835 proprio

291 2863 439 2946 coniugio
461 2861 649 2948 probibendi
672 2866 754 2927 sunt.
801 2859 962 2938 Quomodo
990 2881 1025 2927 se
1047 2861 1256 2929 sacerdotium
1279 2863 1370 2948 biugi
1392 2884 1470 2932 con·

293 2979 450 3062 siderant,
482 2977 537 3062 qui
565 2976 680 3044 talibus
709 2975 879 3044 sceleribus
908 2976 1043 3044 involuti
1071 2997 1140 3046 esse
1167 2983 1402 3065 monstrantur,
1433 2985 1471 3048 ut

294 3114 396 3181 neque
418 3093 575 3162 seculares
597 3090 705 3160 fideles
728 3092 778 3158 bis
800 3092 992 3160 facinoribus
1015 3091 1178 3160 obvolutos
1194 3094 1359 3180 optemus?
1383 3095 1469 3174 Quo·

295 3210 388 3278 modo
410 3229 475 3278 non
497 3210 725 3296 pertimescunt
753 3209 860 3276 divina
886 3209 1040 3294 mysteria
1067 3209 1266 3294 contingeret
1294 3210 1360 3276 Aut
1389 3231 1472 3297 quo-

295 3327 388 3395 modo
405 3327 444 3394 ad
460 3325 615 3392 orandum
630 3345 688 3412 pro
708 3326 850 3412 peccata*
867 3324 977 3411 populi
992 3325 1139 3394 accedere
1153 3332 1369 3412 praesumunt,
1390 3327 1472 3396 dum

295 3445 378 3512 sacri
401 3463 536 3511 omenes
558 3461 660 3527 neque
683 3463 797 3528 purum
821 3440 984 3526 clericum,
1014 3441 1064 3508 cui
1088 3441 1297 3509 sacerdotium
1318 3463 1385 3510 non
1407 3453 1470 3528 est,

296 3559 440 3628 secundis
475 3558 617 3646 copulari
644 3559 765 3645 nuptiis
794 3557 1013 3645 praecipiunt?
1048 3556 1105 3624 leti
1134 3558 1217 3624 enim
1245 3577 1263 3625 e
1291 3561 1470 3642 contrari03

295 3697 359 3744 non
383 3674 485 3742 solum
508 3676 583 3760 quia
605 3680 679 3762 post
700 3679 882 3761 susceptum
906 3673 1117 3740 sacerdotium
1132 3693 1166 3740 se
1181 3674 1339 3742 abstinere
1354 3675 1473 3742 nolunt

297 3793 336 3860 ab
351 3811 415 3858 una
429 3811 538 3876 uxore,
561 3792 669 3876 imino,
693 3791 836 3858 luxoriae
851 3789 1001 3873 obvoluti,
1019 3790 1129 3877 peiora
1142 3788 1331 3856 aeoulmium
1347 3790 1474 3859 aedera

295 3908 507 3993 committunt,
530 3913 567 3975 ut
580 3908 688 3995 plures
702 3927 817 3974 uxores
832 3906 948 3974 habere
962 3911 1177 3993 praesumant,
1199 3906 1350 3992 quorum*
1364 3927 1474 3994 neque

368 4119 389 4152 a.
410 4122 467 4151 corr.
484 4109 506 4150 iu
527 4103 653 4151 celebrares
675 4106 701 4153 C.
778 4103 800 4149 b.
821 4103 914 4150 lubente
936 4107 973 4157 dl,
995 4121 1052 4154 corr.
1068 4107 1090 4150 iu
1110 4103 1202 4150 iuvante
1224 4105 1250 4152 C.
1328 4117 1348 4150 a
1370 4121 1431 4150 corr.
1448 4109 1474 4152 tn

295 4205 379 4264 tuaque
398 4203 424 4250 ι’.
496 4201 520 4248 d.
541 4201 643 4260 repperit
660 4204 694 4248 M.
765 4215 784 4248 e.
802 4167 848 4264 ‚gui
866 4203 892 4249 C.
961 4201 978 4248 l.
995 4218 1051 4248 corr.
1068 4203 1090 4247 in
1106 4199 1221 4248 abstinent
1238 4201 1263 4248 C.
1333 4214 1355 4260 g.
1372 4219 1416 4248 aa.
1435 4207 1473 4250 Μ.

296 4281 320 4330 h.
339 4296 363 4330 aa
380 4282 437 4329 add
454 4298 533 4327 monus
550 4282 663 4344 corrigam
680 4283 702 4326 in
719 4283 745 4330 C.
807 4283 823 4328 i.
840 4299 896 4328 corr.
913 4279 1052 4341 inpeccatis
1069 4284 1095 4328 C.
1157 4279 1255 4327 kcorr.
1270 4284 1294 4328 ia
1310 4279 1391 4341 quibus
1409 4283 1439 4330 C.

369 4389 393 4442 1.
419 4386 433 4441 1
446 4383 565 4441 Timoth.
578 4385 603 4454 3,
616 4386 642 4441 2.
