3110 4844
306 229 373 296 260
548 245 575 294 s.
592 245 769 294 nomnen
790 248 834 294 nr
856 247 959 295 noum
981 244 1169 294 nersromn
1192 245 1237 293 ιιι

305 387 418 455 limine
439 391 620 455 sanctorum
644 387 859 475 apostolorum
881 387 1037 474 presbiter
1058 386 1187 473 quidem
1203 386 1302 454 mirae
1318 385 1457 452 abstinen-

305 503 369 571 tiae
392 508 424 570 et
446 504 640 588 sanctitatis,
670 504 794 588 generis
819 503 990 588 Saxonum,
1013 503 1141 570 nomine
1162 501 1338 569 Wilhrord·
1360 507 1389 568 et
1408 499 1459 567 alio

305 621 432 687 nomine
456 619 601 688 Clemens
631 625 779 702 vocatus;
809 639 902 705 quem
930 619 1092 706 praefatus
1115 638 1200 706 pepe
1223 619 1400 704 episcopum
1419 636 1460 682 or·

234 741 287 795 696
305 732 444 802 dinavit¹
467 742 499 802 et
522 735 562 802 ad
584 735 846 822 praedicendamb
869 753 1026 822 pegmem
1049 739 1176 818 gentem
1191 733 1358 800 Fresorum
1373 737 1463 798 treus-

305 853 394 920 misit
415 852 450 918 in
472 851 648 928 littoribus⁰
672 850 800 920 oceanid
824 851 955 918 occidui.
1002 849 1078 935 Qui,
1107 869 1165 937 por
1191 851 1236 916 50
1263 869 1362 916 annos
1384 867 1464 934 prae·

305 968 425 1050 dicens,
448 968 626 1054 praefatam
650 973 774 1052 gentem
791 967 961 1034 fresorum
983 967 1124 1034 maxime
1147 987 1187 1035 ex
1208 971 1299 1053 parte
1322 963 1466 1031 convertit

306 1083 346 1150 ad
375 1082 470 1150 fidem
493 1082 628 1168 Christi,
657 1084 731 1151 fena
760 1090 792 1151 et
820 1083 960 1150 dilubra·
984 1083 1141 1149 destruxit
1165 1088 1197 1150 et
1220 1079 1382 1162 ecclesias‘
1402 1099 1467 1145 con·

305 1199 439 1281 struxit,
473 1203 505 1264 et
540 1198 647 1264 sedem
675 1199 886 1284 episcopalem
915 1205 947 1266 et
975 1198 1140 1265 ecclesiam
1168 1199 1201 1264 in
1229 1197 1349 1264 honore
1377 1195 1467 1262 sancti

306 1311 480 1382 Salvetcris
503 1315 697 1390 constituens
719 1313 753 1379 in
775 1313 843 1380 loco
868 1321 899 1382 et
914 1314 1042 1382 castello
1059 1313 1142 1400 quod
1157 1301 1272 1379 dicitur
1288 1312 1468 1378 Traiectum.

304 1429 348 1496 Et
369 1429 403 1496 in
426 1429 483 1496 ille
504 1430 578 1496 sede
601 1434 650 1496 et⁸
674 1429 824 1496 ecclesiah
849 1431 949 1498 sancti
966 1429 1151 1514 Salvatoris,
1175 1448 1269 1514 quem
1292 1426 1470 1509 construxit

304 1545 490 1632 praedicens
520 1565 619 1632 usque
648 1545 688 1612 ad
717 1545 851 1612 debilem
888 1551 1081 1613 senectutem
1114 1545 1299 1632 permansit
1346 1543 1390 1610 Et
1417 1541 1469 1608 sihi

305 1660 555 1749 corepiscopum*
579 1661 620 1728 ad
647 1662 858 1728 ministerium
890 1662 1086 1749 implendum
1114 1661 1292 1742 substituit3
1321 1665 1354 1728 et
1381 1657 1471 1724 finitis

235 1783 287 1838 739
305 1776 458 1862 longevae
481 1779 565 1846 vitae
588 1777 715 1862 diebus,
738 1778 770 1842 in
795 1797 872 1864 pace
895 1779 1044 1862 migravit
1066 1777 1107 1844 ed
1129 1777 1312 1844 Dominum.

393 1892 545 1981 Princeps
568 1899 674 1960 autem
697 1891 890 1960 Francorum
913 1893 1122 1960 Carlmannus
1145 1891 1381 1959 commendavit
1402 1886 1474 1955 mihi

306 2009 413 2078 sedem
434 2009 523 2076 illum
546 2009 586 2076 ed
601 2009 856 2076 constituendum
877 2015 909 2076 et
929 2009 1138 2076 ordinandum
1160 2009 1354 2096 episcopum.
1391 2001 1476 2084 Quod

306 2129 338 2192 et
359 2121 446 2192 feci’.

234 2253 287 2309 755
392 2239 484 2306 Nunc
519 2245 625 2308 eutem
654 2240 856 2308 (folonensidK
885 2241 1049 2327 episcopus
1086 2239 1174 2306 illam
1207 2239 1315 2308 sedem
1343 2235 1478 2326 praefati

305 2355 445 2442 episcopi
468 2354 654 2440 Clementis,
680 2375 699 2422 e
722 2355 831 2440 Sergio
854 2376 939 2443 pape
962 2355 1115 2440 ordinati,
1140 2356 1201 2422 sibi
1224 2359 1359 2442 usurpat
1384 2357 1417 2420 et
1440 2349 1479 2418 ad

305 2490 339 2536 se
360 2470 520 2555 pertinere
542 2471 620 2539 dicit
640 2477 773 2560 propter
793 2472 1000 2540 fundamenta
1014 2471 1178 2539 cuiusdam
1193 2471 1374 2539 destructae
1391 2489 1479 2556 apa-

304 2586 395 2670 genis
423 2585 626 2674 ecclesiolas¹,
655 2609 750 2674 quem
773 2587 969 2656 Wilhrordus
998 2587 1142 2654 deuotam
1165 2607 1265 2673 usque
1287 2587 1329 2654 ad
1351 2585 1482 2654 solum·

303 2704 338 2769 in
365 2703 494 2772 castello
518 2703 662 2770 Treiecto
689 2705 846 2792 repperit,
875 2710 908 2772 et
935 2725 1006 2771 sam
1033 2705 1162 2792 proprio
1190 2703 1299 2770 labore
1323 2723 1343 2768 a
1366 2701 1481 2768 funde-

303 2825 410 2887 mento
438 2821 615 2887 construxit
643 2826 675 2886 et
704 2821 737 2886 in
764 2820 882 2886 honore
905 2821 1006 2887 sancti
1031 2819 1159 2886 Martini
1182 2819 1394 2885 consecravit
1442 2817 1484 2883 Et

303 2936 415 3003 refert:
439 2936 522 3021 quod
546 2935 585 3002 eb
609 2936 737 3020 antiquo
760 2955 834 3018 roge
857 2935 1049 3003 Francorum
1073 2929 1290 3018 Dagohercto⁸
1313 2933 1486 3002 castellum

305 3052 483 3119 Traiectum
511 3071 582 3118 cum
611 3051 771 3118 destructa
798 3051 931 3118 ecclesia
959 3051 998 3118 ad
1027 3051 1253 3118 celenensem*
1279 3050 1487 3137 parrochiam

304 3168 455 3236 donatum
476 3169 510 3234 in
534 3188 572 3234 ee
593 3167 772 3235 conditione
791 3167 915 3253 fuisset,
938 3173 973 3234 ut
996 3167 1161 3254 episeopus
1186 3165 1394 3234 Colonensis⁰
1411 3187 1488 3251 gen·

304 3290 369 3351 tem
391 3283 561 3350 Fresorum
584 3283 625 3350 ad
646 3282 742 3351 fidem
765 3283 884 3350 Christi
907 3288 1105 3350 converteret
1127 3287 1291 3350 eteorum
1314 3283 1487 3369 praedica·

305 3405 356 3466 tor
378 3405 469 3466 esset
511 3397 600 3478 Quod
623 3407 655 3467 et
677 3401 746 3486 ipse
768 3420 832 3466 non
855 3400 938 3466 fecit
976 3399 1048 3465 Non
1071 3399 1293 3485 praediceris,
1316 3418 1386 3463 non
1413 3419 1490 3464 con-

305 3515 400 3582 vertit
428 3513 542 3582 Fresos
575 3515 616 3582 ad
647 3514 742 3582 fidem
773 3515 911 3596 Christi3
946 3515 1001 3581 sod
1036 3534 1161 3601 pagana
1193 3513 1374 3600 permensit
1411 3533 1492 3598 gens

304 3628 484 3716 Fresorum,
508 3651 607 3716 usque
630 3631 714 3716 quod
737 3630 933 3698 venerandus
956 3631 1099 3717 pontifex
1121 3629 1282 3696 Romanae
1304 3628 1397 3696 sedis
1416 3630 1493 3697 Ser·

378 3777 398 3809 a
419 3761 523 3810 Wilhrod
544 3767 569 3812 c.
678 3765 700 3811 b.
724 3763 902 3824 praedicendum
924 3765 950 3811 C.
1059 3776 1079 3809 c.
1102 3761 1208 3808 litoribus
1230 3765 1268 3816 u,
1292 3761 1420 3809 littoribus
1444 3763 1495 3812 CV.

306 3842 329 3889 d.
349 3843 423 3890 ociani
441 3844 469 3890 V.
540 3857 559 3890 e.
580 3861 638 3890 corr.
654 3847 677 3890 ie
694 3843 789 3891 delubra
806 3848 831 3893 C.
899 3844 915 3890 f.
936 3842 1046 3889 exclesies
1064 3843 1091 3888 V.
1159 3853 1181 3900 g.
1201 3841 1226 3887 in
1241 3841 1299 3887 edd.
1317 3844 1343 3888 C.
1423 3841 1449 3888 h.
1472 3845 1496 3887 et

306 3922 405 3970 exclesie
422 3924 449 3968 V.
527 3922 542 3970 i.
563 3927 598 3970 cic
614 3925 684 3995 codd.
701 3941 783 3972 omnes.
861 3923 885 3970 k.
906 3939 962 3969 corr.
979 3925 1002 3968 ie
1019 3921 1161 3968 Coloniemle
1178 3924 1204 3969 C.
1274 3921 1289 3966 l.
1311 3920 1449 3969 0001οεὶοὴ
1461 3927 1498 3976 Μ.

306 4001 440 4048 exclceiolee
459 4004 486 4049 V.
572 4017 602 4049 m.
624 4003 696 4050 solnm
715 4005 771 4060 MV,
794 4021 850 4050 cerr.
866 4006 889 4049 ie
910 4001 984 4049 solnm
1001 4005 1027 4048 C.
1114 4015 1137 4046 n
1158 4019 1215 4046 corr.
1232 4003 1255 4046 ie
1276 3999 1451 4048 Goloniensem
1470 4005 1498 4050 c.

306 4071 333 4127 ο.’
348 4080 487 4128 Coloncnses
503 4086 538 4136 M,
556 4100 612 4129 corr.
628 4086 651 4129 ie
667 4081 809 4129 Coloniensis
827 4085 853 4130 ι’.
931 4095 953 4142 p.
975 4080 1139 4140 praeiudicavit
1157 4081 1184 4128 V.

377 4168 402 4222 1.
427 4167 480 4222 696
497 4167 568 4223 Nos.
585 4169 628 4222 22.
657 4169 691 4222 V.
710 4167 832 4236 Regeste
853 4172 928 4236 pont.
948 4167 1026 4221 Rom.
1050 4182 1077 4235 p.
1098 4165 1157 4220 172.
1259 4165 1285 4219 2.
1309 4163 1501 4223 Bonifatium

307 4254 524 4325 ,chorepiscopo
537 4254 633 4310 Eoben
651 4255 801 4310 iniunxisse
820 4255 988 4326 episcopium
1006 4255 1035 4309 in
1052 4252 1120 4309 urbe
1132 4251 1264 4322 Trehct“,
1282 4251 1406 4310 tradidit
1425 4256 1503 4313 Wil-

304 4342 422 4399 lihnldus
440 4344 468 4398 in
486 4343 544 4398 vitu
561 4341 699 4400 Bonifatii.
788 4345 814 4400 3.
838 4343 859 4400 L
