3176 4846
338 281 420 328 vrrs
443 281 596 330 essenon
617 283 878 332 snoumvmoovr
900 284 1098 332 uoousrmrr
1236 269 1298 336 631

130 430 189 486 ne·
211 417 340 488 omnino
369 421 551 490 viderentur
579 424 715 507 confusi,
745 423 921 510 efflagitant
949 425 1072 494 litteras
1095 425 1301 513 dimissorias,
1320 437 1390 492 1159

130 540 167 602 ut
199 537 391 623 recipiantur
425 539 662 608 satisfacientes.
709 541 798 620 Quod
832 541 965 608 domnus
995 542 1162 629 episcopus
1189 542 1301 610 libenti

130 653 236 720 animo
263 654 405 740 fecisset,
439 657 467 722 si
494 657 557 742 ipsi
585 657 772 741 condignam
800 658 1047 726 satisfactionem
1075 659 1300 726 exhibuissent

129 767 286 836 Frusinati
325 770 423 854 igitur
462 771 521 838 hac
554 773 638 858 vice,
678 773 792 840 iterato
831 773 939 841 labore
977 774 1085 840 multis
1122 774 1301 842 litterarum

130 885 299 970 precariisb
327 887 434 954 domni
466 889 668 975 imperatoris
700 889 934 976 multorumque
964 890 1145 958 interventu
1176 891 1301 958 multis·

129 1019 191 1084 que
218 1002 363 1088 precibus
393 1003 575 1088 pulsabant:
606 1011 642 1070 ut
668 1005 765 1088 digna
791 1025 863 1072 oum
890 1006 1103 1072 satisfactione
1126 1006 1227 1074 denuo
1250 1027 1301 1074 re-

128 1117 318 1204 ciperentur.
353 1119 574 1204 Acquievisset
600 1121 734 1186 domnus
762 1121 929 1208 episeopus
959 1128 991 1188 et
1013 1126 1089 1187 tunc
1112 1143 1221 1190 eorum
1243 1141 1299 1210 po-

128 1233 365 1316 stulationibus3
389 1236 444 1302 sed
466 1236 529 1322 ipsi
552 1256 633 1320 eam,
657 1257 751 1321 quam
774 1237 974 1324 exposcebat
998 1237 1091 1306 darc⁶
1109 1239 1301 1324 spernebant

128 1349 384 1418 satisfactionem.

217 1465 326 1534 Multis
353 1467 481 1534 tandem
503 1467 700 1555 precatibus*
724 1468 831 1536 domni
854 1469 1056 1555 imperatoris
1073 1505 1113 1514 —
1131 1475 1300 1556 postquam

127 1582 246 1650 iudices
269 1583 446 1671 deputarat,
469 1584 524 1669 qui
546 1603 600 1652 eos
615 1585 656 1652 ad
672 1584 918 1652 satisfactionem
934 1605 1033 1670 usquc
1049 1585 1200 1652 deberent
1214 1606 1299 1653 oom-

127 1699 244 1786 pellers
264 1735 299 1748 -·
319 1700 433 1766 domno
456 1700 641 1786 imperatori
663 1699 771 1766 volens
795 1700 944 1784 deferre·,
968 1701 1088 1784 mouit,
1113 1707 1149 1768 ut
1169 1702 1204 1768 in
1222 1702 1299 1769 civi·

126 1821 226 1882 tatem
247 1816 496 1899 ingrederentur.
530 1815 574 1884 Et
593 1815 749 1902 prefigens
765 1816 811 1884 eis
826 1817 920 1902 diem,
945 1836 1089 1900 egressus
1105 1818 1144 1884 de
1160 1817 1298 1903 civitate,

126 1931 305 2001 condictum
333 1951 442 1998 eorum
464 1932 695 2019 prestolabatur
718 1933 941 2000 satisfactionis
964 1933 1144 2000 terminum.
1250 2021 1251 2026 ἵ

216 2045 329 2114 Potitia
358 2047 454 2131 igitur
480 2068 535 2114 sue
558 2047 730 2115 voluntatis
753 2049 930 2136 optatibus,
959 2049 1117 2116 confracte
1140 2047 1229 2135 prius
1252 2049 1298 2116 eis

126 2163 209 2230 vires
238 2163 359 2232 malitie
386 2184 450 2231 non
478 2164 665 2232 defecerunt
705 2163 768 2230 Sed
797 2164 883 2230 omni
911 2169 1068 2250 temptata
1097 2165 1296 2232 conaminum

125 2281 252 2364 marius
274 2281 309 2346 in
332 2280 482 2346 domnum
505 2283 687 2368 episcopum
711 2285 921 2364 assurgentes,
944 2285 1033 2348 tanto
1048 2281 1160 2349 roboro
1175 2281 1297 2368 plateas

125 2397 263 2466 civitatis
292 2396 464 2482 domosque
492 2397 677 2482 omnesque‘
697 2398 822 2464 viarum
849 2415 1019 2464 concursus
1042 2397 1191 2484 ipsosque
1213 2399 1298 2466 cives

125 2520 328 2580 minaverunt
354 2514 388 2580 in
414 2515 536 2600 ipsum,
564 2519 601 2580 nt
622 2515 713 2580 iuxta
734 2533 843 2582 eorum
866 2512 1010 2580 sevitiam
1034 2513 1139 2581 nullus
1163 2536 1182 2582 a
1204 2516 1298 2582 modo

123 2629 240 2698 domno
262 2630 409 2717 episeopo
433 2631 467 2696 in
489 2631 649 2699 civitatem
672 2635 796 2716 pateret
815 2649 968 2704 accessus.
997 2628 1166 2698 Elevatum
1181 2635 1230 2698 est
1244 2651 1298 2698 cor

123 2763 233 2814 eorum
256 2746 367 2830 nimis,
397 2752 430 2814 et
450 2746 547 2812 locuti
570 2751 645 2812 suut
667 2747 816 2814 adversus
840 2745 944 2812 Deum
967 2751 1000 2812 et
1021 2745 1172 2812 adversus
1196 2747 1296 2813 domi-

122 2881 200 2930 uum
228 2881 322 2930 suum
349 2862 529 2949 episcopum
558 2861 593 2928 in
622 2881 738 2946 magna
765 2861 915 2948 superbia
937 2865 969 2928 et
992 2862 1142 2944 nequitia.
1178 2861 1295 2930 Contu-

122 2977 290 3063 leruntque
318 2999 431 3045 manus
459 2997 547 3058 suas3
576 2977 817 3064 proscriptionis
841 2983 873 3042 et
895 2975 1040 3043 exulatus
1063 2976 1296 3063 mudtarumque

123 3092 330 3162 afflictionum
352 3093 483 3162 iniurias
506 3094 679 3178 mortisque
698 3092 808 3160 titulos
822 3092 856 3159 in
871 3093 976 3179 ipsum
992 3091 1156 3159 dicantes.
1191 3093 1295 3180 Rapa-

122 3231 202 3294 cem,
224 3215 406 3297 tyrannum,
430 3209 639 3296 pestilentem,
664 3215 697 3275 et
712 3208 862 3294 quidquid
880 3207 1076 3294 blasphemie
1091 3209 1224 3294 spiritu⁸
1240 3211 1295 3278 ad·

121 3327 265 3394 invenire
293 3331 455 3413 poterant,
484 3346 556 3394 eum
584 3325 805 3406 nominabnut;
835 3324 1005 3392 adicientes
1035 3325 1076 3392 ad
1105 3326 1294 3394 contumelio

121 3443 276 3512 maiorem
298 3442 473 3510 cumulum:
497 3441 589 3526 quod,
614 3441 642 3508 si
664 3440 785 3509 redireh
804 3441 953 3526 unquam*
970 3441 1005 3507 in
1020 3440 1180 3509 civitatem
1197 3443 1293 3510 aude-

121 3563 186 3642 ret,
221 3558 284 3645 ipei
312 3558 475 3626 camilices
497 3555 647 3644 panifices
671 3557 820 3624 cardones
851 3556 1011 3642 pelliparii
1040 3557 1176 3624 sacharii
1204 3579 1293 3626 men·
1357 3583 1361 3590 ·

121 3673 278 3760 sariique'
300 3673 411 3742 adesse
431 3675 465 3740 in
489 3675 593 3759 ipsum
616 3673 696 3740 sese¹
721 3672 965 3758 proscribebant.

210 3789 380 3876 Postquam
416 3789 509 3856 huius
537 3788 732 3858 infidelitatis
760 3789 911 3875 profanus
940 3793 972 3855 et
1000 3788 1154 3856 nefandus
1183 3809 1292 3856 mmor

119 3914 221 3974 totam
249 3913 367 3974 terram
397 3911 589 3993 asperserat,
617 3907 650 3972 in
680 3905 825 3992 superbie
853 3927 908 3972 sue
934 3904 1112 3992 pervicacia
1134 3905 1213 3992 ipsis
1236 3925 1291 3971 er-

119 4022 293 4107 stantibus,
323 4021 479 4089 sinodales
509 4021 576 4087 dies
605 4021 827 4089 adventabant
917 4020 1060 4087 Domnus
1086 4021 1193 4105 itaque
1223 4022 1291 4108 epi·
1308 4039 1357 4086 oa

193 4171 214 4204 a.
234 4171 277 4204 nec
293 4158 314 4202 l.
386 4155 409 4201 b.
429 4155 539 4215 precariis
555 4158 638 4214 scripsi
650 4173 693 4214 pre
708 4155 779 4214 pariis
796 4155 818 4211 1,
834 4157 856 4201 2.
934 4168 954 4200 c.
976 4154 1025 4201 dari
1042 4155 1063 4199 2.
1142 4151 1163 4198 d.
1183 4155 1289 4213 precibus

118 4237 250 4299 precatibus
268 4239 327 4293 1,2.
403 4251 423 4282 a.
444 4235 596 4281 deserviret.
669 4235 683 4280 l.
706 4249 784 4280 omnes
801 4237 822 4281 2.
891 4247 913 4291 g.
935 4234 1065 4292 spiritual.
1134 4231 1157 4278 h.
1179 4233 1289 4282 siredire

120 4317 214 4364 addidi.
292 4317 443 4376 bnunquam
459 4317 481 4361 t.
559 4315 582 4360 k.
604 4313 753 4374 numerique
770 4316 791 4360 1.
868 4314 884 4360 l.
904 4313 985 4360 aduae
1005 4313 1029 4358 in
1049 4313 1122 4372 ipsam
1142 4326 1193 4360 sese
1209 4318 1292 4375 scripse·

115 4415 160 4457 pro
176 4411 191 4442 a
205 4397 260 4444 sede
276 4397 300 4442 in
314 4396 390 4456 ipsum
406 4408 464 4442 sese.
