<?xml version="1.0" encoding="UTF-8"?>
<!DOCTYPE html PUBLIC "-//W3C//DTD XHTML 1.0 Transitional//EN"
    "http://www.w3.org/TR/xhtml1/DTD/xhtml1-transitional.dtd">
<html xmlns="http://www.w3.org/1999/xhtml" xml:lang="en" lang="en">
 <head>
  <title>
</title>
<meta http-equiv="Content-Type" content="text/html;charset=utf-8" />
  <meta name='ocr-system' content='tesseract 3.04.00' />
  <meta name='ocr-capabilities' content='ocr_page ocr_carea ocr_par ocr_line ocrx_word'/>
</head>
<body>
  <div class='ocr_page' id='page_1' title='image "./bibliothecareru03jaffgoog_0322.png"; bbox 0 0 3110 4844; ppageno 0'>
   <div class='ocr_carea' id='block_1_1' title="bbox 241 247 1204 314">
    <p class='ocr_par' dir='ltr' id='par_1_1' title="bbox 241 247 1204 314">
     <span class='ocr_line' id='line_1_1' title="bbox 241 247 1204 314; baseline -0.004 0"><span class='ocrx_word' id='word_1_1' title='bbox 241 247 307 314; x_wconf 72' lang='lat'><strong>302</strong></span> <span class='ocrx_word' id='word_1_2' title='bbox 444 263 472 311; x_wconf 85' lang='lat' dir='ltr'><strong>s.</strong></span> <span class='ocrx_word' id='word_1_3' title='bbox 489 261 666 312; x_wconf 76' lang='lat' dir='ltr'><strong>nonussuu</strong></span> <span class='ocrx_word' id='word_1_4' title='bbox 686 261 732 308; x_wconf 82' lang='lat' dir='ltr'><strong>nn</strong></span> <span class='ocrx_word' id='word_1_5' title='bbox 753 260 856 310; x_wconf 84' lang='lat' dir='ltr'><strong>nuum</strong></span> <span class='ocrx_word' id='word_1_6' title='bbox 877 259 1065 310; x_wconf 77' lang='lat' dir='ltr'><strong>nrmnonsn</strong></span> <span class='ocrx_word' id='word_1_7' title='bbox 1089 261 1142 308; x_wconf 76' lang='lat' dir='ltr'><strong>res.</strong></span> <span class='ocrx_word' id='word_1_8' title='bbox 1159 261 1204 310; x_wconf 81' lang='lat' dir='ltr'><strong>rso</strong></span> 
     </span>
    </p>
   </div>
   <div class='ocr_carea' id='block_1_2' title="bbox 82 389 1414 1300">
    <p class='ocr_par' dir='ltr' id='par_1_2' title="bbox 82 389 1414 1186">
     <span class='ocr_line' id='line_1_2' title="bbox 82 389 1410 490; baseline -0.002 -22"><span class='ocrx_word' id='word_1_9' title='bbox 82 413 223 470; x_wconf 75' lang='lat' dir='ltr'><strong>tot—tte</strong></span> <span class='ocrx_word' id='word_1_10' title='bbox 240 405 385 474; x_wconf 82' lang='lat' dir='ltr'><strong>Delectat</strong></span> <span class='ocrx_word' id='word_1_11' title='bbox 411 425 463 472; x_wconf 93' lang='lat' dir='ltr'><strong>me</strong></span> <span class='ocrx_word' id='word_1_12' title='bbox 484 423 608 490; x_wconf 88' lang='lat' dir='ltr'><strong>qnoque</strong></span> <span class='ocrx_word' id='word_1_13' title='bbox 629 389 827 470; x_wconf 78' lang='lat' dir='ltr'><strong>oitbiristam</strong></span> <span class='ocrx_word' id='word_1_14' title='bbox 849 401 982 486; x_wconf 84' lang='lat' dir='ltr'><strong>habere,</strong></span> <span class='ocrx_word' id='word_1_15' title='bbox 1011 402 1066 486; x_wconf 88' lang='lat' dir='ltr'><strong>qni</strong></span> <span class='ocrx_word' id='word_1_16' title='bbox 1089 401 1190 488; x_wconf 79' lang='lat' dir='ltr'>possit</span> <span class='ocrx_word' id='word_1_17' title='bbox 1219 399 1410 469; x_wconf 86' lang='lat' dir='ltr'><strong>citharizare</strong></span> 
     </span>
     <span class='ocr_line' id='line_1_3' title="bbox 239 512 1410 607; baseline -0.005 -17"><span class='ocrx_word' id='word_1_18' title='bbox 239 522 274 590; x_wconf 92' lang='lat' dir='ltr'><strong>in</strong></span> <span class='ocrx_word' id='word_1_19' title='bbox 296 521 427 606; x_wconf 85' lang='lat' dir='ltr'><strong>oitbara,</strong></span> <span class='ocrx_word' id='word_1_20' title='bbox 451 541 546 607; x_wconf 89' lang='lat' dir='ltr'><strong>quam</strong></span> <span class='ocrx_word' id='word_1_21' title='bbox 568 539 626 586; x_wconf 90' lang='lat' dir='ltr'><strong>nos</strong></span> <span class='ocrx_word' id='word_1_22' title='bbox 650 517 847 606; x_wconf 75' lang='lat' dir='ltr'>appellamus</span> <span class='ocrx_word' id='word_1_23' title='bbox 869 512 1004 598; x_wconf 85' lang='lat' dir='ltr'><strong>rottae¹3</strong></span> <span class='ocrx_word' id='word_1_24' title='bbox 1028 517 1103 602; x_wconf 86' lang='lat' dir='ltr'><strong>quia</strong></span> <span class='ocrx_word' id='word_1_25' title='bbox 1126 517 1282 586; x_wconf 64' lang='lat' dir='ltr'><strong>orbarum</strong></span> <span class='ocrx_word' id='word_1_26' title='bbox 1297 515 1410 600; x_wconf 85' lang='lat' dir='ltr'><strong>haben,</strong></span> 
     </span>
     <span class='ocr_line' id='line_1_4' title="bbox 242 633 1412 718; baseline -0.007 -12"><span class='ocrx_word' id='word_1_27' title='bbox 242 643 274 706; x_wconf 90' lang='lat' dir='ltr'><strong>et</strong></span> <span class='ocrx_word' id='word_1_28' title='bbox 301 636 452 706; x_wconf 87' lang='lat' dir='ltr'><strong>artificem</strong></span> <span class='ocrx_word' id='word_1_29' title='bbox 480 657 545 703; x_wconf 93' lang='lat' dir='ltr'><strong>non</strong></span> <span class='ocrx_word' id='word_1_30' title='bbox 573 635 682 702; x_wconf 84' lang='lat' dir='ltr'><strong>habeo.</strong></span> <span class='ocrx_word' id='word_1_31' title='bbox 730 633 765 700; x_wconf 85' lang='lat' dir='ltr'><strong>si</strong></span> <span class='ocrx_word' id='word_1_32' title='bbox 795 653 892 718; x_wconf 84' lang='lat' dir='ltr'><strong>grave</strong></span> <span class='ocrx_word' id='word_1_33' title='bbox 919 652 982 699; x_wconf 93' lang='lat' dir='ltr'><strong>non</strong></span> <span class='ocrx_word' id='word_1_34' title='bbox 1011 634 1068 718; x_wconf 86' lang='lat' dir='ltr'><strong>sit,</strong></span> <span class='ocrx_word' id='word_1_35' title='bbox 1103 639 1136 700; x_wconf 93' lang='lat' dir='ltr'><strong>et</strong></span> <span class='ocrx_word' id='word_1_36' title='bbox 1162 634 1258 700; x_wconf 90' lang='lat' dir='ltr'><strong>istum</strong></span> <span class='ocrx_word' id='word_1_37' title='bbox 1287 652 1412 718; x_wconf 87' lang='lat' dir='ltr'><strong>quoque</strong></span> 
     </span>
     <span class='ocr_line' id='line_1_5' title="bbox 242 748 1412 839; baseline -0.007 -17"><span class='ocrx_word' id='word_1_38' title='bbox 242 774 332 822; x_wconf 85' lang='lat' dir='ltr'><strong>meae</strong></span> <span class='ocrx_word' id='word_1_39' title='bbox 354 752 552 839; x_wconf 72' lang='lat' dir='ltr'><strong>dispositioni</strong></span> <span class='ocrx_word' id='word_1_40' title='bbox 574 753 675 820; x_wconf 89' lang='lat' dir='ltr'><strong>mitte.</strong></span> <span class='ocrx_word' id='word_1_41' title='bbox 722 750 876 834; x_wconf 84' lang='lat' dir='ltr'><strong>Obsecro,</strong></span> <span class='ocrx_word' id='word_1_42' title='bbox 906 755 943 816; x_wconf 88' lang='lat' dir='ltr'><strong>ut</strong></span> <span class='ocrx_word' id='word_1_43' title='bbox 970 748 1052 816; x_wconf 88' lang='lat' dir='ltr'><strong>hano</strong></span> <span class='ocrx_word' id='word_1_44' title='bbox 1080 769 1185 816; x_wconf 89' lang='lat' dir='ltr'><strong>meam</strong></span> <span class='ocrx_word' id='word_1_45' title='bbox 1213 750 1412 834; x_wconf 80' lang='lat' dir='ltr'>rogationem</span> 
     </span>
     <span class='ocr_line' id='line_1_6' title="bbox 240 864 1414 957; baseline -0.003 -21"><span class='ocrx_word' id='word_1_46' title='bbox 240 891 281 938; x_wconf 95' lang='lat' dir='ltr'><strong>ne</strong></span> <span class='ocrx_word' id='word_1_47' title='bbox 304 869 458 957; x_wconf 76' lang='lat' dir='ltr'><strong>despicias</strong></span> <span class='ocrx_word' id='word_1_48' title='bbox 482 873 515 935; x_wconf 88' lang='lat' dir='ltr'><strong>et</strong></span> <span class='ocrx_word' id='word_1_49' title='bbox 535 868 646 936; x_wconf 85' lang='lat' dir='ltr'><strong>risioni</strong></span> <span class='ocrx_word' id='word_1_50' title='bbox 668 886 732 934; x_wconf 93' lang='lat' dir='ltr'><strong>non</strong></span> <span class='ocrx_word' id='word_1_51' title='bbox 755 866 896 952; x_wconf 80' lang='lat' dir='ltr'><strong>deputes.</strong></span> <span class='ocrx_word' id='word_1_52' title='bbox 987 864 1036 932; x_wconf 90' lang='lat' dir='ltr'><strong>De</strong></span> <span class='ocrx_word' id='word_1_53' title='bbox 1058 865 1217 952; x_wconf 79' lang='lat' dir='ltr'><strong>opusculis</strong></span> <span class='ocrx_word' id='word_1_54' title='bbox 1240 885 1315 932; x_wconf 85' lang='lat' dir='ltr'><strong>vero</strong></span> <span class='ocrx_word' id='word_1_55' title='bbox 1337 866 1414 932; x_wconf 78' lang='lat' dir='ltr'><strong>bee-</strong></span> 
     </span>
     <span class='ocr_line' id='line_1_7' title="bbox 241 981 1414 1069; baseline -0.004 -16"><span class='ocrx_word' id='word_1_56' title='bbox 241 991 293 1055; x_wconf 83' lang='lat' dir='ltr'><strong>tse</strong></span> <span class='ocrx_word' id='word_1_57' title='bbox 315 984 542 1052; x_wconf 87' lang='lat' dir='ltr'><strong>reeordationis</strong></span> <span class='ocrx_word' id='word_1_58' title='bbox 564 983 686 1069; x_wconf 82' lang='lat' dir='ltr'><strong>Baeds,</strong></span> <span class='ocrx_word' id='word_1_59' title='bbox 710 1003 790 1068; x_wconf 86' lang='lat' dir='ltr'><strong>ques</strong></span> <span class='ocrx_word' id='word_1_60' title='bbox 813 981 914 1048; x_wconf 83' lang='lat' dir='ltr'><strong>adbuc</strong></span> <span class='ocrx_word' id='word_1_61' title='bbox 936 981 1095 1068; x_wconf 85' lang='lat' dir='ltr'><strong>descripte</strong></span> <span class='ocrx_word' id='word_1_62' title='bbox 1116 1002 1181 1050; x_wconf 92' lang='lat' dir='ltr'><strong>non</strong></span> <span class='ocrx_word' id='word_1_63' title='bbox 1202 982 1315 1066; x_wconf 85' lang='lat' dir='ltr'><strong>babes,</strong></span> <span class='ocrx_word' id='word_1_64' title='bbox 1337 1002 1414 1068; x_wconf 90' lang='lat' dir='ltr'><strong>pro-</strong></span> 
     </span>
     <span class='ocr_line' id='line_1_8' title="bbox 241 1096 1235 1186; baseline -0.004 -18"><span class='ocrx_word' id='word_1_65' title='bbox 241 1101 351 1186; x_wconf 79' lang='lat' dir='ltr'><strong>mitto,</strong></span> <span class='ocrx_word' id='word_1_66' title='bbox 373 1122 442 1185; x_wconf 88' lang='lat' dir='ltr'><strong>me,</strong></span> <span class='ocrx_word' id='word_1_67' title='bbox 466 1101 495 1168; x_wconf 88' lang='lat' dir='ltr'><strong>si</strong></span> <span class='ocrx_word' id='word_1_68' title='bbox 516 1101 705 1184; x_wconf 81' lang='lat' dir='ltr'><strong>vixerimus,</strong></span> <span class='ocrx_word' id='word_1_69' title='bbox 729 1104 803 1166; x_wconf 87' lang='lat' dir='ltr'><strong>tuae</strong></span> <span class='ocrx_word' id='word_1_70' title='bbox 826 1096 980 1166; x_wconf 83' lang='lat' dir='ltr'><strong>voluntati</strong></span> <span class='ocrx_word' id='word_1_71' title='bbox 1002 1098 1235 1166; x_wconf 71' lang='lat' dir='ltr'><strong>adiuncturum.</strong></span> 
     </span>
    </p>

    <p class='ocr_par' dir='ltr' id='par_1_3' title="bbox 400 1213 1186 1300">
     <span class='ocr_line' id='line_1_9' title="bbox 400 1213 1186 1300; baseline -0.001 -16"><span class='ocrx_word' id='word_1_72' title='bbox 400 1216 509 1284; x_wconf 81' lang='lat' dir='ltr'><strong>Abbes</strong></span> <span class='ocrx_word' id='word_1_73' title='bbox 533 1215 721 1284; x_wconf 85' lang='lat' dir='ltr'><strong>Gntberotus</strong></span> <span class='ocrx_word' id='word_1_74' title='bbox 745 1219 809 1282; x_wconf 86' lang='lat' dir='ltr'><strong>tete</strong></span> <span class='ocrx_word' id='word_1_75' title='bbox 832 1213 880 1282; x_wconf 89' lang='lat' dir='ltr'><strong>bis</strong></span> <span class='ocrx_word' id='word_1_76' title='bbox 904 1218 1032 1300; x_wconf 88' lang='lat' dir='ltr'><strong>terque·</strong></span> <span class='ocrx_word' id='word_1_77' title='bbox 1053 1216 1186 1299; x_wconf 80' lang='lat' dir='ltr'><strong>salutat3</strong></span> 
     </span>
    </p>
   </div>
   <div class='ocr_carea' id='block_1_3' title="bbox 402 1329 1289 1530">
    <p class='ocr_par' dir='ltr' id='par_1_4' title="bbox 402 1329 1289 1530">
     <span class='ocr_line' id='line_1_10' title="bbox 402 1329 1289 1420; baseline -0.002 -20"><span class='ocrx_word' id='word_1_78' title='bbox 402 1333 446 1400; x_wconf 88' lang='lat' dir='ltr'><strong>Te</strong></span> <span class='ocrx_word' id='word_1_79' title='bbox 468 1333 555 1400; x_wconf 91' lang='lat' dir='ltr'><strong>Deus</strong></span> <span class='ocrx_word' id='word_1_80' title='bbox 578 1333 777 1420; x_wconf 89' lang='lat' dir='ltr'><strong>omnipotens</strong></span> <span class='ocrx_word' id='word_1_81' title='bbox 800 1329 923 1397; x_wconf 82' lang='lat' dir='ltr'><strong>salvum</strong></span> <span class='ocrx_word' id='word_1_82' title='bbox 945 1339 1109 1400; x_wconf 84' lang='lat' dir='ltr'><strong>conservet</strong></span> <span class='ocrx_word' id='word_1_83' title='bbox 1129 1333 1163 1399; x_wconf 94' lang='lat' dir='ltr'><strong>in</strong></span> <span class='ocrx_word' id='word_1_84' title='bbox 1187 1353 1289 1400; x_wconf 79' lang='lat' dir='ltr'><strong>erum.</strong></span> 
     </span>
     <span class='ocr_line' id='line_1_11' title="bbox 738 1445 911 1530; baseline -0.012 -16"><span class='ocrx_word' id='word_1_85' title='bbox 738 1445 827 1530; x_wconf 90' lang='lat' dir='ltr'><strong>Lul;</strong></span> <span class='ocrx_word' id='word_1_86' title='bbox 856 1445 911 1513; x_wconf 86' lang='lat' dir='ltr'><strong>Gl.</strong></span> 
     </span>
    </p>
   </div>
   <div class='ocr_carea' id='block_1_4' title="bbox 83 1661 1416 2346">
    <p class='ocr_par' dir='ltr' id='par_1_5' title="bbox 247 1661 1413 1751">
     <span class='ocr_line' id='line_1_12' title="bbox 247 1661 1413 1751; baseline -0.004 -19"><span class='ocrx_word' id='word_1_87' title='bbox 247 1661 332 1732; x_wconf 84' lang='lat'><strong>135.</strong></span> <span class='ocrx_word' id='word_1_88' title='bbox 352 1663 546 1749; x_wconf 59' lang='lat' dir='ltr'><strong>Magisque</strong></span> <span class='ocrx_word' id='word_1_89' title='bbox 568 1665 733 1750; x_wconf 80' lang='lat' dir='ltr'><strong>episeopus</strong></span> <span class='ocrx_word' id='word_1_90' title='bbox 761 1661 1022 1748; x_wconf 63' lang='lat' dir='ltr'><strong>mosomense</strong></span> <span class='ocrx_word' id='word_1_91' title='bbox 1045 1662 1139 1728; x_wconf 63' lang='lat' dir='ltr'><strong>Intllo</strong></span> <span class='ocrx_word' id='word_1_92' title='bbox 1163 1667 1308 1751; x_wconf 81' lang='lat' dir='ltr'><strong>episeopo</strong></span> <span class='ocrx_word' id='word_1_93' title='bbox 1331 1665 1413 1728; x_wconf 70' lang='lat' dir='ltr'><strong>seri-</strong></span> 
     </span>
    </p>

    <p class='ocr_par' dir='ltr' id='par_1_6' title="bbox 352 1778 1415 1866">
     <span class='ocr_line' id='line_1_13' title="bbox 352 1778 1415 1866; baseline 0.002 -22"><span class='ocrx_word' id='word_1_94' title='bbox 352 1778 398 1844; x_wconf 80' lang='lat' dir='ltr'><strong>be’t</strong></span> <span class='ocrx_word' id='word_1_95' title='bbox 420 1779 458 1844; x_wconf 84' lang='lat' dir='ltr'><strong>de</strong></span> <span class='ocrx_word' id='word_1_96' title='bbox 481 1779 620 1864; x_wconf 78' lang='lat' dir='ltr'><strong>quodum</strong></span> <span class='ocrx_word' id='word_1_97' title='bbox 640 1780 851 1866; x_wconf 77' lang='lat' dir='ltr'><strong>impediendo,</strong></span> <span class='ocrx_word' id='word_1_98' title='bbox 874 1781 1041 1866; x_wconf 77' lang='lat' dir='ltr'><strong>quorninoe</strong></span> <span class='ocrx_word' id='word_1_99' title='bbox 1063 1783 1234 1846; x_wconf 69' lang='lat' dir='ltr'><strong>owooraoo</strong></span> <span class='ocrx_word' id='word_1_100' title='bbox 1258 1781 1367 1846; x_wconf 73' lang='lat' dir='ltr'><strong>ordini</strong></span> <span class='ocrx_word' id='word_1_101' title='bbox 1379 1801 1415 1846; x_wconf 82' lang='lat' dir='ltr'><strong>rs</strong></span> 
     </span>
    </p>

    <p class='ocr_par' dir='ltr' id='par_1_7' title="bbox 353 1892 1413 1979">
     <span class='ocr_line' id='line_1_14' title="bbox 353 1892 1413 1979; baseline 0 -17"><span class='ocrx_word' id='word_1_102' title='bbox 353 1892 511 1962; x_wconf 65' lang='lat' dir='ltr'><strong>addieotl.</strong></span> <span class='ocrx_word' id='word_1_103' title='bbox 1005 1893 1041 1976; x_wconf 81' lang='lat' dir='ltr'><strong>(S</strong></span> <span class='ocrx_word' id='word_1_104' title='bbox 1057 1896 1110 1979; x_wconf 85' lang='lat'><strong>94,</strong></span> <span class='ocrx_word' id='word_1_105' title='bbox 1135 1893 1173 1962; x_wconf 88' lang='lat' dir='ltr'>W</span> <span class='ocrx_word' id='word_1_106' title='bbox 1192 1897 1265 1979; x_wconf 85' lang='lat'>126,</span> <span class='ocrx_word' id='word_1_107' title='bbox 1289 1893 1318 1962; x_wconf 87' lang='lat' dir='ltr'><strong>G</strong></span> <span class='ocrx_word' id='word_1_108' title='bbox 1335 1896 1413 1976; x_wconf 84' lang='lat'>116)</span> 
     </span>
    </p>

    <p class='ocr_par' dir='ltr' id='par_1_8' title="bbox 83 2027 1416 2098">
     <span class='ocr_line' id='line_1_15' title="bbox 83 2027 1416 2098; baseline -0.002 -1"><span class='ocrx_word' id='word_1_109' title='bbox 83 2041 224 2098; x_wconf 74' lang='lat' dir='ltr'><strong>&#39;too-786</strong></span> <span class='ocrx_word' id='word_1_110' title='bbox 280 2027 520 2096; x_wconf 78' lang='lat' dir='ltr'><strong>÷Venerand0</strong></span> <span class='ocrx_word' id='word_1_111' title='bbox 553 2027 709 2097; x_wconf 82' lang='lat' dir='ltr'><strong>sacerdoti</strong></span> <span class='ocrx_word' id='word_1_112' title='bbox 735 2027 853 2096; x_wconf 79' lang='lat' dir='ltr'><strong>Christi</strong></span> <span class='ocrx_word' id='word_1_113' title='bbox 886 2047 993 2094; x_wconf 90' lang='lat' dir='ltr'><strong>amore</strong></span> <span class='ocrx_word' id='word_1_114' title='bbox 1021 2028 1142 2094; x_wconf 85' lang='lat' dir='ltr'><strong>irursus</strong></span> <span class='ocrx_word' id='word_1_115' title='bbox 1172 2047 1209 2094; x_wconf 83' lang='lat' dir='ltr'><strong>ao</strong></span> <span class='ocrx_word' id='word_1_116' title='bbox 1236 2029 1416 2095; x_wconf 82' lang='lat' dir='ltr'><strong>reverentia</strong></span> 
     </span>
    </p>

    <p class='ocr_par' dir='ltr' id='par_1_9' title="bbox 242 2142 1414 2346">
     <span class='ocr_line' id='line_1_16' title="bbox 242 2142 1414 2232; baseline 0.003 -23"><span class='ocrx_word' id='word_1_117' title='bbox 242 2143 364 2230; x_wconf 83' lang='lat' dir='ltr'><strong>pariter</strong></span> <span class='ocrx_word' id='word_1_118' title='bbox 387 2145 518 2212; x_wconf 83' lang='lat' dir='ltr'><strong>anobis</strong></span> <span class='ocrx_word' id='word_1_119' title='bbox 547 2145 651 2212; x_wconf 90' lang='lat' dir='ltr'><strong>studio</strong></span> <span class='ocrx_word' id='word_1_120' title='bbox 673 2144 827 2232; x_wconf 80' lang='lat' dir='ltr'><strong>peculiari</strong></span> <span class='ocrx_word' id='word_1_121' title='bbox 849 2143 1037 2210; x_wconf 82' lang='lat' dir='ltr'><strong>continendo</strong></span> <span class='ocrx_word' id='word_1_122' title='bbox 1059 2142 1151 2210; x_wconf 89' lang='lat' dir='ltr'><strong>Lullo</strong></span> <span class='ocrx_word' id='word_1_123' title='bbox 1175 2144 1322 2231; x_wconf 88' lang='lat' dir='ltr'><strong>episeopo</strong></span> <span class='ocrx_word' id='word_1_124' title='bbox 1345 2143 1414 2212; x_wconf 83' lang='lat' dir='ltr'><strong>bla-</strong></span> 
     </span>
     <span class='ocr_line' id='line_1_17' title="bbox 242 2255 1362 2346; baseline -0.002 -18"><span class='ocrx_word' id='word_1_125' title='bbox 242 2255 394 2344; x_wconf 74' lang='lat' dir='ltr'><strong>gingooz&#39;</strong></span> <span class='ocrx_word' id='word_1_126' title='bbox 417 2281 527 2328; x_wconf 86' lang='lat' dir='ltr'><strong>servus</strong></span> <span class='ocrx_word' id='word_1_127' title='bbox 550 2280 713 2328; x_wconf 83' lang='lat' dir='ltr'><strong>servorum</strong></span> <span class='ocrx_word' id='word_1_128' title='bbox 735 2260 796 2328; x_wconf 92' lang='lat' dir='ltr'><strong>Dei</strong></span> <span class='ocrx_word' id='word_1_129' title='bbox 817 2279 990 2346; x_wconf 76' lang='lat' dir='ltr'>perennem</span> <span class='ocrx_word' id='word_1_130' title='bbox 1011 2260 1046 2328; x_wconf 89' lang='lat' dir='ltr'><strong>in</strong></span> <span class='ocrx_word' id='word_1_131' title='bbox 1068 2258 1193 2326; x_wconf 82' lang='lat' dir='ltr'><strong>Christo</strong></span> <span class='ocrx_word' id='word_1_132' title='bbox 1215 2259 1362 2328; x_wconf 81' lang='lat' dir='ltr'><strong>salutem.</strong></span> 
     </span>
    </p>
   </div>
   <div class='ocr_carea' id='block_1_5' title="bbox 242 2375 1417 3976">
    <p class='ocr_par' dir='ltr' id='par_1_10' title="bbox 242 2375 1417 3976">
     <span class='ocr_line' id='line_1_18' title="bbox 331 2375 1415 2464; baseline -0.001 -20"><span class='ocrx_word' id='word_1_133' title='bbox 331 2377 367 2444; x_wconf 90' lang='lat' dir='ltr'><strong>lu</strong></span> <span class='ocrx_word' id='word_1_134' title='bbox 395 2375 560 2461; x_wconf 84' lang='lat' dir='ltr'><strong>eonloquio</strong></span> <span class='ocrx_word' id='word_1_135' title='bbox 589 2395 691 2463; x_wconf 88' lang='lat' dir='ltr'><strong>nuper</strong></span> <span class='ocrx_word' id='word_1_136' title='bbox 718 2377 916 2444; x_wconf 84' lang='lat' dir='ltr'><strong>venerandae</strong></span> <span class='ocrx_word' id='word_1_137' title='bbox 942 2376 1150 2444; x_wconf 66' lang='lat' dir='ltr'><strong>fraternitatis</strong></span> <span class='ocrx_word' id='word_1_138' title='bbox 1173 2383 1247 2444; x_wconf 88' lang='lat' dir='ltr'><strong>tuae</strong></span> <span class='ocrx_word' id='word_1_139' title='bbox 1269 2377 1415 2464; x_wconf 86' lang='lat' dir='ltr'><strong>conperti</strong></span> 
     </span>
     <span class='ocr_line' id='line_1_19' title="bbox 244 2491 1415 2579; baseline 0 -19"><span class='ocrx_word' id='word_1_140' title='bbox 244 2513 367 2560; x_wconf 87' lang='lat' dir='ltr'><strong>sumus:</strong></span> <span class='ocrx_word' id='word_1_141' title='bbox 399 2493 475 2577; x_wconf 83' lang='lat' dir='ltr'><strong>quie</strong></span> <span class='ocrx_word' id='word_1_142' title='bbox 501 2491 669 2560; x_wconf 87' lang='lat' dir='ltr'><strong>eonsilium</strong></span> <span class='ocrx_word' id='word_1_143' title='bbox 694 2492 833 2579; x_wconf 84' lang='lat' dir='ltr'><strong>proximi</strong></span> <span class='ocrx_word' id='word_1_144' title='bbox 861 2493 962 2560; x_wconf 86' lang='lat' dir='ltr'><strong>nostri</strong></span> <span class='ocrx_word' id='word_1_145' title='bbox 985 2492 1165 2576; x_wconf 83' lang='lat' dir='ltr'><strong>cuiusdam,</strong></span> <span class='ocrx_word' id='word_1_146' title='bbox 1193 2495 1298 2560; x_wconf 87' lang='lat' dir='ltr'><strong>minus</strong></span> <span class='ocrx_word' id='word_1_147' title='bbox 1322 2497 1415 2560; x_wconf 81' lang='lat' dir='ltr'><strong>eante</strong></span> 
     </span>
     <span class='ocr_line' id='line_1_20' title="bbox 244 2607 1414 2696; baseline -0.002 -19"><span class='ocrx_word' id='word_1_148' title='bbox 244 2609 361 2677; x_wconf 87' lang='lat' dir='ltr'><strong>saeculi</strong></span> <span class='ocrx_word' id='word_1_149' title='bbox 383 2609 599 2696; x_wconf 85' lang='lat' dir='ltr'><strong>inpedimento</strong></span> <span class='ocrx_word' id='word_1_150' title='bbox 621 2609 797 2695; x_wconf 87' lang='lat' dir='ltr'><strong>postposito</strong></span> <span class='ocrx_word' id='word_1_151' title='bbox 820 2609 905 2676; x_wconf 86' lang='lat' dir='ltr'><strong>viam</strong></span> <span class='ocrx_word' id='word_1_152' title='bbox 925 2607 1093 2692; x_wconf 81' lang='lat' dir='ltr'><strong>relegionis</strong></span> <span class='ocrx_word' id='word_1_153' title='bbox 1108 2609 1231 2692; x_wconf 78' lang='lat' dir='ltr'><strong>ingredi</strong></span> <span class='ocrx_word' id='word_1_154' title='bbox 1246 2609 1414 2696; x_wconf 85' lang='lat' dir='ltr'><strong>cupientis,</strong></span> 
     </span>
     <span class='ocr_line' id='line_1_21' title="bbox 243 2724 1415 2814; baseline -0.001 -20"><span class='ocrx_word' id='word_1_155' title='bbox 243 2726 445 2814; x_wconf 85' lang='lat' dir='ltr'><strong>prudentium</strong></span> <span class='ocrx_word' id='word_1_156' title='bbox 473 2731 613 2792; x_wconf 79' lang='lat' dir='ltr'><strong>uestram</strong></span> <span class='ocrx_word' id='word_1_157' title='bbox 635 2725 800 2811; x_wconf 85' lang='lat' dir='ltr'><strong>prevenire</strong></span> <span class='ocrx_word' id='word_1_158' title='bbox 822 2724 949 2792; x_wconf 88' lang='lat' dir='ltr'><strong>utiliore</strong></span> <span class='ocrx_word' id='word_1_159' title='bbox 971 2725 1114 2792; x_wconf 81' lang='lat' dir='ltr'><strong>consulto</strong></span> <span class='ocrx_word' id='word_1_160' title='bbox 1137 2724 1296 2793; x_wconf 83' lang='lat' dir='ltr'><strong>uoluisset.</strong></span> <span class='ocrx_word' id='word_1_161' title='bbox 1342 2725 1415 2810; x_wconf 79' lang='lat' dir='ltr'><strong>Qui,</strong></span> 
     </span>
     <span class='ocr_line' id='line_1_22' title="bbox 243 2841 1415 2927; baseline -0.002 -17"><span class='ocrx_word' id='word_1_162' title='bbox 243 2847 280 2910; x_wconf 91' lang='lat' dir='ltr'><strong>nt</strong></span> <span class='ocrx_word' id='word_1_163' title='bbox 302 2842 453 2925; x_wconf 72' lang='lat' dir='ltr'><strong>arbitror,</strong></span> <span class='ocrx_word' id='word_1_164' title='bbox 476 2841 527 2908; x_wconf 87' lang='lat' dir='ltr'><strong>bis</strong></span> <span class='ocrx_word' id='word_1_165' title='bbox 549 2841 654 2908; x_wconf 87' lang='lat' dir='ltr'><strong>verbis</strong></span> <span class='ocrx_word' id='word_1_166' title='bbox 676 2841 763 2909; x_wconf 81' lang='lat' dir='ltr'><strong>velut</strong></span> <span class='ocrx_word' id='word_1_167' title='bbox 784 2841 914 2908; x_wconf 93' lang='lat' dir='ltr'><strong>nomine</strong></span> <span class='ocrx_word' id='word_1_168' title='bbox 934 2841 1063 2927; x_wconf 87' lang='lat' dir='ltr'><strong>proprio</strong></span> <span class='ocrx_word' id='word_1_169' title='bbox 1086 2841 1278 2926; x_wconf 86' lang='lat' dir='ltr'><strong>designatur.</strong></span> <span class='ocrx_word' id='word_1_170' title='bbox 1313 2841 1358 2910; x_wconf 88' lang='lat' dir='ltr'><strong>Et</strong></span> <span class='ocrx_word' id='word_1_171' title='bbox 1379 2862 1415 2910; x_wconf 90' lang='lat' dir='ltr'><strong>re</strong></span> 
     </span>
     <span class='ocr_line' id='line_1_23' title="bbox 243 2955 1416 3044; baseline -0.002 -18"><span class='ocrx_word' id='word_1_172' title='bbox 243 2979 320 3026; x_wconf 82' lang='lat' dir='ltr'><strong>vera</strong></span> <span class='ocrx_word' id='word_1_173' title='bbox 341 2959 446 3026; x_wconf 82' lang='lat' dir='ltr'><strong>risum</strong></span> <span class='ocrx_word' id='word_1_174' title='bbox 468 2958 547 3024; x_wconf 91' lang='lat' dir='ltr'><strong>mibi</strong></span> <span class='ocrx_word' id='word_1_175' title='bbox 570 2962 628 3041; x_wconf 83' lang='lat' dir='ltr'><strong>est,</strong></span> <span class='ocrx_word' id='word_1_176' title='bbox 652 2976 715 3025; x_wconf 92' lang='lat' dir='ltr'><strong>non</strong></span> <span class='ocrx_word' id='word_1_177' title='bbox 739 2977 831 3044; x_wconf 88' lang='lat' dir='ltr'><strong>posse</strong></span> <span class='ocrx_word' id='word_1_178' title='bbox 854 2957 946 3025; x_wconf 82' lang='lat' dir='ltr'><strong>aliter</strong></span> <span class='ocrx_word' id='word_1_179' title='bbox 969 2955 1109 3043; x_wconf 83' lang='lat' dir='ltr'><strong>conpleri</strong></span> <span class='ocrx_word' id='word_1_180' title='bbox 1131 2959 1215 3026; x_wconf 87' lang='lat' dir='ltr'><strong>eirea</strong></span> <span class='ocrx_word' id='word_1_181' title='bbox 1235 2957 1326 3024; x_wconf 90' lang='lat' dir='ltr'><strong>illum</strong></span> <span class='ocrx_word' id='word_1_182' title='bbox 1345 2956 1416 3024; x_wconf 87' lang='lat' dir='ltr'><strong>offi-</strong></span> 
     </span>
     <span class='ocr_line' id='line_1_24' title="bbox 244 3072 1416 3160; baseline -0.002 -18"><span class='ocrx_word' id='word_1_183' title='bbox 244 3075 328 3142; x_wconf 84' lang='lat' dir='ltr'><strong>cium</strong></span> <span class='ocrx_word' id='word_1_184' title='bbox 351 3075 476 3144; x_wconf 87' lang='lat' dir='ltr'><strong>debitae</strong></span> <span class='ocrx_word' id='word_1_185' title='bbox 498 3072 660 3142; x_wconf 89' lang='lat' dir='ltr'><strong>fidelitatis</strong></span> <span class='ocrx_word' id='word_1_186' title='bbox 683 3079 715 3140; x_wconf 91' lang='lat' dir='ltr'><strong>et</strong></span> <span class='ocrx_word' id='word_1_187' title='bbox 736 3075 889 3157; x_wconf 66' lang='lat' dir='ltr'><strong>caritatia</strong></span> <span class='ocrx_word' id='word_1_188' title='bbox 913 3073 975 3142; x_wconf 89' lang='lat' dir='ltr'><strong>nisi</strong></span> <span class='ocrx_word' id='word_1_189' title='bbox 997 3093 1070 3140; x_wconf 91' lang='lat' dir='ltr'><strong>eum</strong></span> <span class='ocrx_word' id='word_1_190' title='bbox 1092 3073 1235 3160; x_wconf 89' lang='lat' dir='ltr'><strong>pluribus</strong></span> <span class='ocrx_word' id='word_1_191' title='bbox 1250 3074 1290 3140; x_wconf 91' lang='lat' dir='ltr'><strong>de</strong></span> <span class='ocrx_word' id='word_1_192' title='bbox 1305 3075 1416 3142; x_wconf 86' lang='lat' dir='ltr'><strong>eadem</strong></span> 
     </span>
     <span class='ocr_line' id='line_1_25' title="bbox 243 3188 1414 3278; baseline -0.002 -20"><span class='ocrx_word' id='word_1_193' title='bbox 243 3211 278 3258; x_wconf 90' lang='lat' dir='ltr'><strong>re</strong></span> <span class='ocrx_word' id='word_1_194' title='bbox 305 3191 482 3259; x_wconf 83' lang='lat' dir='ltr'><strong>necessario</strong></span> <span class='ocrx_word' id='word_1_195' title='bbox 512 3189 655 3256; x_wconf 87' lang='lat' dir='ltr'><strong>sollicitis</strong></span> <span class='ocrx_word' id='word_1_196' title='bbox 683 3189 906 3274; x_wconf 79' lang='lat' dir='ltr'><strong>contendatur,</strong></span> <span class='ocrx_word' id='word_1_197' title='bbox 937 3209 977 3256; x_wconf 92' lang='lat' dir='ltr'><strong>ne</strong></span> <span class='ocrx_word' id='word_1_198' title='bbox 1004 3188 1088 3256; x_wconf 90' lang='lat' dir='ltr'><strong>buno</strong></span> <span class='ocrx_word' id='word_1_199' title='bbox 1115 3191 1250 3258; x_wconf 86' lang='lat' dir='ltr'><strong>fortasse</strong></span> <span class='ocrx_word' id='word_1_200' title='bbox 1277 3191 1312 3256; x_wconf 91' lang='lat' dir='ltr'><strong>in</strong></span> <span class='ocrx_word' id='word_1_201' title='bbox 1342 3190 1414 3278; x_wconf 89' lang='lat' dir='ltr'><strong>ipso</strong></span> 
     </span>
     <span class='ocr_line' id='line_1_26' title="bbox 242 3305 1414 3394; baseline 0 -20"><span class='ocrx_word' id='word_1_202' title='bbox 242 3308 384 3391; x_wconf 80' lang='lat' dir='ltr'><strong>itinere⁶‚</strong></span> <span class='ocrx_word' id='word_1_203' title='bbox 415 3327 477 3392; x_wconf 87' lang='lat' dir='ltr'><strong>qno</strong></span> <span class='ocrx_word' id='word_1_204' title='bbox 505 3305 695 3374; x_wconf 88' lang='lat' dir='ltr'><strong>desiderium</strong></span> <span class='ocrx_word' id='word_1_205' title='bbox 722 3305 824 3389; x_wconf 87' lang='lat' dir='ltr'><strong>ducit,</strong></span> <span class='ocrx_word' id='word_1_206' title='bbox 852 3307 980 3372; x_wconf 81' lang='lat' dir='ltr'><strong>ineante</strong></span> <span class='ocrx_word' id='word_1_207' title='bbox 1001 3307 1198 3394; x_wconf 88' lang='lat' dir='ltr'><strong>presumptio</strong></span> <span class='ocrx_word' id='word_1_208' title='bbox 1220 3305 1414 3394; x_wconf 80' lang='lat' dir='ltr'><strong>supplantat</strong></span> 
     </span>
     <span class='ocr_line' id='line_1_27' title="bbox 244 3420 1415 3511; baseline 0.001 -21"><span class='ocrx_word' id='word_1_209' title='bbox 244 3421 308 3490; x_wconf 88' lang='lat' dir='ltr'><strong>Sed</strong></span> <span class='ocrx_word' id='word_1_210' title='bbox 329 3421 541 3490; x_wconf 81' lang='lat' dir='ltr'><strong>necessarium</strong></span> <span class='ocrx_word' id='word_1_211' title='bbox 565 3423 722 3504; x_wconf 81' lang='lat' dir='ltr'><strong>existimo,</strong></span> <span class='ocrx_word' id='word_1_212' title='bbox 744 3427 781 3488; x_wconf 90' lang='lat' dir='ltr'><strong>ut</strong></span> <span class='ocrx_word' id='word_1_213' title='bbox 803 3420 983 3505; x_wconf 87' lang='lat' dir='ltr'><strong>diligentius</strong></span> <span class='ocrx_word' id='word_1_214' title='bbox 1006 3422 1219 3509; x_wconf 74' lang='lat' dir='ltr'><strong>provideatur,</strong></span> <span class='ocrx_word' id='word_1_215' title='bbox 1243 3445 1304 3510; x_wconf 89' lang='lat' dir='ltr'><strong>quo</strong></span> <span class='ocrx_word' id='word_1_216' title='bbox 1321 3429 1415 3511; x_wconf 87' lang='lat' dir='ltr'><strong>paeto</strong></span> 
     </span>
     <span class='ocr_line' id='line_1_28' title="bbox 243 3537 1415 3624; baseline 0.002 -18"><span class='ocrx_word' id='word_1_217' title='bbox 243 3539 294 3606; x_wconf 84' lang='lat' dir='ltr'><strong>vel</strong></span> <span class='ocrx_word' id='word_1_218' title='bbox 316 3539 430 3624; x_wconf 90' lang='lat' dir='ltr'><strong>quibus</strong></span> <span class='ocrx_word' id='word_1_219' title='bbox 452 3538 670 3605; x_wconf 88' lang='lat' dir='ltr'><strong>instrumentis</strong></span> <span class='ocrx_word' id='word_1_220' title='bbox 692 3537 957 3624; x_wconf 69' lang='lat' dir='ltr'><strong>peregrinationis</strong></span> <span class='ocrx_word' id='word_1_221' title='bbox 979 3538 1081 3622; x_wconf 80' lang='lat' dir='ltr'><strong>illius,</strong></span> <span class='ocrx_word' id='word_1_222' title='bbox 1106 3559 1200 3624; x_wconf 80' lang='lat' dir='ltr'><strong>quum</strong></span> <span class='ocrx_word' id='word_1_223' title='bbox 1223 3541 1305 3608; x_wconf 86' lang='lat' dir='ltr'><strong>siout</strong></span> <span class='ocrx_word' id='word_1_224' title='bbox 1327 3541 1415 3608; x_wconf 90' lang='lat' dir='ltr'><strong>seitis</strong></span> 
     </span>
     <span class='ocr_line' id='line_1_29' title="bbox 244 3653 1416 3742; baseline 0.004 -22"><span class='ocrx_word' id='word_1_225' title='bbox 244 3654 428 3741; x_wconf 61' lang='lat' dir='ltr'><strong>optimem‘l</strong></span> <span class='ocrx_word' id='word_1_226' title='bbox 451 3653 607 3723; x_wconf 89' lang='lat' dir='ltr'><strong>stabilitas</strong></span> <span class='ocrx_word' id='word_1_227' title='bbox 630 3659 663 3720; x_wconf 90' lang='lat' dir='ltr'><strong>et</strong></span> <span class='ocrx_word' id='word_1_228' title='bbox 684 3653 862 3740; x_wconf 87' lang='lat' dir='ltr'><strong>possibilis·</strong></span> <span class='ocrx_word' id='word_1_229' title='bbox 883 3659 916 3720; x_wconf 92' lang='lat' dir='ltr'><strong>et</strong></span> <span class='ocrx_word' id='word_1_230' title='bbox 935 3689 977 3700; x_wconf 92' lang='lat'><strong>-—</strong></span> <span class='ocrx_word' id='word_1_231' title='bbox 999 3655 1027 3720; x_wconf 90' lang='lat' dir='ltr'><strong>si</strong></span> <span class='ocrx_word' id='word_1_232' title='bbox 1047 3653 1117 3722; x_wconf 86' lang='lat' dir='ltr'><strong>ieri</strong></span> <span class='ocrx_word' id='word_1_233' title='bbox 1139 3657 1278 3742; x_wconf 90' lang='lat' dir='ltr'><strong>potuerit</strong></span> <span class='ocrx_word' id='word_1_234' title='bbox 1300 3693 1341 3704; x_wconf 85' lang='lat'><strong>-</strong></span> <span class='ocrx_word' id='word_1_235' title='bbox 1365 3659 1416 3724; x_wconf 90' lang='lat' dir='ltr'><strong>in-</strong></span> 
     </span>
     <span class='ocr_line' id='line_1_30' title="bbox 244 3768 1417 3857; baseline 0.003 -19"><span class='ocrx_word' id='word_1_236' title='bbox 244 3769 433 3838; x_wconf 78' lang='lat' dir='ltr'><strong>excusabilis</strong></span> <span class='ocrx_word' id='word_1_237' title='bbox 460 3769 538 3856; x_wconf 84' lang='lat' dir='ltr'><strong>hiis,</strong></span> <span class='ocrx_word' id='word_1_238' title='bbox 567 3789 639 3838; x_wconf 89' lang='lat' dir='ltr'><strong>oum</strong></span> <span class='ocrx_word' id='word_1_239' title='bbox 668 3768 781 3855; x_wconf 86' lang='lat' dir='ltr'><strong>quibus</strong></span> <span class='ocrx_word' id='word_1_240' title='bbox 808 3789 939 3856; x_wconf 91' lang='lat' dir='ltr'><strong>presens</strong></span> <span class='ocrx_word' id='word_1_241' title='bbox 966 3773 1299 3857; x_wconf 67' lang='lat' dir='ltr'><strong>emungendum,</strong></span> <span class='ocrx_word' id='word_1_242' title='bbox 1329 3774 1417 3842; x_wconf 90' lang='lat' dir='ltr'><strong>omni</strong></span> 
     </span>
     <span class='ocr_line' id='line_1_31' title="bbox 244 3884 1416 3976; baseline 0.002 -22"><span class='ocrx_word' id='word_1_243' title='bbox 244 3887 377 3954; x_wconf 83' lang='lat' dir='ltr'><strong>rationis</strong></span> <span class='ocrx_word' id='word_1_244' title='bbox 399 3885 549 3954; x_wconf 82' lang='lat' dir='ltr'><strong>firmitate</strong></span> <span class='ocrx_word' id='word_1_245' title='bbox 577 3885 795 3973; x_wconf 76' lang='lat' dir='ltr'><strong>conprobetur.</strong></span> <span class='ocrx_word' id='word_1_246' title='bbox 843 3884 1042 3973; x_wconf 81' lang='lat' dir='ltr'><strong>Quapropter</strong></span> <span class='ocrx_word' id='word_1_247' title='bbox 1063 3895 1172 3956; x_wconf 91' lang='lat' dir='ltr'><strong>nostre</strong></span> <span class='ocrx_word' id='word_1_248' title='bbox 1193 3889 1345 3976; x_wconf 78' lang='lat' dir='ltr'><strong>parvitati</strong></span> <span class='ocrx_word' id='word_1_249' title='bbox 1365 3890 1416 3956; x_wconf 88' lang='lat' dir='ltr'><strong>in-</strong></span> 
     </span>
    </p>
   </div>
   <div class='ocr_carea' id='block_1_6' title="bbox 245 4091 1416 4232">
    <p class='ocr_par' dir='ltr' id='par_1_11' title="bbox 245 4091 1416 4232">
     <span class='ocr_line' id='line_1_32' title="bbox 316 4091 1416 4157; baseline 0.003 -19"><span class='ocrx_word' id='word_1_250' title='bbox 316 4105 337 4138; x_wconf 78' lang='lat' dir='ltr'><strong>a.</strong></span> <span class='ocrx_word' id='word_1_251' title='bbox 358 4095 452 4151; x_wconf 85' lang='lat' dir='ltr'><strong>terquae</strong></span> <span class='ocrx_word' id='word_1_252' title='bbox 471 4092 499 4139; x_wconf 84' lang='lat' dir='ltr'><strong>V.</strong></span> <span class='ocrx_word' id='word_1_253' title='bbox 561 4091 584 4137; x_wconf 94' lang='lat' dir='ltr'><strong>b.</strong></span> <span class='ocrx_word' id='word_1_254' title='bbox 604 4109 633 4138; x_wconf 71' lang='lat' dir='ltr'><strong>es</strong></span> <span class='ocrx_word' id='word_1_255' title='bbox 651 4092 675 4139; x_wconf 83' lang='lat' dir='ltr'><em>V</em></span> <span class='ocrx_word' id='word_1_256' title='bbox 688 4091 814 4139; x_wconf 75' lang='lat' dir='ltr'><strong>eto-60.</strong></span> <span class='ocrx_word' id='word_1_257' title='bbox 837 4093 890 4139; x_wconf 78' lang='lat' dir='ltr'><strong>Sim</strong></span> <span class='ocrx_word' id='word_1_258' title='bbox 906 4093 1015 4138; x_wconf 68' lang='lat' dir='ltr'><strong>banau.</strong></span> <span class='ocrx_word' id='word_1_259' title='bbox 1078 4106 1098 4139; x_wconf 87' lang='lat' dir='ltr'><strong>c.</strong></span> <span class='ocrx_word' id='word_1_260' title='bbox 1118 4094 1236 4142; x_wconf 81' lang='lat' dir='ltr'><strong>itinireV.</strong></span> <span class='ocrx_word' id='word_1_261' title='bbox 1298 4095 1321 4142; x_wconf 91' lang='lat' dir='ltr'><strong>d.</strong></span> <span class='ocrx_word' id='word_1_262' title='bbox 1340 4098 1416 4157; x_wconf 72' lang='lat' dir='ltr'><strong>seqni-</strong></span> 
     </span>
     <span class='ocr_line' id='line_1_33' title="bbox 245 4171 1080 4232; baseline 0.001 -14"><span class='ocrx_word' id='word_1_263' title='bbox 245 4179 280 4218; x_wconf 77' lang='lat' dir='ltr'><strong>tur</strong></span> <span class='ocrx_word' id='word_1_264' title='bbox 295 4173 360 4220; x_wconf 71' lang='lat' dir='ltr'><strong>bera</strong></span> <span class='ocrx_word' id='word_1_265' title='bbox 375 4189 442 4220; x_wconf 76' lang='lat' dir='ltr'><strong>rosus</strong></span> <span class='ocrx_word' id='word_1_266' title='bbox 458 4181 540 4232; x_wconf 79' lang='lat' dir='ltr'><strong>reptem</strong></span> <span class='ocrx_word' id='word_1_267' title='bbox 554 4175 602 4228; x_wconf 77' lang='lat' dir='ltr'><strong>fere</strong></span> <span class='ocrx_word' id='word_1_268' title='bbox 617 4173 749 4218; x_wconf 66' lang='lat' dir='ltr'><strong>worm</strong></span> <span class='ocrx_word' id='word_1_269' title='bbox 827 4185 848 4218; x_wconf 88' lang='lat' dir='ltr'><strong>e.</strong></span> <span class='ocrx_word' id='word_1_270' title='bbox 869 4187 900 4218; x_wconf 75' lang='lat' dir='ltr'><strong>aa</strong></span> <span class='ocrx_word' id='word_1_271' title='bbox 915 4171 1080 4232; x_wconf 78' lang='lat' dir='ltr'><strong>impossibilis?</strong></span> 
     </span>
    </p>
   </div>
   <div class='ocr_carea' id='block_1_7' title="bbox 245 4273 1415 4436">
    <p class='ocr_par' dir='ltr' id='par_1_12' title="bbox 245 4273 1415 4436">
     <span class='ocr_line' id='line_1_34' title="bbox 316 4273 1415 4349; baseline 0.002 -17"><span class='ocrx_word' id='word_1_272' title='bbox 316 4277 342 4332; x_wconf 85' lang='lat'><strong>1.</strong></span> <span class='ocrx_word' id='word_1_273' title='bbox 367 4275 402 4331; x_wconf 94' lang='lat' dir='ltr'><strong>de</strong></span> <span class='ocrx_word' id='word_1_274' title='bbox 425 4275 477 4332; x_wconf 91' lang='lat' dir='ltr'><strong>boe</strong></span> <span class='ocrx_word' id='word_1_275' title='bbox 495 4289 599 4345; x_wconf 81' lang='lat' dir='ltr'><strong>organo</strong></span> <span class='ocrx_word' id='word_1_276' title='bbox 617 4291 644 4330; x_wconf 89' lang='lat' dir='ltr'><strong>v.</strong></span> <span class='ocrx_word' id='word_1_277' title='bbox 663 4275 798 4344; x_wconf 82' lang='lat' dir='ltr'><strong>glossaria</strong></span> <span class='ocrx_word' id='word_1_278' title='bbox 815 4273 913 4345; x_wconf 75' lang='lat' dir='ltr'><strong>(langii</strong></span> <span class='ocrx_word' id='word_1_279' title='bbox 931 4291 953 4332; x_wconf 88' lang='lat' dir='ltr'><strong>s.</strong></span> <span class='ocrx_word' id='word_1_280' title='bbox 972 4293 999 4332; x_wconf 82' lang='lat' dir='ltr'><strong>v.</strong></span> <span class='ocrx_word' id='word_1_281' title='bbox 1018 4281 1108 4349; x_wconf 82' lang='lat' dir='ltr'><strong>rocta,</strong></span> <span class='ocrx_word' id='word_1_282' title='bbox 1129 4283 1158 4334; x_wconf 86' lang='lat' dir='ltr'><strong>et</strong></span> <span class='ocrx_word' id='word_1_283' title='bbox 1175 4277 1373 4336; x_wconf 79' lang='lat' dir='ltr'><strong>Dieffenbaebii</strong></span> <span class='ocrx_word' id='word_1_284' title='bbox 1391 4295 1415 4335; x_wconf 91' lang='lat' dir='ltr'><strong>s.</strong></span> 
     </span>
     <span class='ocr_line' id='line_1_35' title="bbox 245 4363 809 4436; baseline 0 -16"><span class='ocrx_word' id='word_1_285' title='bbox 245 4379 272 4420; x_wconf 82' lang='lat' dir='ltr'><strong>v.</strong></span> <span class='ocrx_word' id='word_1_286' title='bbox 290 4369 373 4420; x_wconf 70' lang='lat' dir='ltr'><strong>roda</strong></span> <span class='ocrx_word' id='word_1_287' title='bbox 463 4366 489 4422; x_wconf 81' lang='lat'><strong>2.</strong></span> <span class='ocrx_word' id='word_1_288' title='bbox 513 4379 557 4435; x_wconf 90' lang='lat' dir='ltr'><strong>ep.</strong></span> <span class='ocrx_word' id='word_1_289' title='bbox 572 4363 809 4436; x_wconf 75' lang='lat' dir='ltr'><strong>wirsiburgensis.</strong></span> 
     </span>
    </p>
   </div>
   <div class='ocr_carea' id='block_1_8' title="bbox 0 0 1566 4844">
    <p class='ocr_par' dir='ltr' id='par_1_13' title="bbox 0 0 1566 4844">
     <span class='ocr_line' id='line_1_36' title="bbox 0 0 1566 4844; baseline 0 0"><span class='ocrx_word' id='word_1_290' title='bbox 0 0 1566 4844; x_wconf 95' lang='lat' dir='ltr'><strong> </strong></span> 
     </span>
    </p>
   </div>
  </div>
 </body>
</html>
