3090 4848
207 431 261 487 ⁷44

186 503 235 552 iun.
248 507 279 553 Ἠ

298 268 362 335 lea
522 284 549 332 e.
565 283 743 332 normann
765 285 809 331 su
830 283 932 331 auum
954 281 1141 330 nemromn
1164 282 1195 328 cs

296 426 392 492 corda
413 425 747 494 excellentissimorum
778 423 916 490 filiorum
944 428 1125 490 nostrorum
1148 421 1277 508 Pippini
1305 426 1337 488 et
1359 419 1461 486 Carlo-

296 543 423 626 manui,
447 546 484 608 ut
506 541 565 608 tibi
587 542 621 607 in
643 540 878 627 praedicatione
902 541 978 606 socii
1001 543 1033 606 et
1056 539 1215 606 adiutores
1238 557 1307 604 esse
1328 538 1463 604 niteren-

295 665 348 725 tur
371 669 429 724 ex·
452 659 660 744 inspiratione
682 656 800 722 divina.
846 655 986 734 Quorum
1008 675 1130 722 meroes
1153 655 1282 741 copiosa
1302 659 1412 720 manet
1432 654 1463 718 in

295 773 405 857 caelis3
430 772 598 859 quoniam*
622 771 804 839 benedictus
827 770 931 854 homo,
955 792 1014 858 per
1035 791 1129 858 quem
1152 770 1348 838 benedicitur
1370 769 1463 836 Deus.

386 890 434 956 De
458 888 615 976 episeopis
637 907 711 954 vero
740 886 1010 973 metropolitanis,
1040 887 1072 953 id
1102 891 1150 954 est
1172 885 1322 953 Grimone
1330 882 1348 969 ¹,
1374 905 1465 970 quem

294 1025 352 1072 nos
375 1005 440 1071 iam
462 1008 648 1091 conpertum
670 1003 836 1088 habemus,
860 999 959 1070 Abel'
982 1004 1048 1070 sive
1072 997 1286 1086 Hartbercto⁸,
1310 1019 1388 1086 quos
1412 1020 1468 1088 per

295 1139 548 1206 unamquamque
570 1119 773 1206 metropolim
795 1140 852 1206 per
882 1120 1060 1205 prouincias
1089 1119 1296 1203 constituisti,
1325 1118 1383 1184 hos
1411 1138 1469 1204 per

295 1241 386 1303 tuum
407 1236 625 1303 testimouium
648 1233 886 1317 confirmamus3
907 1235 949 1304 ¹et
971 1235 1070 1322 pallia
1092 1235 1273 1319 dirigimus⁰
1297 1233 1336 1300 ad
1360 1253 1469 1300 eorum

294 1351 509 1420 firmissimam
538 1351 744 1418 stabilitatem
773 1356 805 1418 et
834 1351 1003 1419 aecclesiae
1034 1351 1094 1419 Dei
1122 1355 1342 1435 augmentum,
1372 1349 1469 1415 utin

295 1467 419 1535 meliori
445 1466 612 1555 proficiant
639 1472 734 1534 statu.
831 1466 973 1546 Qualiter
1001 1469 1086 1535 euim
1114 1487 1183 1534 mos
1213 1466 1302 1553 pallii
1331 1465 1390 1550 sit,
1421 1463 1470 1532 uel

296 1583 452 1669 quomodo
474 1582 569 1650 fidem
592 1603 682 1650 suam
701 1603 859 1670 exponere
875 1583 1010 1651 debeant
1024 1583 1068 1668 hi,
1092 1583 1146 1668 qui
1161 1583 1293 1670 pallium
1308 1583 1356 1648 uti
1371 1581 1469 1648 licen-

295 1701 342 1767 tia
363 1700 585 1785 conceduntur,
610 1700 656 1766 eis
679 1700 867 1782 direximus3
891 1700 1098 1766 informantes
1114 1719 1182 1766 eos:
1206 1703 1242 1766 ut
1257 1698 1369 1782 sciant,
1393 1697 1470 1783 quid

296 1817 339 1884 sit
359 1816 450 1903 pallii
472 1836 563 1900 usus,
595 1821 628 1883 et
655 1815 803 1883 subiectis
827 1816 911 1882 viam
933 1816 1117 1902 praedicare
1140 1815 1266 1899 salutis,
1296 1819 1329 1880 et
1350 1813 1470 1880 aeccle·

296 1933 424 2000 aiastiea
452 1931 620 2018 disciplina
648 1951 758 1999 eorum
785 1933 819 2000 in
847 1932 1005 2000 aecclesiis
1039 1931 1236 1998 inmutilatad
1265 1933 1410 1998 servetur
1440 1935 1472 1995 et

296 2053 424 2116 maneat
445 2048 641 2131 inconcussa,
666 2053 698 2114 et
721 2048 942 2133 sacerdotium,
967 2048 1051 2134 qued
1073 2048 1105 2112 in
1130 2049 1174 2114 eis
1192 2047 1298 2131 fuerit,
1321 2065 1384 2114 non
1400 2045 1472 2133 pol·

295 2163 408 2248 lutum,
431 2169 467 2230 ut
490 2169 582 2230 antea
603 2164 674 2246 fuit,
698 2163 755 2231 sed
776 2163 930 2230 mundum
952 2170 985 2233 et
1007 2167 1169 2251 acceptum
1186 2163 1254 2231 Deo
1272 2183 1341 2230 esse
1356 2163 1472 2248 possit,

297 2285 450 2366 quantum
471 2280 610 2346 humana
633 2280 774 2347 condicio
796 2279 895 2362 valet3
924 2280 971 2346 ita
998 2284 1033 2346 ut
1061 2279 1165 2346 nullus
1188 2278 1345 2366 repperiri
1368 2277 1476 2364 possit

298 2397 396 2462 sacris
425 2395 552 2462 deviare
574 2396 745 2464 canonibus
769 2400 801 2462 et
823 2395 1011 2463 sacrificium
1034 2394 1188 2462 mundum
1210 2405 1335 2463 eorum·
1360 2395 1401 2462 ab
1427 2394 1474 2462 eia

288 2510 492 2595 immolatum
515 2513 561 2579 ita
583 2517 619 2580 ut
633 2511 720 2580 Deus
742 2511 790 2580 in‘
812 2532 921 2579 eorum
944 2511 1086 2598 placetur
1108 2511 1292 2580 muneribus
1314 2518 1347 2579 et
1368 2531 1475 2598 popu·

297 2627 347 2694 lus
370 2627 440 2712 Dei,
464 2627 637 2715 purificatis
660 2628 818 2696 mentibus
842 2649 882 2694 ex
905 2628 991 2694 omni
1014 2627 1176 2713 squalore,
1199 2629 1355 2695 sincerum
1380 2628 1477 2694 exhi-

298 2743 371 2812 bere
393 2742 522 2811 ualeant
543 2745 714 2812 christiane
736 2743 897 2830 religionis
921 2742 1068 2810 officium.

385 2858 534 2928 Retulisti
559 2861 654 2928 etiam
675 2860 778 2946 uobis,
802 2860 970 2942 karissime
995 2860 1103 2944 frater,
1128 2859 1212 2944 quod
1233 2859 1312 2927 duos
1334 2861 1477 2946 pseudo-

297 2976 468 3064 prophetas
490 2977 524 3042 in
547 2977 657 3044 eadem
673 2975 869 3045 Francorum
890 2976 1051 3064 provintia
1073 2977 1279 3063 repperisses,
1305 2969 1382 3062 quos
1407 2996 1478 3044 non

298 3092 589 3180 pseudoprophetas
618 3092 673 3159 sed
701 3093 802 3176 magis
831 3092 1139 3180 pseudochristianos
1167 3091 1348 3180 appellare⁸
1375 3091 1478 3160 debe-

299 3230 379 3275 mus.
469 3207 520 3275 Ex
544 3207 657 3292 quibus
686 3207 801 3275 unum⁴
830 3209 957 3294 quidem
986 3213 1018 3276 et
1046 3227 1163 3275 novum
1191 3208 1349 3276 Simonem
1379 3208 1481 3276 iuxta

298 3330 441 3394 tenorem
473 3331 601 3392 tuarum
633 3323 826 3411 syllabarum
858 3326 1065 3412 repperimus.
1117 3323 1177 3403 Qui
1211 3326 1306 3392 etiam
1340 3325 1405 3392 sibi
1446 3330 1481 3392 et

300 3441 511 3510 secerdotium
533 3439 715 3507 vindicabat
736 3446 769 3507 et
791 3461 811 3506 a
831 3441 956 3507 luxoria
978 3462 1012 3508 se
1034 3441 1164 3508 minime
1193 3440 1389 3526 continebat,
1425 3463 1480 3508 se-

300 3558 417 3625 ducens
439 3555 592 3644 populum
616 3561 648 3622 et
668 3556 777 3622 inania
798 3557 999 3643 praedicaus3
1023 3578 1087 3624 neu
1107 3555 1209 3624 solum
1225 3577 1315 3624 suam
1330 3557 1482 3625 animam

299 3675 362 3742 iuri
384 3673 537 3740 diabolico
561 3671 700 3756 tradens,
723 3673 778 3738 sed
802 3677 833 3739 et
855 3673 1044 3760 populorum
1067 3673 1161 3742 corda
1183 3675 1217 3738 in
1237 3673 1403 3740 interitum
1420 3673 1482 3742 de·

299 3810 444 3874 mergens
473 3794 505 3857 et
533 3789 685 3857 seducens
714 3789 864 3876 populum
894 3810 951 3876 per
979 3789 1149 3876 falsitates,
1184 3791 1230 3856 ita
1265 3795 1301 3856 ut
1328 3811 1401 3856 curu
1437 3791 1482 3858 ab

300 3905 452 3974 aecclesia
474 3907 535 3974 Dei
563 3906 762 3974 subtraheret
788 3912 821 3973 et
849 3927 869 3972 a
891 3905 1063 3973 christiana
1085 3907 1155 3991 lege
1176 3907 1381 3975 discordaret
1434 3907 1485 3976 Et

373 4133 394 4166 a.
415 4123 439 4166 et
454 4121 489 4166 Μ.
567 4119 589 4165 b.
609 4133 704 4178 quorum
720 4123 754 4166 Μ.
833 4133 853 4166 c.
874 4135 917 4166 om.
934 4123 969 4167 M.
1047 4121 1070 4166 d.
1092 4120 1172 4166 salutis
1193 4121 1217 4166 in
1236 4121 1342 4167 scalenis
1358 4122 1382 4166 et
1397 4121 1484 4169 asela-

300 4200 394 4248 similes
412 4199 535 4258 disciplina
554 4212 631 4245 eorum
654 4198 781 4246 inmutilata
797 4202 824 4246 C.
902 4215 922 4247 e.
943 4217 1012 4247 aare
1027 4217 1082 4246 ecee
1098 4213 1175 4246 eorum
1190 4201 1214 4246 ἰι
1229 4201 1299 4246 liam
1315 4199 1358 4246 deo
1372 4205 1484 4260 ροεὶιαιι

300 4291 334 4329 ees
349 4284 371 4326 in
389 4282 415 4328 C.
492 4279 509 4326 i.
531 4280 554 4326 in
570 4295 613 4326 om.
632 4282 665 4326 M.
743 4291 764 4336 g.
786 4277 896 4340 appellari
914 4283 947 4326 η.

373 4385 397 4438 1.
416 4382 620 4452 Rotomagensi.
698 4383 724 4438 2.
743 4383 881 4439 Remenai.
959 4384 985 4439 3.
1005 4381 1164 4440 senonensi.
1235 4383 1263 4438 a
1280 4381 1484 4442 ildebertum.
