3176 4846
312 277 378 345 646
516 295 596 344 vrrs
620 293 774 344 sauonor
795 291 1056 344 suosmrreoorr
1076 291 1274 342 noomvnnvr

223 445 294 504 1160
312 437 414 523 gratie
441 441 566 522 gereret
593 437 749 520 animum,
781 441 818 504 ut
842 455 917 503 mox
946 435 987 504 ad
1014 433 1216 522 imperatoris
1242 435 1407 521 pronatum
1434 431 1480 500 eia

312 555 381 622 sine
403 552 588 621 diffloultate
609 551 780 638 largiretur
799 551 964 619 introitum
981 585 1020 598 -
1038 551 1107 638 ipso
1124 549 1224 616 invito
1241 555 1274 616 et
1288 547 1481 616 ineonsulto·

313 669 417 738 denuo
446 669 607 736 uiritatem
635 668 725 754 quasi
751 687 791 735 ex
818 673 967 756 praeopto
992 664 1212 754 imperatoris*
1230 664 1364 732 'maiori'
1387 682 1482 749 quam

311 785 401 874 priua
441 784 642 852 oontumauio
677 784 812 868 ingressi
846 791 929 850 sunu
980 781 1024 849 Et
1055 782 1136 850 finnt
1168 781 1342 848 novissima
1372 779 1482 867 peiora

311 900 479 988 prioribus.

400 1015 472 1084 Duo
502 1015 586 1084 enim
614 1014 874 1082 truculentissimi
902 1014 1060 1099 homines,
1091 1012 1274 1099 Reginbodo
1302 1011 1423 1080 scilieet
1443 1010 1483 1080 de

311 1130 446 1216 Pinguia
475 1137 507 1198 et
529 1129 709 1198 Goteiridus
738 1130 777 1198 de
799 1129 1004 1217 Eppinetein,
1034 1132 1124 1216 quasi
1151 1130 1213 1198 duo
1241 1127 1376 1218 viperini
1397 1127 1483 1194 viru·

312 1247 483 1318 lentissimi
504 1247 586 1316 fetus
609 1247 751 1331 gemelli,
774 1247 830 1332 qui
851 1267 916 1314 una
937 1265 1009 1313 enm
1032 1245 1102 1314 aliis
1124 1247 1285 1314 civitatem
1307 1251 1340 1313 et
1362 1245 1484 1331 episeo-

312 1369 423 1452 patum
446 1363 644 1447 obturarunt,
673 1365 708 1430 iu
730 1363 858 1430 civitate
880 1363 952 1450 ipsa
974 1361 1167 1430 deierantesd
1189 1363 1410 1449 perstiterant,
1434 1379 1484 1426 ar·

312 1486 400 1548 mata
425 1479 628 1546 multitudine
656 1479 791 1546 eundem
813 1479 916 1546 loeum
939 1478 1108 1565 inplentes.
1142 1477 1195 1546 Ad
1217 1497 1295 1564 qnos
1318 1476 1484 1546 eliminan-

312 1597 385 1680 dos,
416 1595 493 1681 quia
517 1594 680 1683 popularia
703 1595 830 1662 vesanie
852 1594 999 1682 impietae
1021 1595 1100 1681 ipsis
1123 1595 1207 1682 cepit
1228 1595 1344 1662 iterum
1365 1593 1484 1677 favere,

313 1711 466 1797 quosdam
500 1731 574 1778 suos
607 1711 802 1780 necessarios
831 1710 965 1778 domnus
994 1710 1256 1798 metropolitanus
1283 1715 1483 1778 convenerat

311 1825 413 1907 Quam
441 1826 587 1910 obrem,
617 1832 653 1893 ut
673 1827 821 1914 impietae
843 1827 1000 1913 impietati
1023 1826 1147 1894 adesset
1168 1831 1350 1913 possetque·
1374 1833 1486 1894 eontra

311 1943 464 2030 pietatum
486 1935 636 2012 dimioare
658 1942 788 2026 fortius,
817 1943 871 2029 qui
894 1943 1052 2027 exierunt,
1079 1942 1223 2010 illinitum
1245 1948 1487 2010 maturaverunt

312 2059 533 2126 reversionem.
567 2057 762 2144 Numquam'
776 2057 854 2125 satis
873 2058 1024 2126 festinare
1044 2063 1150 2145 potest
1163 2057 1297 2126 infidelis
1312 2077 1484 2144 eversaque

312 2174 514 2242 eonsoientia

403 2290 564 2378 (leperunt
584 2290 700 2358 iterum
723 2290 882 2358 eivitatem
905 2289 1060 2358 maehinie
1082 2289 1325 2378 propugnaoulla
1344 2291 1487 2360 turribus

314 2413 348 2476 et
369 2403 562 2474 edifiuiorum
585 2405 851 2474 oosouooonibus
875 2405 1007 2491 aliisque
1029 2407 1242 2492 munimentis,
1265 2406 1375 2474 domos
1394 2417 1488 2476 ιιιιιιΙ

315 2527 410 2609 atque
431 2521 554 2610 plateae
575 2523 678 2590 modis
702 2523 846 2590 omnibus
869 2523 1034 2606 instruere,
1057 2522 1141 2590 uires
1164 2542 1314 2608 amagno
1329 2541 1433 2609 usqua
1446 2523 1487 2592 ad

315 2658 450 2726 parvum
472 2643 583 2706 eontra
604 2639 767 2708 dominum
791 2657 884 2706 sunm
905 2637 1176 2725 arehiepieuopum
1199 2659 1323 2706 armare
1344 2639 1488 2708 animare

317 2761 359 2839 et,
382 2761 418 2822 ut
440 2754 480 2822 ed
502 2773 609 2822 neeem
633 2755 734 2842 ipsius
757 2754 999 2840 vigilantissime
1022 2774 1056 2822 ee
1072 2760 1281 2842 prepararent
1294 2754 1369 2822 dato
1385 2756 1487 2840 signo,

316 2891 375 2960 pro
399 2870 518 2938 viribus
542 2870 719 2954 adhortari;
742 2871 990 2959 proclamantes:
1013 2871 1119 2958 ipsum
1142 2889 1211 2938 esse
1233 2890 1342 2938 aevum
1365 2871 1488 2940 hostem

316 2987 388 3070 roei,
412 2985 650 3072 deauratorum,
673 2987 856 3075 predonem,
878 2991 1069 3070 ereaturam,
1092 2986 1146 3071 qui
1166 3005 1220 3054 eos
1236 2986 1382 3054 omnibus
1397 2987 1490 3055 bonis

316 3104 489 3191 privasset,
517 3101 675 3188 totiusque
701 3103 839 3170 civitatis
862 3099 1132 3185 mortificatorem
1160 3121 1282 3188 senem,
1311 3103 1400 3170 euius
1423 3104 1489 3172 iam

318 3223 449 3306 peooato
475 3219 651 3302 venissent,
681 3220 832 3306 uniusque
858 3219 1042 3303 sanguinem
1065 3219 1205 3306 propriis
1226 3219 1372 3286 manibus
1395 3219 1489 3290 deba-

317 3340 390 3402 rent
412 3333 630 3421 profunderet
664 3333 708 3402 Et
729 3355 770 3402 ex
791 3335 866 3402 hino
887 3333 1097 3402 observabant
1119 3335 1382 3422 oportunitatem,
1411 3355 1490 3423 quo-

317 3451 412 3518 modo
441 3469 513 3518 enm
536 3457 666 3537 possent
687 3450 837 3520 ooeidere.
927 3451 979 3518 Ad
1001 3451 1154 3520 maiorem
1176 3471 1300 3538 quoque
1320 3457 1412 3520 tante
1433 3473 1489 3520 ex·

318 3566 531 3655 probrationis
559 3567 663 3653 utque¹
686 3573 884 3656 oontamptus
913 3567 1073 3636 cumulum
1100 3567 1245 3652 turgida¹
1266 3573 1299 3636 et
1318 3567 1398 3636 illud
1420 3569 1489 3636 adi-

319 3683 423 3752 oiebat
445 3683 630 3752 erudelitas:
660 3684 753 3771 quod,
783 3684 931 3770 quioquid
955 3685 985 3750 oi
1006 3683 1101 3771 paulo
1124 3687 1197 3750 unte
1219 3683 1399 3770 detulerint,
1424 3705 1490 3754 nun

320 3820 378 3888 pro
401 3800 482 3888 ipso,
505 3819 569 3867 non
591 3806 628 3867 ut
648 3801 709 3868 sibi
728 3800 864 3886 aliquem
884 3820 925 3866 ex
939 3797 1058 3866 utiense
1071 3799 1301 3887 impendissent
1313 3799 1489 3886 honoram,

319 3916 376 3983 sed
404 3937 443 3984 ex
471 3917 621 3983 mandato
649 3921 682 3983 et
710 3935 767 4003 pro
789 3915 938 3983 mandato
962 3916 1129 3983 dumtaxat
1150 3916 1266 3984 oeaams
1288 3915 1347 3984 hee
1368 3917 1491 4004 persol·
1579 3997 1580 4002 ,

319 4034 448 4100 vissent
539 4033 606 4100 Heu
632 4032 733 4119 impia
760 4038 792 4099 et
820 4031 884 4099 alia
911 4031 1156 4100 sceleratissima
1183 4033 1218 4100 in
1246 4033 1428 4121 episcopum
1457 4039 1491 4102 et
1577 4029 1580 4222 1

319 4149 483 4216 dominum
506 4167 598 4215 snum
619 4149 753 4236 profana
773 4148 964 4236 personabat
985 4149 1156 4236 Mogontia.

392 4296 413 4330 a
434 4283 460 4330 ln
478 4283 530 4344 ipro
551 4283 623 4330 invito
639 4285 663 4330 et
678 4283 769 4329 moreio
786 4285 811 4340 1,
831 4283 882 4343 ipro
897 4283 969 4330 inrito
986 4285 1010 4330 at
1023 4284 1141 4330 inooneeio
1157 4285 1180 4330 1.
1257 4281 1280 4332 lo.
1302 4283 1450 4344 imperatorio
1466 4285 1491 4332 1.

320 4373 341 4408 e.
361 4361 454 4408 maioris
471 4363 493 4408 1.
555 4363 578 4408 ri.
599 4363 732 4420 (immutes
749 4363 770 4408 1.
833 4377 853 4408 e.
868 4365 949 4423 poseat
959 4364 981 4409 1.
1043 4363 1059 4410 l.
1075 4364 1202 4424 Numquam
1214 4387 1242 4400 ·-
1254 4364 1395 4412 aemulantia
1410 4381 1454 4412 on.
1466 4366 1491 4413 1.

320 4453 343 4500 g.
363 4453 418 4487 auor
434 4441 457 4487 1.
532 4439 556 4488 lu.
577 4440 713 4502 pertundere
729 4443 751 4489 1.
827 4441 887 4490 nat
901 4444 924 4490 1.
1001 4443 1024 4490 k
1044 4443 1134 4504 terglda
1150 4445 1172 4491 1.
1248 4443 1423 4493 sumamma
