3110 4844
453 342 638 390 ncrsrouau
661 341 887 390 noousrman
910 344 942 390 aa
1213 327 1277 394 357

112 482 215 566 gitare
247 481 403 568 potuerit,
436 503 520 550 nunc
547 483 698 571 temporis
728 503 821 570 posse
849 482 919 550 fieri
947 489 1002 551 aut
1029 484 1153 552 debere.
1244 485 1280 554 si
1298 495 1366 550 1007

111 617 202 682 uero,
231 617 287 664 cur
308 597 388 664 illud
411 604 574 686 tantopere
597 604 670 667 anto
691 599 923 668 inchoationem
947 600 1091 667 omnibus
1113 599 1279 668 celandum

112 714 274 797 duxerim,
304 714 460 799 queritur,
490 735 548 782 nee
576 715 635 781 hoc
657 717 725 782 sine
748 735 843 782 causa
865 716 1047 783 actitatum·
1068 715 1277 802 respondebo

112 829 312 896 Institutione
346 829 494 898 docemur
527 830 724 914 euangelica,
759 829 968 898 aedificandae
1000 832 1034 898 in
1072 830 1170 897 altum
1199 831 1280 898 turri
1333 857 1338 868 ¹

113 950 258 1032 sumptus
280 947 369 1032 prius
391 947 557 1032 prouidere
579 947 772 1014 necessarios
784 943 799 1012 ¹.
835 947 879 1014 Et
893 967 961 1032 ego,
985 945 1113 1014 affectus
1129 948 1192 1014 mei
1207 967 1280 1014 con-

112 1061 196 1128 scius
231 1061 287 1128 sed
315 1061 415 1128 futuri
442 1063 570 1146 ignarus
600 1059 743 1147 effectus,
777 1062 875 1129 malui
904 1063 1113 1131 delitescendo
1144 1063 1282 1148 experiri

112 1177 188 1263 quid
211 1197 348 1264 possem,
372 1198 467 1264 quam
489 1179 677 1246 inmaturius
700 1177 860 1265 prodendo
883 1177 1045 1246 diffamare
1060 1178 1136 1264 quid
1150 1179 1280 1262 v'ellom3

112 1313 152 1359 ne
181 1293 263 1359 forte
289 1293 436 1362 inefficax
467 1300 539 1381 post
564 1294 683 1362 derisui
713 1293 803 1360 oculo
832 1313 968 1378 nequam
991 1295 1166 1382 patuerim,
1193 1295 1280 1379 dum,

113 1429 183 1475 sero
196 1409 352 1496 pudendo,
368 1417 481 1497 coepta
494 1429 557 1476 non
570 1407 762 1497 perficerem.
809 1409 961 1496 Superest
975 1429 1075 1477 nunc:
1093 1409 1280 1497 explanatab

113 1525 194 1592 clam
207 1565 248 1576 —
261 1524 408 1612 placeant
430 1526 787 1613 displiceantue-iam
809 1526 916 1613 palam
938 1527 1149 1608 innotescer03
1172 1531 1205 1594 et
1227 1526 1282 1592 do·

113 1640 187 1708 ciles
211 1641 370 1708 auditores
386 1662 449 1708 non
464 1648 529 1708 mm
544 1642 706 1709 benivolos
721 1641 889 1708 conciliare
905 1662 1000 1726 quam
1015 1646 1151 1708 attentos
1167 1641 1283 1709 sollici·

112 1763 191 1840 tare,
208 1758 262 1843 qui
277 1757 395 1824 directo
411 1757 553 1825 caritatis
568 1759 704 1842 tramite,
720 1757 928 1842 neutrobique
942 1755 1026 1842 dexi,
1042 1763 1075 1824 et
1088 1758 1284 1825 emendanda

112 1874 270 1958 corrigere
297 1878 329 1940 et
350 1894 414 1940 non
436 1873 638 1961 dampnanda
660 1873 833 1940 diiudicare
855 1879 973 1959 queant
995 1878 1028 1940 et
1049 1873 1157 1940 velint.
1193 1872 1283 1958 Quia,

112 1989 139 2056 si
163 1989 247 2074 quod
270 1988 427 2056 elaboravi
452 1991 564 2056 tacitus
586 1991 656 2076 ipse
679 1989 853 2072 occuluere,
878 1989 947 2074 quis
971 1988 1054 2074 qnod
1076 1990 1201 2073 ignoret
1217 1989 1283 2056 edi-

113 2111 180 2172 scat
204 2104 252 2172 vel
276 2105 478 2192 comprobet?
501 2105 701 2189 Maximoque
723 2105 837 2172 hocin
860 2105 1013 2189 cantibus,
1038 2125 1118 2191 quae
1141 2104 1203 2171 nisi
1223 2124 1283 2172 usu

113 2221 262 2288 sumendi
291 2221 425 2288 discerni
454 2221 643 2288 delectarive
665 2225 834 2306 nequeunt.
870 2219 1020 2306 Alioquin
1044 2221 1127 2288 ultro
1148 2221 1297 2306 ingratis¹

113 2339 281 2426 inportune
310 2339 468 2422 ingerere,
497 2358 577 2424 quae
605 2339 659 2404 rix
687 2357 798 2404 suasus
828 2357 967 2404 annuere
994 2338 1070 2422 quin
1097 2329 1203 2424 pot'ins
1224 2355 1284 2403 nec

112 2459 240 2522 coactus
262 2473 463 2540 praesumere
478 2455 603 2537 debeas,
626 2453 804 2521 dementiae
818 2473 870 2520 res
886 2459 943 2520 est.
1023 2451 1200 2536 Caeterum,
1224 2453 1283 2519 etsi

112 2571 245 2638 stultum
269 2571 372 2637 estin
395 2570 558 2657 prohemio
581 2569 718 2652 effluere,
742 2569 983 2656 reprehensores
1007 2589 1104 2652 meos,
1127 2589 1205 2654 quos
1225 2588 1284 2635 nec

113 2687 191 2754 satis
206 2687 345 2754 mirabor
360 2706 417 2752 nec
432 2687 555 2753 futuros
570 2685 739 2752 admodum
751 2685 940 2769 detestabor,
954 2686 1052 2769 qui-
1065 2684 1205 2769 quolibet
1215 2684 1283 2750 zelo

114 2805 231 2872 amoris
247 2803 298 2870 rel
319 2802 593 2870 amaritudinis-
606 2800 699 2868 modo
715 2803 926 2886 quiescentem
942 2819 993 2867 me
1009 2801 1064 2867 de‘
1080 2800 1285 2869 subterranea

114 2919 226 2988 utenti
254 2919 403 2987 dominici
432 2918 636 2986 absconsione
666 2918 868 3002 cavillantur,
897 2918 990 2984 modo
1019 2916 1132 2984 studiis
1155 2935 1284 3004 oporam

114 3036 254 3118 dantem,
272 3035 358 3102 velut
373 3054 525 3102 normann
541 3035 834 3120 praesumptionum
851 3035 1020 3118 curiosum,
1039 3031 1164 3100 aemula
1178 3051 1285 3098 susur-

114 3153 236 3218 ratione
260 3151 441 3235 suggillant,
465 3150 631 3234 utrobique
653 3169 710 3236 per
732 3170 782 3216 me
803 3149 1038 3217 ratiocinandod
1055 3167 1284 3235 praeoccupare

115 3287 152 3334 ac
174 3267 341 3354 perpaucis
364 3267 546 3334 satisfacere
569 3265 698 3349 eisdem,
722 3267 935 3332 necessarium
958 3264 1059 3332 video.
1094 3263 1129 3330 In
1146 3263 1286 3349 quolibet

115 3384 233 3470 scripto
260 3383 327 3449 vita
354 3403 391 3449 ac
413 3383 546 3448 scientia
568 3381 755 3468 disquiritur
777 3382 923 3448 auctoris.
969 3379 1087 3458 Quodsi
1111 3378 1285 3446 demerito

115 3501 200 3566 uitae
222 3519 346 3565 mecum
370 3499 489 3583 agitur,
518 3519 580 3564 uon
603 3503 670 3564 tam
693 3503 802 3564 sancto
825 3496 1021 3564 conscribere
1044 3515 1138 3581 quam
1160 3515 1219 3561 nec
1240 3494 1285 3563 le-

115 3637 189 3700 gere
212 3636 263 3682 me
286 3615 415 3699 dignum
439 3634 567 3698 conseo,
598 3614 675 3680 adeo
705 3619 741 3679 ut
768 3613 847 3678 mihi
871 3612 960 3698 quasi
983 3611 1111 3698 proprie
1132 3611 1285 3697 scriptum

115 3737 274 3822 reputem:
298 3732 375 3798 Noa
398 3745 442 3797 est
465 3733 534 3797 brer
556 3735 697 3819 speciosa
712 3735 747 3797 ic
763 3753 816 3796 ore
825 3724 1032 3817 peccarem&-
1056 3727 1129 3813 quia
1144 3727 1286 3794 omnium

117 3869 196 3936 pene
218 3868 308 3914 reum
332 3869 382 3914 me
405 3849 522 3931 fateor,
552 3867 609 3933 pro
634 3847 746 3932 quibus
770 3847 928 3932 peccatori
951 3845 1028 3911 dicit
1051 3844 1153 3911 Deus:
1179 3843 1286 3926 Quare

115 3979 149 4032 ts
172 3989 303 4031 marroc
326 3968 462 4032 saraae
484 3957 607 4030 meaei'
635 3981 706 4029 cum
734 3961 944 4046 sequentibus.
992 3960 1050 4028 Sin
1073 3979 1146 4026 vero
1169 3959 1285 4026 doctri·

116 4101 177 4148 nae
200 4081 332 4148 scientia
355 4080 507 4163 exigitur,
538 4078 603 4144 acsi
624 4078 773 4164 privatim
796 4081 1012 4144 monetatum
1037 4077 1183 4159 adverto,
1213 4095 1284 4142 cum

118 4197 251 4272 dicitur:
275 4199 408 4278 Scalae,
432 4201 463 4262 ot'
483 4199 630 4276 corceat,
654 4199 781 4283 capiens
805 4189 1023 4260 estimabitor⁴.
1070 4192 1152 4258 Hinc
1174 4191 1286 4258 ubim-

190 4354 211 4386 ι.
232 4339 371 4386 actitandum
387 4358 407 4384 e.
485 4338 507 4385 b.
528 4335 644 4396 explorata
659 4355 679 4384 c.
757 4350 777 4384 c.
798 4336 839 4384 sed
856 4355 876 4383 c.
925 4379 931 4388 ,
954 4334 976 4382 d.
997 4333 1149 4382 ratiotinuudo
1165 4351 1185 4380 c.

190 4447 213 4500 1.
234 4441 275 4500 cf.
287 4444 354 4500 Luc.
369 4444 411 4514 14,
424 4444 467 4498 28.
521 4443 546 4497 2.
566 4441 650 4498 Eccli.
664 4443 706 4512 15,
718 4442 744 4496 9.
798 4441 825 4496 3.
842 4441 887 4496 Pa
899 4440 943 4510 49,
955 4440 997 4496 16.
1051 4439 1077 4495 4.
1095 4438 1176 4496 Prov.
1189 4439 1231 4508 17,
1241 4439 1285 4494 28.
