3142 4848
351 288 378 336 s.
395 287 572 338 normann
593 291 638 338 nr
659 293 763 340 cunm
784 293 972 343 nnrsnonsn
994 296 1033 343 or
1231 283 1275 350 39

103 427 272 514 cadebant,
296 449 369 498 oum
391 431 561 500 verticibus
650 433 746 500 simul
768 435 870 522 ruptis
892 435 1061 505 radicibus.

102 544 210 630 Neque
232 550 343 630 guttae
365 547 525 631 graciliter
614 549 802 636 manabant,
826 551 881 618 sod
904 553 1084 637 minaciter3

102 661 212 728 mundi
233 667 340 730 rotam
362 663 543 732 rorantibus
633 665 835 734 umectabant
856 687 928 736 cum
950 668 1113 738 imbribus.

101 776 180 843 Cum
203 779 418 865 praepollenti
440 780 549 867 pluvia
638 787 745 849 essent
765 784 882 850 referta
903 783 1045 872 flumina,

100 893 193 961 turbo
216 899 337 962 terram
360 896 512 964 teretibus
602 897 808 982 grassabatur
829 901 1046 987 grandinibus,

100 1031 179 1095 qnae
203 1012 391 1078 &ternatim
415 1013 545 1080 caelitus
634 1013 819 1082 crebrantur
842 1016 942 1100 nigris
963 1017 1109 1086 nubibus.

99 1125 209 1212 Neque
233 1127 392 1194 caelorum
416 1128 554 1196 culmina
643 1137 753 1198 carent
774 1138 929 1200 nocturne
950 1133 1080 1216 nebula3

100 1261 237 1327 qnorum
259 1243 394 1330 pulchra
416 1243 563 1331 planities
654 1246 837 1333 perlucebat
858 1253 895 1315 ut
915 1248 1039 1334 glutias,

100 1357 200 1425 donec
224 1359 333 1426 nimbo
358 1379 396 1428 ac
416 1360 552 1427 nubibus
642 1368 732 1430 torve
754 1368 904 1448 teguntur
925 1365 1093 1432 trucibus·.

99 1473 181 1539 Num
206 1475 430 1543 tenebrescunt
452 1476 587 1562 turbine,
679 1477 823 1566 disrupto
845 1501 953 1547 rerum
976 1481 1096 1567 ordine,

99 1610 251 1674 gemens
274 1590 393 1660 Phoebi
414 1592 546 1659 numina
635 1599 730 1680 atque
752 1594 916 1681 praeclara
938 1594 1068 1664 lumina.

100 1707 210 1794 Neque
232 1707 389 1792 flagrabat
409 1707 585 1793 flammiger
676 1710 805 1778 ductor*
828 1712 951 1779 dierum
972 1711 1109 1798 Lucifer,

100 1825 183 1891 deut
206 1824 290 1892 solet
313 1825 479 1912 sepissime
570 1831 716 1892 auratum
739 1826 826 1892 sidus
850 1847 989 1914 surgere,

2 2017 3 2024 ἵ
101 1941 155 2007 sed
177 1946 325 2008 caecatus
348 1941 483 2026 caligine
572 1940 660 2010 velut
681 1941 774 2009 furva
794 1942 936 2028 fuligine.

2 2035 3 2094 Ὗ
100 2055 239 2124 Plaustri
262 2057 357 2144 plane
379 2056 592 2145 pulcherrima
680 2078 744 2125 non
767 2065 951 2146 comparent
973 2059 1156 2146 curriculo,

100 2173 258 2260 aquilonis
281 2194 302 2240 a
324 2174 419 2240 circio
508 2193 636 2242 cursum
658 2176 815 2243 servantis
838 2175 956 2244 scdulo.

100 2291 146 2356 Ac
168 2289 305 2356 totidem
327 2291 519 2359 torrentibus
610 2295 732 2378 septem
755 2291 834 2360 latet
855 2292 1055 2380 lampadibus

100 2405 220 2472 Pliadis
242 2405 376 2493 pulchra
398 2405 512 2493 copula
624 2406 663 2474 ab
685 2407 850 2476 Athlantis
873 2409 1037 2497 prosapia;

99 2524 178 2590 baec
199 2521 417 2589 conscendunt
437 2542 496 2609 per
518 2523 628 2591 ethera
719 2523 758 2590 ab
782 2528 853 2590 ortu
876 2524 952 2592 solis
976 2525 1089 2593 sidera

2 2677 3 2680 =
102 2639 189 2706 Tunc
211 2639 285 2725 pari
306 2637 397 2706 lance
418 2638 552 2726 limpida
640 2638 736 2707 Libre
758 2640 907 2726 torpebat
928 2641 1056 2709 trutina

2 2789 3 2802 κ
101 2754 255 2822 Zodiacus
279 2774 351 2822 oum
374 2759 478 2822 cetera
567 2755 673 2843 cyclus
695 2755 836 2822 fuscatur
859 2761 996 2843 caterva,

2 2901 3 2916 κ
102 2892 195 2957 quem
218 2867 401 2938 Mazaroth¹
422 2873 597 2958 reporimus
687 2872 864 2958 nuncupari
888 2873 1072 2964 antiquitus,

2 2971 3 3024 3
101 2988 149 3054 bis
172 2989 258 3055 senis
283 3007 355 3053 cum
378 2987 534 3055 sideribus
623 3007 681 3074 per
704 2987 865 3075 Olimpum
887 2987 1075 3057 lucentibus.

99 3104 165 3171 Nec
186 3102 352 3170 radiabatd
375 3102 501 3188 rutilus,
591 3104 674 3170 sicut
695 3104 833 3188 solebat,
858 3102 976 3188 Sirius3

101 3221 174 3306 qnia
197 3219 293 3286 nubis
315 3219 503 3303 nigerrima·
594 3219 791 3288 abscondunt
812 3219 901 3306 polos
923 3221 1030 3308 pallia

98 3339 253 3404 Attamen
276 3334 413 3420 flagrant
433 3335 568 3403 fulmina
656 3337 720 3404 late
741 3355 800 3422 per
822 3335 901 3404 caeli
923 3335 1070 3421 culmine,

2 3427 3 3430 Ἴ
99 3453 227 3540 quando
250 3451 424 3539 pallentem
446 3453 584 3539 pendula
672 3451 834 3518 flammam
858 3457 989 3520 vomunt
1010 3452 1153 3536 fastigia3

97 3567 249 3656 quorum¹
271 3574 388 3636 natura
409 3568 545 3636 nubibus
635 3567 778 3654 procedit
800 3567 1038 3635 conlidentibus.

97 3687 162 3754 Nec
184 3705 251 3752 non
275 3685 401 3751 marina
423 3684 529 3753 cerula
618 3684 833 3768 glomerantur
854 3685 889 3750 in
911 3683 1028 3768 glurea,

97 3824 159 3890 qua
180 3803 250 3870 ruit
273 3801 415 3887 inruptio
505 3805 671 3868 ventorum
695 3819 731 3867 ac
754 3799 920 3887 correptio.

95 3921 156 3988 Per
177 3919 291 4010 pelagi
313 3919 429 3985 itinera
517 3917 601 3984 salsa
623 3916 814 4004 spumabant
836 3937 963 4002 equora,

97 4058 167 4106 cum
191 4036 325 4105 bulliret
348 4033 543 4102 brumalibus
633 4034 773 4100 undosus
797 4039 907 4100 vortex
929 4031 1086 4100 fluctibus.

166 4197 188 4229 ι.
206 4178 317 4228 crucibus
332 4178 360 4226 V.
428 4175 450 4222 b.
466 4177 546 4224 doctor
560 4178 587 4224 V.
658 4190 678 4223 c.
694 4175 805 4224 curricula
818 4177 846 4223 V.
912 4175 936 4223 d.
952 4175 1055 4223 radiebat
1068 4177 1095 4222 V.
1159 4189 1178 4220 o.
1194 4187 1276 4233 nuger-

97 4263 151 4309 rim
168 4264 197 4310 V.
281 4259 298 4305 f.
320 4269 416 4318 quarum
435 4257 462 4302 V.

166 4359 191 4412 1.
217 4353 385 4425 Hieronymi
404 4366 447 4421 ep.
461 4351 495 4406 64
513 4351 548 4406 ad
566 4347 707 4406 Fabiolam
726 4349 806 4422 (Opp.
820 4349 863 4406 ed.
877 4349 1027 4408 valarsius
1046 4349 1149 4418 1365):
1170 4347 1276 4420 ,blanu-

98 4446 163 4518 rotb,
181 4447 236 4503 boo
255 4447 302 4500 ast
319 4441 464 4498 zodiacum
482 4439 644 4496 circulumt.
