3148 4846
326 277 394 343 380
664 293 851 341 srrsronsn
875 293 1101 342 processuras.
1126 295 1156 340 aa

222 445 292 502 1105
417 435 518 522 Super
545 435 605 502 boc
632 435 757 518 negotio
783 455 866 502 nova
887 455 944 502 nos
968 440 1094 522 oportet
1114 433 1311 502 solicitudine
1331 435 1475 519 concitni,

327 572 399 620 cum
426 552 500 618 nori
526 552 615 634 regni
639 551 907 638 opportunitatem
930 552 1038 618 divina
1060 551 1224 639 dispositio
1246 551 1388 639 prouidit
1419 550 1480 618 Nos

249 660 252 666 ’
327 669 410 736 enim
433 668 569 752 regibus,
594 687 674 753 qnae
697 667 747 734 sni
768 667 847 734 iuris
869 673 953 750 sant,
977 668 1101 752 integra
1115 687 1242 734 serrare
1256 672 1407 755 optamus,
1427 687 1478 734 nec

326 785 360 852 in
383 784 487 870 aliquo
510 783 697 866 minuimus;
720 783 889 850 dummodo
911 783 974 871 ipsi
996 804 1132 871 sponsae
1153 785 1203 850 sni
1217 782 1347 851 Domini
1363 782 1478 850 liberta·

326 907 391 967 tem
413 901 568 984 integram
591 899 763 986 patiantur,
787 920 882 984 quam
905 902 954 966 sui
976 901 1093 967 meruit
1108 901 1260 985 sanguine
1274 899 1478 986 redemptoris.

327 1015 380 1082 Sic
403 1022 530 1098 egentes
553 1019 696 1113 nostrum
720 1015 889 1100 auxilium,
919 1021 1061 1083 nostrum
1084 1015 1265 1101 consilinm,
1295 1015 1481 1084 concordiam

327 1135 477 1215 noemam,
501 1137 641 1198 nostram
664 1129 860 1198 dulcedinem
877 1132 1075 1215 obtinebant;
1103 1131 1243 1218 alioquin
1256 1137 1379 1200 tantam
1392 1131 1481 1198 domi·

212 518 270 566 llor.
280 521 307 566 11

327 1267 386 1314 nae
414 1267 450 1314 ao
478 1248 589 1315 matris
617 1253 743 1314 nostrae
775 1247 994 1332 indignitatem
1024 1249 1092 1335 pati
1116 1268 1180 1316 non
1201 1267 1377 1336 possumus.
1410 1246 1482 1326 Quid

327 1363 410 1430 onim
432 1364 473 1430 ad
495 1363 629 1431 militem
652 1363 781 1430 baculus
806 1362 1014 1450 episcopalis?
1042 1364 1117 1448 quid
1140 1364 1251 1432 annlns
1272 1362 1482 1432 sacerdotalis?

326 1479 473 1546 Habeant
493 1480 526 1544 in
550 1479 682 1548 ecclesia
704 1482 877 1567 primatum
897 1501 999 1564 sunm,
1023 1485 1059 1546 at
1073 1481 1137 1547 sint
1152 1479 1300 1548 eccledae
1314 1479 1482 1548 defensores

327 1599 359 1661 et
381 1595 530 1664 ecclesiae
557 1596 705 1662 subsidiis
732 1597 943 1683 perfruantur.
980 1595 1126 1664 Habeant
1147 1615 1251 1680 reges,
1280 1596 1365 1682 quod
1385 1613 1485 1679 regum

327 1716 390 1793 est3
418 1711 501 1796 quod
524 1712 720 1780 sacerdotnm
744 1718 801 1796 est,
825 1713 963 1779 habeant
984 1711 1172 1778 sacerdotes.
1207 1710 1260 1778 Sic
1281 1729 1392 1798 pacem
1413 1709 1485 1776 inri-

327 1845 395 1894 oem
420 1833 549 1895 teneant
571 1834 603 1896 et
624 1849 658 1894 se
681 1830 816 1896 invicem
839 1829 872 1896 in
895 1849 958 1894 uno
974 1826 1091 1894 Christi
1114 1847 1244 1916 corpore
1258 1833 1452 1895 venerentur.

417 1945 466 2010 De
488 1944 736 2012 ordinationibus
759 1945 955 2029 clericorum,
979 1946 1033 2030 qni
1054 1945 1088 2010 in
1110 1945 1211 2012 nosti
1230 1945 1383 2031 temporis
1397 1943 1486 2011 schis-

327 2065 412 2128 mate
440 2061 576 2127 ordinati
603 2066 693 2145 sunt,
723 2081 787 2127 non
816 2060 901 2127 alind
931 2059 1129 2128 scribendam
1152 2059 1314 2144 duximus,
1345 2060 1487 2147 qnamin

329 2176 513 2244 Placentina
535 2173 672 2264 synodo¹
694 2197 750 2263 per
773 2183 901 2245 sanctae
923 2177 1093 2244 memoriae
1116 2175 1288 2261 Urbanum,
1311 2175 1488 2264 praedeces·

330 2313 434 2361 sorem
457 2299 616 2376 nostrum,
645 2291 852 2360 deliberatum
876 2300 933 2362 est.
1022 2293 1121 2360 Porro
1144 2293 1337 2381 episcopos·‚
1363 2293 1417 2379 qui
1437 2291 1488 2358 snb

328 2409 669 2476 excommunicatione*
683 2411 718 2475 in
738 2409 848 2477 eodem
868 2409 1038 2477 schismate
1052 2429 1165 2476 manus
1179 2409 1413 2496 impositionem
1428 2427 1489 2494 sps·

327 2530 488 2611 oeperunt
513 2524 552 2590 ad
575 2523 698 2592 concilii
721 2525 1110 2592 sententiamdeferendos
1126 2525 1325 2592 arbitramur.
1362 2526 1490 2594 Tantum

327 2642 414 2710 enim
436 2645 597 2708 tantarum
619 2660 826 2728 personarum
848 2642 967 2708 malum
983 2641 1189 2726 generaliter⁰
1205 2640 1430 2731 deliberatione
1443 2643 1492 2707 ant

327 2759 502 2826 curandum
525 2763 574 2825 est
595 2764 650 2826 aut
672 2757 930 2825 detruncandum.

418 2874 467 2941 De
489 2874 614 2942 aoncilii
638 2879 742 2942 antem
765 2874 833 2941 loco
855 2872 906 2941 vel
927 2879 1084 2961 tempore,
1112 2873 1139 2940 si
1153 2874 1275 2942 ¹vestris
1297 2875 1331 2940 in
1354 2873 1492 2961 partibus

328 2990 548 3059 celebrandum
578 2993 636 3074 sit,
671 2995 727 3056 tua
754 2991 901 3074 interest,
935 2990 1164 3058 communicato
1191 2991 1325 3058 fratrum
1355 2989 1492 3072 consilio,

328 3108 418 3175 nobis
441 3109 534 3176 citius
557 3107 705 3174 indicare.
741 3106 895 3194 Optamus
917 3106 1001 3174 enim
1022 3113 1054 3174 et
1067 3107 1268 3174 vehementer
1284 3113 1492 3194 opportunum

330 3229 388 3306 ert,
410 3229 447 3290 nt
469 3223 519 3290 vel
542 3223 626 3310 apud
649 3243 704 3288 ros
721 3243 779 3310 per
795 3223 915 3308 legatos
930 3228 1053 3290 nostros
1069 3223 1119 3292 vel
1134 3224 1166 3290 in
1181 3222 1275 3290 Italia
1289 3243 1347 3310 per
1361 3244 1421 3291 nos
1435 3222 1493 3289 lar·

329 3341 433 3423 giemo
455 3339 591 3406 Domino
620 3345 799 3427 peragatur.
834 3339 870 3406 ln
901 3360 961 3425 qao
984 3339 1023 3406 de
1045 3339 1213 3407 sacerdotii
1235 3359 1272 3406 ao
1293 3341 1384 3424 regni
1408 3358 1494 3406 sesn-

330 3456 401 3524 dalo
428 3455 657 3544 propulsando,
688 3477 765 3544 paee
788 3455 990 3540 stabilienda,
1020 3455 1178 3522 communi
1200 3475 1257 3542 per
1278 3455 1340 3524 Dei
1361 3457 1494 3541 gratiam

328 3570 554 3640 deliberatione
575 3578 755 3640 tractemus.

419 3687 502 3754 Sane
528 3689 567 3756 de
589 3689 859 3757 schismaticomm
881 3687 1020 3756 ecclesiis
1043 3691 1169 3754 sanctam
1192 3688 1362 3754 memoriae
1384 3687 1496 3755 Iohan-

329 3803 378 3870 nis
402 3824 503 3890 papae
517 3804 614 3872 verba
635 3805 830 3872 mandamus.
866 3804 922 3871 Ait
942 3804 1026 3872 enim
1041 3804 1197 3890 episcopis
1212 3824 1270 3892 per
1285 3803 1410 3871 ltaliam
1424 3823 1495 3870 con·

330 3915 483 3986 stitutis²z
508 3922 665 3986 Ecclesiae
682 3923 895 3988 Amisenorum
916 3923 1092 4009 amicosque
1112 3924 1302 4002 incenatus,
1327 3921 1496 3988 carmeiam

401 4130 422 4162 a.
445 4115 558 4176 episcopis
574 4117 611 4162 ed.
688 4115 711 4162 b.
731 4116 967 4164 excommunicationis
983 4117 1019 4164 ed.
1098 4131 1117 4165 o.
1138 4135 1169 4164 aa
1184 4117 1297 4176 generali!

402 4223 426 4276 l.
454 4235 525 4276 anno
554 4220 623 4275 1095
648 4219 754 4290 habita,
787 4237 814 4275 v.
839 4221 958 4290 Regesta
988 4219 1146 4292 pontificum
1173 4221 1355 4278 Romanorum
1383 4236 1411 4290 p.
1433 4219 1495 4274 461.

331 4311 357 4364 2.
384 4309 412 4364 in
434 4309 551 4378 epistola
566 4308 843 4366 Pseudo-isidoriana
860 4309 1035 4375 (Decretales
1053 4309 1343 4366 Pseudo-isidorianae
1366 4309 1410 4365 ed.
1429 4307 1495 4363 Hiu-

331 4395 423 4451 schias
439 4413 467 4467 p.
480 4396 552 4465 696).
580 4395 622 4452 Cf.
641 4397 764 4453 Gratiani
781 4398 862 4453 Deor.
880 4398 910 4452 P.
923 4399 962 4453 ΠΙ
980 4399 1023 4453 De
1040 4413 1161 4454 consecr.
1180 4399 1241 4454 D.1
1258 4414 1282 4454 c.
1295 4401 1352 4455 21..
