3164 4842
303 297 368 366 496
603 317 650 363 nx
673 313 828 365 ornnour
851 317 930 364 vrrs
953 317 980 365 s.
997 317 1172 366 nosrrnrn

303 479 322 524 a
345 457 496 542 quodam,
520 458 665 544 proxime
686 457 777 524 illum
800 457 926 544 adesse,
954 479 1047 544 quem
1070 465 1248 544 quaereret,
1277 463 1398 548 Repete
1416 463 1461 526 in·

302 575 371 659 quit
394 597 461 640 cum
484 577 544 640 bac
564 579 669 640 uenire
692 580 882 662 quantoties,
914 581 991 664 potu
1013 599 1116 642 aemam
1137 581 1344 644 ommociuara'
1364 581 1462 644 serior

305 695 427 779 oppetit
453 715 548 758 maia.
582 692 649 772 Quo
678 693 823 760 veniente
851 697 883 758 et
909 693 1068 778 utrimque
1096 693 1225 760 alterius
1254 695 1391 762 advemu
1412 693 1462 760 de·

301 807 467 892 nunciato,
499 829 573 874 mox
595 809 793 896 praeparatis
816 809 905 894 equis
929 810 968 877 ab
990 815 1123 895 utroque
1144 810 1224 893 itur3
1254 814 1287 877 et
1308 811 1340 875 in
1363 809 1461 876 medio

302 945 394 992 amne
424 926 657 992 occurrentibus
687 931 781 1011 atque
811 925 1074 1012 colloquentibus,
1110 925 1261 994 Gewiliob
1291 927 1462 1012 episcopus,

301 1040 381 1107 olam
404 1041 508 1108 ferens
531 1041 679 1126 gladium,
703 1043 762 1108 ait:

456 1161 574 1246 Acape
595 1163 661 1224 aum
673 1161 813 1245 ferram,
839 1183 900 1246 quo
921 1173 1044 1246 patrem
1065 1161 1190 1226 uindico
1214 1183 1330 1226 comm.

456 1274 542 1341 Haeo
564 1274 660 1359 igitur
683 1275 800 1360 dicens,
825 1275 929 1359 gladio
952 1295 1026 1342 mox
1048 1275 1186 1361 perfodit
1205 1275 1304 1341 illum.

299 1389 369 1473 Qui,
388 1391 494 1457 statim
510 1411 656 1458 corruens
673 1413 712 1458 ex
728 1411 817 1478 equo,
841 1393 873 1457 in
888 1391 1017 1458 flumine
1033 1392 1170 1458 exalavit
1185 1393 1341 1479 spiritum.
1370 1389 1464 1456 Gum-

299 1527 359 1590 que
381 1508 430 1572 sui
446 1507 524 1573 talia
539 1514 752 1593 agnoscerent,
776 1509 815 1574 ab
832 1508 976 1575 omnibus
992 1507 1195 1592 clamabatur,
1219 1508 1377 1592 utrimque
1391 1526 1464 1572 con-

298 1623 389 1688 sertis
417 1625 523 1690 cuneis
551 1645 749 1711 summopere
771 1625 988 1692 dimicabatur.
1028 1625 1252 1712 Superatisque
1276 1623 1463 1705 saxonibus,

298 1738 529 1806 Karlomannus
557 1761 629 1807 eum
658 1742 722 1808 suis
746 1743 785 1808 od
808 1743 938 1829 propria
959 1742 1125 1824 remearit,
1156 1742 1281 1807 nemine
1303 1739 1352 1825 id,
1382 1739 1464 1824 quod

297 1857 416 1923 factum
445 1862 493 1924 est
516 1877 534 1922 a
557 1856 743 1941 Gewiliobe,
772 1859 806 1923 in
835 1857 996 1925 homicidii
1018 1859 1136 1924 crimen
1160 1857 1339 1944 deputante.
1374 1854 1463 1921 Unde

298 1979 330 2040 et
356 1993 500 2040 reversus
523 1974 614 2040 solito
639 1974 831 2061 episcopales
855 1975 916 2041 sibi
939 1973 1117 2042 vendicavit
1139 1993 1224 2040 usus.
1307 1973 1352 2038 At
1374 1991 1465 2038 sanc·

297 2094 347 2155 tus
370 2089 497 2176 praesul
512 2089 702 2174 Bonifaoius,
725 2091 808 2158 inter
831 2097 954 2158 caetera
976 2090 1177 2157 correctionis
1199 2089 1363 2174 colloquia,
1386 2089 1465 2155 haee

298 2206 415 2292 pariter
440 2208 475 2273 in
498 2214 652 2273 conventu
675 2207 818 2294 synodali
841 2207 987 2294 protulit3
1020 2213 1187 2292 attestans,
1217 2205 1338 2272 nullum
1362 2205 1465 2270 homi·

295 2321 370 2387 eidii
392 2328 482 2389 reatu
504 2323 659 2410 pollutum
678 2324 791 2390 debere
807 2324 977 2410 episcopali
994 2325 1171 2391 sacerdocio
1186 2323 1284 2406 fungi.
1319 2321 1370 2386 Ad
1387 2321 1466 2388 haee

296 2438 391 2503 etiam
415 2438 443 2504 ei
467 2439 590 2523 obiecit,
613 2440 751 2526 propriis
775 2461 809 2506 se
832 2441 930 2506 oculis
945 2441 1144 2527 perspexisse
1160 2439 1249 2505 illum
1265 2457 1336 2504 oum
1352 2437 1464 2504 avibus

295 2553 485 2640 canibusque
508 2556 674 2640 iocantem,
699 2557 782 2641 qood
806 2557 952 2644 episeopo
974 2556 1151 2624 nallatenus
1166 2555 1284 2622 liceret.
1319 2554 1465 2621 Audiens

295 2675 401 2737 autem
422 2671 500 2738 baec
522 2669 674 2739 Gewiliob
697 2673 911 2758 sentiensque,
939 2685 982 2740 ee·
995 2673 1081 2740 nullo
1104 2673 1195 2739 modo
1219 2677 1328 2738 contra
1351 2672 1465 2738 stimu-

292 2786 358 2852 lum
381 2787 430 2854 vel
453 2789 602 2855 secularis
624 2789 784 2876 potentiae
807 2810 863 2856 seu
886 2791 1081 2856 auctoritatis
1098 2790 1276 2872 canonicae,
1300 2807 1381 2873 quae
1396 2807 1466 2853 me-

293 2903 399 2970 diante
433 2911 541 2972 sancto
569 2904 730 2972 Bonifaoio
764 2906 798 2971 in
834 2926 941 2973 omues
970 2925 1074 2973 coram
1103 2905 1224 2992 positos
1252 2905 1465 2988 deferebatur,

293 3020 474 3088 calcitrare·
488 3041 591 3108 posse,
614 3023 730 3089 iudicio
754 3024 913 3088 consensit
935 3021 1092 3088 communi
1116 3021 1337 3107 depositusque
1358 3025 1408 3086 est
1421 3019 1466 3086 ab

293 3135 402 3202 ordine
431 3138 611 3225 episcopali.
652 3139 719 3217 Quo
750 3138 907 3226 deposito,
941 3139 1048 3204 statim
1078 3143 1204 3204 sanctus
1232 3135 1413 3203 Bonifaciua
1445 3155 1468 3202 a

292 3253 481 3337 supradictis
510 3254 720 3341 principibus,
749 3254 962 3322 Karlomanno
985 3253 1131 3320 videlicet
1153 3258 1186 3319 et
1205 3252 1341 3339 Pippino
1361 3253 1466 3334 notre

292 3368 375 3452 eiua,
406 3369 575 3438 aecclesiae
597 3371 847 3456 Mogontiacensi
874 3369 1063 3458 praeficitur.
1104 3369 1148 3436 Et
1174 3374 1210 3435 ut
1232 3371 1299 3435 eius
1323 3368 1466 3452 dignitas

292 3485 480 3553 eminentior
501 3487 593 3573 foret,
617 3488 823 3556 decreuerunt
835 3487 920 3554 idem
938 3487 1108 3574 principes,
1132 3483 1314 3552 aecclesiam
1329 3483 1467 3568 Mogon-

291 3599 475 3688 oiaoeosem,
503 3624 582 3690 quae
605 3606 692 3691 prius
717 3605 809 3671 alteri
831 3603 972 3671 subiecta
994 3608 1072 3686 erat,
1095 3601 1295 3688 metropolim
1318 3602 1467 3667 omnium

291 3715 324 3780 in
347 3715 517 3786 Germania
540 3722 713 3808 positarum
730 3721 950 3788 aecclesiarum
967 3717 1098 3786 efficere.
1134 3715 1279 3803 Moxque,
1302 3716 1468 3801 legatione

290 3831 384 3919 facta,
408 3835 486 3902 illud
509 3857 528 3903 a
549 3837 694 3923 praesule
717 3837 888 3925 apostolico
910 3837 1130 3922 impetravere.

381 3951 451 4019 Tali
478 3973 552 4038 ergo
582 3955 768 4022 auctoritate
790 3951 951 4037 suffiiltus,
980 3955 1108 4017 sanctus
1129 3949 1325 4033 Bonifacius,
1355 3948 1471 4034 coepit

290 4068 427 4155 undique
455 4071 545 4156 quasi
572 4091 671 4138 novus
701 4071 945 4138 archimandrita
974 4086 1054 4152 quas
1077 4067 1185 4134 divina
1207 4071 1281 4132 sunt
1302 4065 1467 4151 plantare,

290 4184 444 4252 diabolica
465 4207 539 4254 vero
562 4189 737 4274 extirpare,
766 4187 915 4254 coenobia
938 4184 1168 4269 aecclesiasque
1191 4181 1371 4264 aedificare,
1401 4199 1469 4266 pa-

290 4306 389 4368 stores
418 4304 616 4370 cautissimos
644 4303 803 4371 aecclesiis
831 4303 949 4372 eisdem
977 4319 1181 4390 praeponere.
1220 4297 1302 4365 Num
1331 4299 1469 4384 praeter

361 4456 382 4489 a.
403 4443 507 4491 calcitare
523 4461 543 4490 c.
