3144 4852
347 302 542 352 cnnrsrrarn
565 303 764 352 onaosrcos
788 301 1020 352 nosusrrnunr
1196 285 1260 351 699

100 443 292 528 gaudebant3
316 451 489 531 sperantes,
512 465 624 531 pacem
645 445 739 512 rebus
755 445 834 530 dari,
856 446 994 540 maxime
1009 445 1083 531 quia
1097 444 1180 512 idem
1195 445 1262 512 bel·
1281 452 1349 508 1249

100 559 169 626 licis
192 559 285 626 rebus
308 581 371 626 non
393 562 498 628 fuerat
520 566 672 628 assuetus.
706 560 811 627 Etiam
835 563 888 647 qui
911 563 1039 648 negocio
1061 561 1187 627 fuerant
1201 561 1262 626 ini·

101 675 189 759 mici,
217 676 475 761 congratulantur
502 677 541 744 ei.
632 675 693 744 Sed
723 697 786 743 non
815 679 903 745 stetit
930 679 984 746 diu
1013 680 1047 745 iu
1070 676 1261 764 episcopatu.

101 791 276 858 Accusatur
304 793 387 860 enim
417 793 500 880 apud
529 789 678 880 papam¹:
707 794 791 880 quod
818 795 943 860 omnino
965 792 1086 860 inutilis
1109 799 1191 860 esset
1214 812 1263 859 ec·

102 906 229 993 clasiae,
259 913 291 974 et
317 909 401 993 quod
422 915 567 976 evocatus
591 909 631 976 ad
653 909 868 996 expeditiones
888 910 971 994 regis
993 908 1110 975 invitus
1132 909 1262 975 veniret

104 1021 171 1090 Hoc
194 1029 297 1091 autem
320 1045 429 1092 remur
453 1029 537 1108 erat,
561 1044 597 1092 eo
621 1025 704 1110 quod
726 1023 836 1091 fierent
857 1025 1019 1108 incendia,
1042 1026 1194 1092 sectiones
1217 1024 1263 1089 vi-

103 1159 243 1224 nearum,
267 1140 497 1207 devastationes
517 1146 667 1224 segetum.
702 1139 836 1208 Dicebat
850 1141 976 1223 etenim,
998 1160 1194 1226 nequaquam
1211 1139 1264 1206 de

103 1275 173 1323 cere
194 1255 272 1322 talia
294 1255 496 1322 sacerdotem.
532 1254 593 1322 Sed
617 1257 765 1342 quicquid
788 1257 916 1324 deberet
937 1277 994 1344 per
1016 1255 1154 1340 gladium
1172 1254 1265 1341 spiri·

103 1377 170 1456 tus,
199 1372 283 1457 quod
311 1378 360 1438 est
381 1371 510 1439 verbum
532 1371 608 1458 Dei,
637 1372 813 1440 omnimode
842 1393 876 1440 sc
901 1378 1083 1460 promptum
1107 1370 1266 1438 asserebat

105 1492 136 1554 et
158 1487 368 1555 voluntarium
396 1489 590 1556 servitorem.
626 1487 767 1576 Cumque
790 1489 856 1555 eius
878 1487 1153 1574 praedecessorum
1176 1485 1265 1572 sequi

105 1602 237 1686 vestigia
258 1609 448 1688 moneretur,
470 1605 648 1690 respondit:
673 1605 836 1692 Scapcam
857 1617 916 1670 aaa:
940 1605 1059 1684 „Mitte
1071 1605 1216 1692 phidiam
1229 1607 1266 1669 aia

104 1714 306 1806 acquam&
339 1719 387 1787 Ob
416 1719 475 1788 boc
502 1721 536 1786 in
558 1721 665 1786 odium
688 1721 771 1804 regis
793 1724 826 1788 et
846 1718 1017 1786 multorum
1039 1719 1150 1786 incidit
1170 1717 1265 1784 laico·

104 1855 183 1901 rum.
274 1833 334 1913 Qui
360 1855 468 1902 omnes
490 1856 562 1907 enm
584 1841 767 1903 accusantes
790 1835 874 1922 apud
895 1855 1027 1921 papam,
1054 1834 1265 1917 obtinuerunt,

104 1969 176 2018 cum
209 1949 249 2017 ab
282 1951 464 2038 episcopatu
496 1953 582 2018 omni
615 1951 803 2020 submoveri.
850 1949 953 2018 Cessit
985 1971 1059 2034 ergo
1092 1949 1352 2018 annom-1251

104 2065 183 2132 ruini
208 2068 303 2132 1251.

194 2180 389 2248 Substitutus
416 2187 465 2248 est
491 2188 596 2248 autem
619 2182 658 2249 ab
681 2182 790 2249 eodem
813 2181 916 2266 legato
940 2182 1119 2250 adolescens
1142 2181 1268 2248 subdia·

104 2317 212 2382 conus,
236 2292 586 2384 Gerhardus⁸nomina
609 2296 693 2365 filius
716 2299 839 2365 comitis
861 2297 1007 2383 Conradi,
1031 2299 1085 2384 qui
1107 2298 1269 2365 dicebatur

105 2412 265 2500 Sylvestsr
298 2433 411 2480 mines.
503 2412 594 2479 Hunc
622 2420 726 2482 autem
754 2415 916 2482 substituit
944 2412 1072 2500 Hugo'⁴
1099 2414 1269 2482 cardinalis

104 2529 268 2617 presbyter
290 2535 323 2597 et
343 2529 475 2614 legatus,
498 2529 644 2596 inductus
668 2551 687 2597 a
709 2531 844 2616 quodam
865 2528 1017 2599 Henrioo⁸
1033 2530 1268 2618 archiepiscopo

103 2646 399 2732 Herburgduncnsi,
429 2648 483 2733 qni
511 2647 614 2714 socius
636 2651 706 2714 erat
726 2647 826 2734 ipsius
848 2647 954 2732 legati.
989 2645 1055 2714 Nec
1080 2651 1186 2714 tamen
1208 2647 1268 2713 hoc

103 2763 172 2850 ipse
199 2761 355 2830 Henricus
386 2763 639 2850 archiepiscopus
669 2763 826 2829 concubit
853 2765 920 2830 sina
949 2783 1052 2830 causa.
1094 2763 1270 2848 Acceperat

104 2879 189 2946 onim
211 2879 332 2946 occulte
354 2879 502 2946 ducentas
526 2879 669 2946 marchae
692 2879 843 2966 pecuniae
864 2885 1046 2946 numeratae
1062 2899 1081 2944 a
1096 2878 1267 2962 Gerhardo‚

104 3015 197 3081 quem
224 2995 309 3064 idem
337 2995 589 3082 archiepiscopus
617 2994 740 3061 institui
769 2994 958 3081 procuravit
996 2993 1082 3060 Nihil
1112 3001 1267 3081 opertum,

104 3111 187 3197 quod
210 3131 272 3179 non
289 3108 470 3180 reveletur⁶.
505 3110 635 3178 Praeter
649 3111 706 3178 hae
723 3116 827 3177 autern
843 3109 993 3176 ducentas
1008 3109 1151 3176 marchas
1166 3109 1267 3176 factae

103 3232 178 3294 sunt
199 3227 426 3295 destructiones
448 3227 566 3295 mulne
588 3226 738 3294 ecclesiae
759 3225 1018 3311 Magantinansis.

175 3369 586 3433 &Hagnonedplagitars'affl

175 3467 200 3520 1.
217 3465 406 3522 Innocentium
419 3465 466 3521 1v.
537 3463 751 3532 2101111111.
817 3461 884 3518 51.
946 3463 972 3517 4.
991 3461 1072 3531 nugo
1084 3460 1118 3516 de
1131 3459 1159 3516 S.
1170 3460 1268 3531 Charo,

101 3570 144 3625 pr.
162 3554 237 3608 card.
255 3555 297 3609 tit.
316 3553 344 3610 S.
358 3552 489 3624 Sabinae;
512 3552 547 3608 de
565 3568 620 3622 quo
638 3569 664 3606 v.
684 3549 778 3617 Quetii
792 3555 821 3606 et
838 3549 946 3605 Ecbard
965 3549 1063 3620 Script.
1082 3549 1140 3605 ord.
1159 3549 1268 3604 Praedi-

102 3649 226 3698 catorum
243 3642 330 3698 1194.
389 3644 415 3698 5.
440 3642 557 3697 Henrico
576 3642 610 3696 de
623 3640 743 3709 Secusia,
762 3640 809 3710 qui
826 3638 878 3694 ruit
895 3655 938 3710 ep.
952 3637 1139 3693 sistaricensis
1150 3637 1185 3692 ab
1199 3639 1266 3692 1241

103 3747 167 3786 -c.
182 3733 259 3802 1250,
278 3731 396 3802 archiep.
408 3730 612 3786 Ebradunensis
624 3747 641 3784 a
653 3745 676 3785 o.
691 3730 767 3798 1250,
786 3743 829 3798 ep.
842 3727 975 3784 Ostiensis
988 3727 1023 3782 ab
1036 3741 1061 3782 a.
1072 3727 1149 3797 1263,
1162 3731 1191 3780 et
1201 3725 1269 3781 obiit

102 3837 128 3876 a.
142 3822 220 3876 1271.
247 3821 290 3875 De
309 3835 363 3890 quo
380 3837 407 3874 a.
427 3819 497 3874 Hist
514 3819 597 3874 litter.
616 3817 681 3872 XIX
694 3819 756 3872 428.
845 3818 871 3872 6.
894 3817 960 3872 Luc.
975 3817 1017 3886 12,
1029 3818 1055 3872 2.

560 4129 803 4160 ἡ.-
