3024 4864
280 303 308 351 s.
327 303 503 352 soumnnn
524 305 568 352 mr
590 303 693 352 nuum
715 302 901 351 summurn
924 299 954 348 oe
1139 283 1203 351 165

66 445 190 511 nalosin
212 444 366 512 aeeclesia
386 445 562 532 permixtos
586 445 677 513 bunis
699 465 800 531 usque
823 444 864 511 ad
885 442 980 511 linem
1003 441 1101 510 seculi
1123 447 1373 510 temutes-746

64 581 160 646 pusque
179 561 286 628 iudicii
308 562 446 643 futuros3
478 567 510 629 et
537 561 617 628 nibil
642 561 733 628 bonis
756 561 878 627 unitate
901 578 938 626 ac
959 559 1203 646 participatione

63 681 314 762 numerorum,
338 678 429 764 quia·
452 696 561 744 eornm
583 677 676 744 factis
699 696 763 743 non
778 676 1005 760 consenserint,
1029 675 1202 743 obfuturos.

132 792 203 860 Cum
226 814 301 861 uero
324 795 381 878 eis,
404 813 462 881 per
485 813 563 880 quos
587 793 740 860 aecclesia
760 793 892 876 regitur,
916 791 1006 858 adest
1020 811 1099 878 paee
1117 791 1205 859 salva

60 913 176 996 potestas
202 909 388 996 disciplinae
416 910 566 976 adversus
594 908 745 997 reprobos
774 913 829 974 aut
854 907 992 974 nefarios
1021 906 1204 993 exercende,

61 1031 120 1092 tunc
138 1047 257 1111 rursus,
287 1045 328 1093 ne
356 1025 500 1093 socordia
529 1024 724 1109 segnitiaque
748 1023 957 1108 dormiamus,
987 1022 1058 1090 aliis
1088 1023 1205 1091 aculeis

59 1147 290 1229 praeceptorum,
319 1161 398 1229 qnae
421 1141 462 1208 ad
484 1141 685 1208 seueritatem
707 1138 924 1207 coercitionisl
947 1140 1122 1227 pertinent,
1152 1159 1206 1207 ex·

58 1257 155 1324 aiundi
175 1278 294 1325 sumus.
340 1258 389 1325 Ita
418 1263 466 1324 est
494 1257 590 1324 edam
618 1257 700 1323 ratio
728 1255 949 1322 dissimulandi
979 1260 1011 1322 et
1038 1255 1206 1323 tollerandi

59 1373 139 1440 malos
159 1374 189 1440 in
213 1373 380 1455 aecclesie;
404 1379 437 1442 et
459 1377 508 1440 est
528 1392 639 1439 rursus
662 1373 744 1439 ratio
766 1371 941 1456 castigandi
958 1375 990 1438 et
1003 1371 1205 1459 corripiendi,

58 1509 108 1556 non
131 1489 294 1558 amittendi
316 1489 367 1557 vel
389 1511 409 1557 a
430 1489 651 1556 communione
672 1488 870 1570 removendi3
899 1492 935 1553 nt
948 1507 1014 1555 uec
1034 1486 1206 1576 pationtiae

58 1607 162 1674 nomine
183 1613 400 1694 torpescamus
423 1623 481 1673 nee
504 1605 633 1673 obtentu
656 1603 838 1688 diligentiae
861 1603 1030 1670 seviamus.

127 1721 238 1790 Dicam
261 1741 394 1808 quoquc,
418 1722 503 1808 quod
526 1741 564 1788 ex
588 1720 736 1808 operibns
753 1721 955 1806 antiquorum
974 1719 1117 1808 excerpsi
1133 1719 1207 1786 dno

56 1843 155 1922 tomm;
189 1843 222 1906 et
250 1838 371 1906 utiliter
397 1839 431 1904 in
458 1844 525 1906 tam
554 1837 732 1924 perniciosa
757 1835 922 1904 barbarie·
952 1835 1206 1904 admemoriam

57 1953 132 2021 debet
151 1955 268 2022 reduci.
360 1953 394 2021 Si
416 1954 497 2020 forta
520 1954 554 2019 in
576 1953 701 2039 prelata
730 1951 993 2018 condescensione
1021 1970 1042 2017 a
1069 1949 1209 2036 quolibet

56 2069 257 2138 calumniarisd
292 2071 331 2138 de
365 2071 471 2156 aliquo
498 2068 667 2136 simulandi
698 2070 764 2136 sive
793 2068 889 2136 etiam
915 2065 1054 2152 tingendi
1082 2085 1207 2152 genere,

55 2183 192 2272 legimus,
217 2187 302 2274 quod
325 2185 412 2254 utilis
435 2185 594 2269 simulatio
617 2185 812 2252 adsumenda
826 2183 916 2251 sitin
931 2187 1082 2271 tempore.
1117 2182 1207 2252 Unde

57 2303 211 2391 etdsphas
245 2302 472 2389 „subtrahebat
499 2308 531 2370 et
561 2301 747 2385 segregabat
769 2321 820 2386 se,
849 2301 965 2367 timens
988 2295 1082 2368 eos“¹
1104 2305 1137 2368 et
1157 2321 1207 2368 re-

55 2417 138 2504 liqna3
172 2425 205 2488 et
233 2441 292 2487 uas
327 2415 511 2486 electionis¹
539 2417 676 2485 totondit
702 2413 829 2504 capnd'
858 2422 889 2484 et
917 2415 1118 2484 Timotheum
1146 2415 1207 2484 cir·

57 2533 209 2603 cumeidit‘.
251 2536 323 2623 lpse
346 2555 469 2621 qnoque
491 2534 553 2601 Dei
575 2532 658 2601 filius
681 2531 783 2617 linxit,
808 2551 842 2599 se
864 2531 988 2618 longius
1011 2529 1075 2600 ire‘
1099 2537 1131 2602 et
1153 2554 1208 2601 ne·

56 2651 119 2719 scire
139 2673 217 2738 quae
244 2652 377 2736 sciebat,
407 2656 443 2718 nt
472 2655 521 2718 est
548 2651 582 2716 in
612 2648 790 2734 euangelio:
821 2649 900 2732 Quae
922 2673 971 2716 me
994 2644 1130 2736 ocupa?
1160 2653 1207 2717 et:

60 2765 110 2834 uo
126 2773 280 2856 poenieat
310 2763 415 2835 euml²
447 2765 510 2834 Sed
539 2771 571 2834 et
593 2765 759 2853 psalmista
780 2765 949 2832 inmutavit
970 2765 1091 2832 vultum
1115 2785 1207 2832 suum

56 2900 141 2949 comm
168 2879 422 2965 Habimelech‘⁸;
456 2887 488 2951 et
515 2881 628 2969 loseph
659 2880 772 2948 ludens
800 2879 952 2948 tratribus
979 2881 1101 2948 locutus
1130 2876 1205 2948 est’.

55 2995 106 3065 Nec
123 3020 184 3066 non
207 3006 243 3068 et
265 2999 362 3067 Israel
378 2999 500 3066 bedinis
516 2997 651 3086 pellibus
666 2997 810 3064 membra
824 2997 965 3064 contexit
974 2993 1004 3062 ¹⁰.
1039 2995 1107 3064 Hoc
1120 2996 1205 3080 lecit,

56 3119 261 3202 utputaretur
283 3135 362 3200 esse,
386 3115 525 3200 quinon
548 3119 630 3196 erat3
655 3119 688 3180 et
708 3113 736 3180 si
759 3113 926 3198 diligenter
949 3117 981 3180 et
1001 3109 1136 3180 fideliter
1152 3113 1207 3180 ad·

54 3231 182 3316 tenditur,
205 3253 274 3299 non
289 3237 338 3299 est
352 3231 561 3315 mendacium,
577 3231 633 3296 sed
648 3230 834 3297 misterium.
867 3228 930 3296 Per
943 3228 1075 3296 bedinus
1091 3229 1207 3316 quippe

54 3345 133 3430 pelles
155 3353 299 3437 peecata,
322 3367 381 3434 per
403 3367 475 3414 eum
498 3366 583 3431 vero,
608 3346 661 3432 qui
685 3346 730 3412 eis
754 3365 788 3412 se
811 3345 950 3431 operuit,
973 3343 1028 3414 ille
1050 3343 1206 3430 signifiea-

54 3465 102 3548 tur,
122 3466 173 3549 qui
197 3465 304 3532 aliena
325 3469 455 3550 peecata
476 3466 591 3550 portat.

124 3580 209 3648 Haec
231 3587 307 3648 tuae
338 3579 479 3664 corinti,
507 3597 572 3644 non
601 3577 691 3664 qnasi
720 3577 844 3665 priscae
873 3577 1069 3644 auctoritatis
1098 3578 1207 3662 ignare

54 3691 91 3759 rel
110 3703 235 3764 nostrae
257 3696 445 3763 rusticitatis
469 3693 683 3761 admonitione
705 3693 870 3778 indigenti,
893 3713 934 3760 ne
957 3693 1051 3778 quid·
1070 3694 1133 3761 tuis
1155 3715 1206 3761 ro-

55 3812 158 3890 gatibus
181 3811 452 3897 derogassemusl,
482 3810 677 3898 trepidantes
700 3810 885 3897 scripsimus
906 3829 965 3898 pro
988 3829 1040 3895 eo,
1069 3810 1153 3898 qnod
1174 3817 1206 3878 te

110 3986 128 4018 ι
147 3973 162 4036 ᾖ
178 3979 214 4031 11,
237 3974 293 4035 qnia
310 3975 336 4021 C.
404 3972 426 4019 b.
448 3971 574 4019 coerolcnls
591 3973 617 4019 C.
685 3983 705 4018 e.
724 3970 842 4018 barbariae
860 3973 893 4017 111.
960 3971 983 4018 d.
1003 3971 1154 4030 adamatam!
1171 3975 1206 4027 sl,

56 4049 177 4101 durium
199 4057 226 4103 C.
307 4067 327 4099 s.
348 4051 444 4110 legimns
465 4069 521 4099 corr.
538 4055 560 4098 r'a
581 4051 702 4110 legerimus
717 4055 757 4106 M,
778 4049 874 4109 legimus
891 4051 918 4098 C.
995 4050 1012 4097 1.
1032 4050 1163 4098 Abimelebe
1179 4053 1206 4099 ι’.

55 4135 127 4190 sunit
140 4139 173 4182 bt.
253 4133 278 4181 ln
299 4132 445 4191 derogantem
462 4134 488 4180 c.

112 4239 133 4292 1.
155 4238 283 4308 delati,
297 4239 341 4293 12.
424 4238 450 4292 2.
475 4236 585 4292 Paulus.
669 4235 694 4291 3.
717 4233 781 4290 Aet.
800 4239 889 4304 apost.
909 4235 951 4305 18,
966 4235 1008 4290 16.
1090 4234 1117 4290 4.
1141 4235 1206 4291 Act.

57 4333 126 4390 tuost
144 4330 184 4400 16,
196 4331 223 4385 3.
331 4325 357 4382 5.
383 4325 566 4396 1162128.
665 4325 691 4379 6.
714 4325 781 4379 Luc.
800 4325 825 4392 8,
838 4324 882 4378 16.
981 4322 1006 4378 l.
1030 4321 1087 4378 Iob.
1107 4323 1149 4394 11,
1162 4323 1205 4379 34.

58 4409 78 4462 8.
90 4411 127 4468 Pe.
138 4416 178 4488 33,
191 4419 217 4472 1.
310 4417 337 4471 9.
356 4415 390 4472 V.
410 4414 478 4472 Gen.
496 4415 540 4484 42,
554 4415 578 4471 1.
671 4415 713 4469 10.
733 4413 801 4469 Gen.
820 4414 863 4484 27,
878 4413 920 4468 16.
