3148 4846
268 253 336 318 410
584 268 770 316 ceunomo
792 267 1019 316 uosuurrunn
1041 267 1079 314 eo.
1092 269 1120 314 cr

173 419 242 506 1139
356 409 479 489 Quanto
501 409 651 478 dilectum
673 409 772 478 thum
794 414 938 478 nostrum
961 405 1124 492 1111111111ι
1139 407 1247 476 Sancti
1263 407 1427 477 Clemenb's

172 493 248 540 Μ
268 527 307 594 de
328 525 469 594 Piscaria
490 526 740 594 consideratione
762 527 954 609 devotionis,
978 547 1074 613 quem
1096 524 1180 592 circe
1200 544 1259 592 nos
1281 528 1314 590 et
1334 522 1428 592 eccle·

268 644 349 710 siam
370 644 466 729 gerit,
490 648 523 712 et
544 642 738 728 monasterii,
761 643 813 710 cui
834 643 1021 730 proeminet,
1044 641 1127 727 quod
1149 641 1327 728 specialiter
1347 638 1431 707 beati

267 759 355 828 Petri
376 760 455 828 iuris
478 760 603 845 existit,
631 759 794 828 sinceriori
817 760 949 856 caritate
970 758 1146 842 diligimus,
1172 761 1261 823 tanto
1283 755 1431 824 attentius

267 876 399 944 eundern
423 877 584 944 dilectioni
606 880 679 944 tuae
701 875 850 942 duximus
872 873 1168 956 commendandum
1196 877 1370 960 sperantes,
1393 871 1433 940 ad

266 994 480 1062 interventum
499 997 643 1060 nostrum
658 991 801 1060 celeriter
816 990 1040 1079 peragendum,
1064 990 1148 1076 quod
1163 1009 1269 1058 amore
1283 988 1432 1073 iustitiae,

266 1110 393 1178 nomine
426 1114 657 1192 commonente,
693 1107 817 1176 effectui
848 1107 1023 1195 mancipari
1051 1105 1188 1174 deberet
1229 1103 1308 1173 Cum
1336 1104 1434 1189 igitur

267 1226 430 1294 occasione
452 1225 637 1308 discordiae,
660 1245 740 1310 quae
763 1225 818 1291 din
839 1227 922 1294 inter
945 1223 1108 1291 ecclesiam
1132 1226 1164 1289 et
1179 1221 1349 1308 imperium
1363 1221 1433 1304 fuit,

266 1341 497 1430 praescriptum
524 1341 749 1407 monasterium
776 1361 872 1424 grave
894 1339 1080 1410 sustinuerit
1100 1339 1134 1406 in
1156 1332 1315 1406 marchia¹
1338 1336 1435 1404 detri-

266 1463 418 1542 mentum,
441 1457 483 1524 od
502 1456 733 1544 recuperandas
755 1457 892 1524 iustitias
916 1477 989 1524 suas
1011 1455 1171 1542 praefatus
1194 1453 1290 1522 abhas
1307 1457 1363 1520 tuo
1380 1471 1435 1538 po-

267 1575 423 1642 tissimum
450 1573 572 1658 indiget
600 1573 734 1657 auxili03
764 1573 848 1659 quod
877 1579 965 1641 tanto
988 1571 1133 1638 volumus
1161 1569 1318 1637 efficacius
1342 1567 1436 1636 mini·

268 1690 378 1774 stram,
409 1696 524 1775 quanto
553 1690 740 1776 propensius
768 1689 964 1776 praescripto
990 1687 1180 1754 monasterio
1203 1687 1237 1751 in
1260 1686 1326 1752 suis
1349 1689 1436 1752 tene·

267 1827 339 1874 mur
371 1806 611 1873 necessitatibus
644 1804 820 1892 providere.
867 1803 1019 1882 Quocirca
1051 1803 1244 1870 fraternitati
1274 1807 1350 1868 tuae
1378 1821 1437 1888 per

268 1922 441 2010 apostolica
473 1923 592 2009 scripta
624 1941 771 2005 rogamus
798 1939 963 1988 monemus
992 1919 1142 1986 attentius
1171 1923 1203 1986 et
1229 1917 1436 1984 mandamus:

267 2043 419 2125 quatenus
452 2038 628 2125 praefatum
664 2036 809 2104 abbatem
837 2035 888 2103 vel
919 2035 1047 2102 nuntios
1075 2035 1143 2102 eiua
1171 2055 1229 2122 pro
1257 2032 1438 2132 reuerentia
1498 2124 1501 2133 Ι

266 2156 350 2222 beati
371 2153 458 2222 Petri
481 2160 513 2220 et
535 2158 657 2238 nostra,
681 2154 764 2220 sicut
784 2153 823 2220 de
845 2157 877 2219 te
899 2151 979 2219 bene
1001 2149 1203 2236 confidimns,
1226 2150 1362 2235 benigne
1385 2170 1436 2218 re·

266 2271 397 2359 spicias3
420 2275 453 2338 et
467 2290 530 2355 eos,
553 2270 608 2357 qni
623 2269 658 2335 in
672 2269 813 2336 marchia
826 2268 1047 2336 Anchonitana
1061 2268 1276 2355 possessiones
1291 2266 1437 2335 detinent

267 2387 308 2454 ad
335 2387 400 2454 iam
427 2385 547 2452 dictum
574 2385 799 2453 monasterium
828 2385 1036 2471 pertinentes,
1071 2383 1113 2450 ad
1140 2403 1195 2450 eas
1221 2381 1437 2450 restituendas

267 2503 409 2569 districte
431 2501 616 2588 compellas3
639 2502 687 2568 ita
709 2502 791 2588 quod
812 2501 924 2568 literae
945 2505 1073 2567 nostrae
1096 2504 1238 2587 optatum
1261 2500 1437 2566 sortiantur

266 2617 421 2703 effectum,
445 2623 477 2685 et
498 2638 555 2684 nos
578 2617 809 2685 solicitudinem
830 2622 918 2684 tuam
933 2617 1101 2684 debeamus
1116 2615 1334 2702 multipliciter
1349 2610 1437 2682 oom-

266 2735 425 2804 mendare.
458 2733 611 2802 Nolumus
634 2741 749 2819 autern,
778 2733 818 2800 ad
839 2733 1071 2800 restitutionem
1094 2732 1224 2819 opponi,
1248 2731 1332 2817 quod
1355 2735 1437 2798 tem·

265 2874 343 2942 pore
382 2851 559 2918 schismatis
591 2851 815 2939 possederunt3
856 2869 927 2916 cum
961 2848 1117 2917 hostilitas
1151 2847 1438 2936 praescriptionem

266 2968 450 3057 praebetur⁸
466 2968 579 3035 merito
600 2967 764 3055 impedire.
799 2964 917 3033 Datum
932 2963 1082 3032 Laterani
1099 2965 1210 3052 quinto
1224 2963 1331 3031 Nonas
1346 2963 1436 3031 Maii.

270 3181 576 3254 dittochoeum
605 3181 859 3268 archiepiscopuo
888 3181 1169 3268 Mupdeburpecoo'e
1197 3180 1337 3267 ecpc'tale
1359 3181 1436 3245 Μο-

354 3303 487 3387 puctino
516 3301 555 3366 dc
581 3301 706 3364 deice
727 3297 986 3363 Hulbcrutcdeooi
1007 3321 1070 3386 per
1092 3297 1276 3366 Haemon
1297 3295 1439 3363 Lecaco

356 3417 464 3482 dacem
486 3416 649 3485 Senoniae
670 3437 776 3480 eocroa
797 3412 981 3501 oipoojiouth

181 3563 249 3619 1119
357 3548 605 3632 Wtichmannns)
633 3548 695 3616 Dei
726 3549 830 3632 gratia
860 3553 968 3614 sancte
995 3545 1273 3631 Magdeburgensis
1304 3545 1439 3613 ecclesie

269 3663 524 3753 archiepiscopus
547 3670 579 3734 et
600 3665 768 3732 canonicus
783 3665 940 3750 quondam
957 3663 1229 3732 Halberstadensis
1244 3660 1377 3730 ecclesie
1392 3699 1438 3710 -

269 3803 330 3869 que
357 3783 421 3848 iem
448 3803 511 3849 non
534 3785 597 3866 est,
629 3781 704 3866 quia
723 3782 758 3847 in
779 3779 905 3848 favillas
926 3781 988 3848 heu
1010 3779 1138 3847 redacta
1159 3784 1271 3846 est-
1295 3777 1438 3865 capitulo

268 3898 452 3984 Mogentine
480 3897 609 3966 ecclesie
636 3898 842 3983 omnibusque
868 3896 997 3984 prelatis
1021 3903 1053 3964 et
1075 3895 1134 3964 toti
1156 3895 1239 3964 olera
1263 3898 1295 3962 et
1316 3893 1438 3982 populo

270 4017 409 4085 eiusdem
433 4014 582 4084 ecclesiae
604 4018 790 4100 perpetuam
812 4014 846 4081 in
867 4011 1004 4080 Domino
1026 4012 1169 4080 salutem.
1290 4003 1292 4008 ’
1354 4023 1356 4026 ’

341 4208 361 4241 a.
386 4211 416 4240 an
435 4189 581 4252 perhibetur?
673 4191 696 4238 h.
719 4193 787 4238 Hunc
805 4191 924 4250 epiotdaur
945 4209 974 4237 οι·
993 4191 1044 4238 cod.
1063 4191 1115 4238 trel
1134 4193 1227 4238 ceam.
1245 4190 1371 4238 Vindobon-
1389 4189 1436 4236 '1⁰1

269 4276 313 4331 fol.
325 4274 370 4320 147
386 4271 466 4330 (mauu
480 4289 542 4318 socc.
552 4273 615 4320 1111
629 4270 729 4330 11111111)
745 4274 768 4318 r'o
783 4287 846 4318 mum
861 4287 932 4318 meum
948 4271 1066 4332 &serpso
1083 4271 1212 4318 {ramma
1227 4271 1326 4318 Selour.

342 4378 367 4429 1.
388 4377 549 4430 Lecnatum.
637 4377 663 4430 2.
685 4375 865 4432 Anconitana
