3164 4842
309 273 376 342 532
562 293 723 344 nonnum
744 295 930 344 rmmnrrsrs
954 297 1034 344 vrrs
1055 295 1228 346 mounes

309 437 405 502 ventu
433 434 596 502 solaminis
624 435 795 504 sedaretur.
886 436 1001 523 Sioque
1029 437 1088 504 snb
1113 438 1226 506 abbate
1247 434 1414 524 Bobpoue¹
1434 437 1472 506 sd

141 561 299 618 1013-1018
308 549 417 616 nidum
441 571 516 618 suae
538 551 634 618 rediit
656 553 869 640 professionis,
892 559 925 619 et
946 573 1067 640 pauper
1089 554 1192 638 rebus,
1216 555 1305 620 dives
1322 573 1394 622 reru
1410 555 1471 640 rpi-

307 666 388 750 ritn‚
410 665 544 734 inooluit
565 668 677 736 dilsote
698 668 802 736 loonm
824 669 1039 737 habitationis.

397 781 480 850 Suae
501 783 597 852 saluti
620 803 745 869 raouns,
766 785 901 852 fratrum
924 785 1045 852 studuit
1064 785 1204 869 nullut,
1227 789 1373 870 totusque
1389 784 1473 852 dedi·

307 901 358 964 tus
387 903 456 965 erut
483 899 656 966 inedicibili
684 900 881 983 benignitati.
919 901 964 968 Et
992 921 1033 968 ex
1061 921 1159 988 porro
1187 901 1272 986 quod
1293 899 1409 982 valuit,
1437 921 1474 966 ex

305 1018 372 1081 toto
387 1013 539 1082 fratribus
553 1016 704 1101 prodesse
718 1015 833 1097 voluit3
853 1037 910 1103 pro
926 1017 972 1083 eis
987 1017 1152 1084 serviendo
1168 1016 1299 1100 legendo
1314 1022 1348 1083 et
1361 1021 1473 1100 cetero,

307 1129 641 1214 quoe‘monusterinlis
668 1152 744 1198 usus
772 1132 875 1216 norit,
905 1133 1036 1216 agendo.
1126 1131 1176 1200 Itu
1198 1152 1320 1218 quoque
1342 1133 1473 1200 oiroum·

307 1263 430 1331 qnoque
451 1246 515 1314 illis
530 1246 669 1314 oolleotie
683 1247 834 1314 fratribus
847 1287 889 1298 -
902 1249 1051 1334 quoniam
1067 1249 1197 1316 enutriti
1212 1248 1257 1316 ibi
1273 1268 1352 1335 pene
1367 1268 1474 1316 omnes

306 1363 467 1429 exierant·
482 1399 523 1410 -—
541 1363 628 1430 breri
650 1362 909 1450 eompleemtita,
932 1369 969 1431 ut
983 1365 1071 1450 prius
1091 1365 1301 1432 innotosoeret
1315 1363 1473 1448 benefitio,
1574 1345 1575 1352 ἵ

306 1497 401 1563 qnam
423 1479 544 1546 reditus
566 1479 616 1546 sui
639 1480 756 1566 spoeio.

396 1593 472 1662 Vise
497 1597 595 1680 igitur
623 1596 656 1662 in
684 1595 798 1662 frates
821 1597 890 1662 eius
913 1595 1121 1680 benignitate,
1150 1596 1293 1681 quamvis
1316 1594 1474 1662 voluntate

305 1729 379 1797 sepe
401 1710 573 1778 busbuta'
596 1717 794 1799 paupertate,
818 1711 1010 1798 aliquociens
1031 1712 1066 1778 in
1088 1710 1313 1778 movendoque
1330 1712 1398 1778 ouis
1413 1712 1474 1798 pri·

306 1827 403 1911 ratis,
433 1847 544 1894 verum
572 1827 620 1894 illi
643 1827 753 1894 dantes
775 1829 991 1895 testimoninm
1014 1828 1233 1911 benignitatis,
1265 1827 1476 1912 querebantur

304 1941 446 2028 inopium
468 1944 535 2010 eius
559 1948 752 2030 spontaneae
774 1946 987 2031 paupertatis3
1017 1949 1050 2010 et
1077 1945 1139 2030 piis
1167 1944 1234 2010 eius
1256 1963 1315 2030 pro
1337 1944 1476 2011 moribus

306 2057 436 2142 dignum
459 2077 532 2125 enm
554 2059 758 2144 musitabant,
781 2061 835 2145 qui
858 2061 1029 2147 imperaret
1051 2059 1101 2126 rel
1122 2057 1307 2126 senioribus
1342 2058 1432 2136 Quod
1447 2063 1477 2126 et

305 2173 426 2240 foetum
448 2181 506 2242 est
541 2175 623 2242 Nam
646 2176 694 2243 vir
717 2175 793 2260 Dei,
824 2175 918 2243 simul
941 2195 1014 2244 oum
1036 2175 1185 2259 gradibus
1208 2175 1302 2241 etatis
1325 2175 1477 2242 scandens

307 2290 404 2356 etium
427 2290 544 2375 grudm
567 2290 741 2376 dignitatis,
765 2293 906 2378 opinioni
929 2311 1038 2358 eorum
1060 2309 1260 2376 nequaquam
1274 2309 1309 2358 se
1324 2291 1478 2358 minorem

307 2406 364 2472 sed
386 2405 597 2494 oentnplinato
619 2407 695 2474 feeit
716 2409 878 2492 maiorem,
902 2407 1071 2474 admodum
1093 2413 1131 2473 ut
1152 2405 1384 2491 prandentibus
1401 2407 1478 2473 oleo·

307 2521 428 2589 toribus
451 2523 519 2589 eius
542 2523 685 2607 singulis,
713 2524 806 2590 multi
829 2543 900 2593 eum
923 2523 1064 2590 diberent
1086 2523 1151 2588 suis
1174 2523 1322 2609 primitus
1345 2521 1478 2590 oleobrm

307 2636 456 2706 oonsiliis.
540 2637 615 2706 Fuit
635 2640 732 2706 etiam
753 2640 788 2706 in
810 2639 897 2706 soela
918 2639 1128 2726 proventionis
1152 2639 1219 2705 eins
1242 2637 1393 2724 quiddam
1413 2657 1480 2704 am·

306 2753 453 2820 mirabile
483 2757 684 2842 omniumque
712 2760 889 2822 memoratu
917 2754 1089 2841 probabile.
1131 2753 1285 2832 Quoniam
1313 2754 1347 2820 in
1370 2773 1480 2822 mouu-

313 2870 410 2938 sterio
443 2871 532 2938 nulla
563 2872 624 2939 fuit
656 2872 848 2954 obediontia,
887 2891 967 2957 quae
1001 2889 1063 2937 non
1096 2871 1382 2938 amministraretur
1412 2871 1482 2938 einr

313 2985 491 3071 diligentiu;
521 2989 591 3072 qui,
620 2988 774 3076 incipiens
805 3008 824 3054 a
852 2987 1010 3071 minimis,
1039 2985 1134 3053 finem
1157 2985 1328 3054 scandendi
1349 2987 1425 3054 feoit
1448 2987 1482 3052 in

310 3103 470 3170 maximis.
511 3101 608 3187 Num,
638 3103 812 3188 frugalitati
841 3104 964 3170 deditus
992 3103 1145 3186 fraterne,
1174 3101 1315 3169 lucratus
1344 3108 1394 3170 est
1420 3101 1482 3169 sibi
1576 3187 1577 3190 Ἴ

309 3238 425 3286 nomen
453 3219 616 3302 dignitatis
638 3225 798 3306 paternae.
837 3218 1059 3304 Quemcunque
1082 3219 1166 3284 enim
1189 3218 1323 3284 fratrum
1346 3218 1483 3301 angebat

309 3333 442 3402 alieuius
464 3335 513 3401 rei
534 3335 722 3419 necessitas,
751 3334 905 3402 evadendi
927 3335 1148 3402 necessitatem
1171 3333 1319 3400 solatium
1341 3334 1482 3420 primurn
1575 3301 1577 3360 i

309 3449 411 3518 saneti
432 3451 534 3537 patris
556 3451 659 3518 fuerat
680 3451 821 3535 largitus.
857 3449 922 3518 Neo
944 3450 1056 3518 fefollit
1071 3450 1206 3536 aliquem
1222 3469 1295 3537 spes
1311 3449 1481 3530 eiusmodi3
1576 3457 1577 3498 l

310 3566 385 3651 quia
406 3586 465 3633 neo
487 3565 598 3634 babuit
620 3586 678 3633 neo
700 3568 860 3653 acquirere
883 3569 1002 3654 potuit,
1026 3568 1108 3652 quod
1131 3567 1312 3654 petebatur,
1336 3565 1364 3633 si
1386 3586 1482 3649 nega-

310 3679 365 3747 bat
380 3681 483 3749 abnui.
520 3681 610 3760 Quod
625 3688 730 3749 tamen
747 3684 821 3768 quia
834 3683 976 3750 aooidere
990 3681 1173 3750 inevitabile
1187 3689 1245 3766 est
1269 3681 1482 3767 sialiquando

310 3799 429 3882 evenit,
453 3798 505 3885 pie
527 3798 706 3865 consolatus
729 3803 887 3885 petentes,
911 3799 1081 3864 anxietatis
1105 3799 1151 3865 eis
1174 3817 1265 3864 curas
1287 3797 1420 3880 adomit3
1449 3801 1483 3864 et
1576 3869 1577 3874 ἵ

311 3914 339 3980 ei
362 3913 497 4000 aliquem
522 3935 656 3982 vanuum
680 3915 800 3980 dimisit
822 3914 914 4000 dono,
938 3935 1001 3980 non
1018 3919 1125 3980 tumen
1141 3933 1284 3980 sermone
1299 3913 1392 4000 bono,
1416 3933 1482 3980 me·
1576 3893 1577 3926 ³

311 4050 381 4098 mor
402 4030 502 4098 illius:
528 4031 640 4100 omno
664 4033 762 4098 bonus
783 4054 878 4118 super
901 4034 1010 4098 dutum
1033 4035 1194 4119 οριιιιιιιιιι.

384 4212 405 4246 ι.
426 4199 529 4246 exierunt
544 4217 564 4246 o.
642 4198 665 4246 b.
685 4199 792 4246 frustrato
808 4217 829 4246 ο.

384 4304 408 4360 1.
431 4305 480 4372 qui
498 4301 585 4360 mbae
596 4302 855 4373 Luuresbeimeneie,
873 4305 1027 4360 ann01013
1042 4301 1232 4360 faotusabbue
1242 4301 1397 4373 hiemo,
1414 4301 1483 4358 obiit

313 4405 339 4446 ι.
353 4393 431 4447 1018.
