3164 4842
323 337 530 386 muranum
549 339 630 385 vrrs
651 337 679 386 a
694 337 1044 387 cannamomum
1203 319 1270 387 lot

95 477 259 565 padocdc5
281 481 337 544 aad
358 491 388 546 at
408 479 583 560 turam,
610 501 671 567 pso
685 503 787 547 meam
801 482 993 568 doorcpitm
1006 480 1186 546 involvatur
1201 503 1270 546 ooo·
1288 488 1428 544 ltu—755

95 615 175 680 pao,
207 598 243 660 ιἰι
266 595 354 662 ttsoo
376 596 531 662 librorum
551 619 691 662 macrum
712 593 855 685 reponet
901 595 980 663 Gum
1003 595 1087 662 euim
1109 594 1269 682 praelatus

96 715 186 778 unta
214 710 462 799 querellositotis
489 711 620 778 antistes
648 712 786 799 suspiria
813 733 876 780 nou
899 711 1003 778 ferens
1026 711 1081 777 sed
1104 711 1212 778 statim
1236 731 1271 778 sa

95 825 131 892 iu
152 824 301 893 lacrimas
323 826 471 910 dedisset,
494 828 558 894 iam
582 831 709 894 sauctus
729 827 907 895 Bonifatius
930 827 1018 895 linito
1041 827 1205 913 conloquio
1230 827 1269 893 ad

96 941 161 1008 ulia
181 943 291 1026 rediit3
315 948 348 1009 et
369 942 478 1010 diebus
500 963 564 1010 non
578 943 686 1010 multis
701 944 908 1033 interpositis,
930 943 1074 1030 acepto'
1089 963 1124 1010 sa
1139 943 1271 1010 minime

99 1059 236 1126 retraxit
256 1061 385 1126 itenere.

187 1174 260 1259 Sed,
282 1175 417 1262 sumptis
440 1194 547 1242 secum
569 1175 812 1261 conviatoribus,
835 1195 949 1243 navem
970 1175 1113 1242 ascendit
1134 1195 1189 1259 ac,
1210 1193 1339 1262 persto

95 1289 193 1357 Reni·
216 1289 354 1358 fluminis
379 1291 502 1358 alveum
524 1299 703 1378 penctrans,
727 1298 882 1360 nocturna
902 1295 1050 1380 portuum
1072 1292 1197 1375 ιιιιιίςιο
1213 1311 1267 1359 ex·

97 1406 227 1492 quinivit
254 1407 338 1490 loca;
366 1407 479 1493 donec,
509 1427 628 1492 aquoso
649 1407 823 1475 Fresonum
852 1429 929 1475 arva
955 1407 1149 1492 ingrediens,
1179 1412 1268 1474 trans

95 1527 254 1607 stagnum,
279 1523 362 1608 quod
384 1523 493 1608 lingua
515 1545 623 1591 eorum
646 1523 760 1591 dicitur
782 1519 957 1606 Aelmere¹‚
982 1523 1102 1610 sospis‘
1123 1525 1270 1610 pervenit

94 1638 345 1724 infoecundaque
373 1637 480 1707 divino
507 1641 648 1723 germine
670 1639 765 1708 litora
786 1639 982 1726 inspiciendo
1005 1639 1126 1706 circuit
1172 1638 1268 1706 Gum-

95 1774 157 1840 qua
180 1755 392 1842 periculosum
413 1753 579 1822 fluminum
600 1757 759 1842 marisque
783 1762 815 1823 et
836 1755 1012 1840 ingentium
1028 1773 1179 1840 aqumum
1195 1775 1269 1822 eva·

95 1871 154 1936 sit·
178 1870 357 1956 discrimen,
381 1871 415 1938 iu
437 1871 614 1959 periculum
636 1873 700 1939 iam
723 1873 791 1940 sine
814 1871 954 1958 periculo
976 1871 1103 1955 incedit,
1126 1876 1268 1956 ganum·

95 2005 157 2072 que
186 2005 342 2072 paganam
365 1987 539 2055 Fresonum
567 1988 730 2055 visitarit‘.
777 1987 864 2066 Quae
891 1987 1149 2056 interiacentibus
1177 1987 1268 2072 aquis

94 2103 130 2168 iu
157 2103 274 2170 multos
302 2124 448 2188 agrorum
475 2103 644 2171 dividitur·
666 2124 779 2191 pagos,
808 2105 855 2170 ita
882 2108 932 2188 ut,
962 2103 1095 2170 diversis
1118 2101 1270 2190 appellati

95 2219 291 2304 nominibus,
320 2221 413 2288 unius
447 2225 553 2286 tamen
582 2221 685 2304 gentis
712 2221 942 2307 proprietatem
968 2219 1170 2307 portendunt.
1206 2217 1269 2285 Sed

97 2334 189 2420 quia*
211 2335 340 2419 longum
362 2342 421 2421 est,
445 2343 480 2402 ut
495 2356 552 2424 per
567 2335 709 2403 ordinem
724 2337 925 2424 replicentur,
950 2355 1002 2402 eos
1018 2340 1142 2403 tautum
1157 2335 1196 2402 de
1211 2353 1268 2400 no·

96 2451 182 2518 mine
219 2451 378 2518 denudare
407 2453 584 2537 studemus,
619 2453 684 2538 qui*
713 2453 754 2519 ad
780 2452 972 2518 narrationis
998 2456 1125 2519 nostrae
1153 2451 1266 2518 seriam

95 2567 251 2634 ueraciter
273 2568 490 2654 proferuntur3
515 2573 550 2634 ut
573 2574 605 2636 et
620 2567 708 2636 locus
725 2573 756 2636 et
770 2569 880 2654 lingua
894 2568 1028 2634 relatam
1043 2589 1063 2635 a
1078 2567 1168 2635 uobis
1184 2567 1270 2634 beati

96 2683 158 2750 riri
180 2683 421 2751 sanctimonium
444 2683 617 2770 aequaliter
639 2684 754 2772 prodat
776 2690 817 2770 ct,
841 2684 927 2771 qusli
941 2685 1024 2751 huuc
1039 2683 1191 2750 mundum
1206 2681 1268 2748 line

96 2798 272 2884 desereret,
296 2801 427 2887 aperiat

1 2995 2 2998 Ἴ
185 2913 246 2982 Per
269 2937 394 2984 omnem
415 2917 513 3001 igitur
527 2915 671 2982 Fresiam
692 2935 837 3002 pergens,
859 2915 991 2983 verbum
1005 2914 1145 2998 Domini,
1169 2933 1266 3000 puga·

95 3031 168 3098 uico
189 3033 317 3119 repulso
338 3033 404 3099 ritu
426 3037 459 3098 et
480 3051 612 3100 emoneo
633 3031 820 3116 gentilitatis
843 3051 930 3099 more
953 3032 1123 3114 destructo,
1145 3030 1267 3097 instau-

95 3152 146 3214 tar
167 3147 371 3235 praedicabat
386 3146 624 3234 aecclesiasque,
648 3149 776 3215 numine
796 3147 955 3215 contracto
970 3144 1194 3232 dilubromm¹,
1217 3145 1268 3212 in-

95 3264 184 3348 genti
206 3264 309 3332 studio
330 3263 506 3332 fabricavit.
541 3263 585 3330 Et
605 3263 706 3330 multo
728 3265 792 3330 iam
814 3264 904 3331 milia
924 3263 1103 3348 bominum,
1126 3263 1267 3329 virorum

96 3399 135 3448 ac
156 3379 326 3448 mulierum
352 3380 408 3448 sed
435 3385 468 3448 et
494 3380 716 3467 parvulorum,
740 3399 812 3448 cum
835 3380 1048 3448 commilitone
1075 3399 1148 3446 suo:
1176 3377 1268 3446 chor·

96 3497 259 3585 episcopo¹
279 3496 390 3564 Eoban
412 3496 646 3583 baptizarit-
670 3517 763 3583 quem
785 3495 825 3562 ad
848 3495 1096 3564 subveniendum
1119 3514 1196 3562 suae
1216 3513 1267 3562 se-

95 3613 171 3680 nilis
195 3614 307 3680 aetate
330 3611 509 3679 debilitati·
523 3612 680 3696 Fresouis,
703 3613 843 3680 iniuncto
867 3613 929 3681 sibi
952 3611 1110 3699 episcopio
1132 3611 1166 3677 in
1188 3610 1268 3678 urbe

96 3739 197 3816 qnae*
221 3733 349 3796 vocatur
372 3728 502 3813 Trehct,
531 3728 713 3813 subrogarit
735 3765 776 3776 -
801 3734 834 3795 et
862 3729 1046 3815 presbiteris
1069 3747 1106 3794 ac
1128 3726 1267 3794 diaconi-

96 3846 170 3931 bus,
200 3865 334 3933 quorum
361 3845 439 3913 haec
461 3849 536 3912 sunt
557 3845 700 3914 uomina:
730 3843 900 3930 Wintrung
922 3849 954 3914 et
976 3843 1148 3914 walthan·
1172 3841 1267 3911 simul

168 4020 190 4054 a
209 4005 304 4054 linteum
320 4009 348 4053 A.
434 4005 456 4054 b.
477 4007 571 4065 wcapto
587 4008 612 4062 F,
633 4009 728 4066 acepta
744 4011 773 4054 A.
856 4020 876 4054 c.
896 4005 969 4054 Rheni
984 4009 1013 4054 A.
1094 4005 1118 4052 d.
1139 4017 1220 4063 scapos
1235 4007 1264 4050 A.

96 4101 117 4134 ι.
138 4087 225 4134 amu
238 4088 265 4144 r,
281 4086 393 4133 emmo
407 4089 436 4134 Α.
513 4084 530 4132 ι.
550 4085 653 4132 ustura
668 4089 694 4143 r,
710 4085 812 4132 cuum
827 4090 856 4135 A.
925 4099 946 4144 g.
968 4085 1053 4132 uetur
1068 4088 1094 4133 r.
1164 4084 1188 4132 u
1208 4073 1224 4140 t
1239 4084 1266 4130 r.

96 4167 113 4214 l.
132 4181 155 4228 q:
173 4170 198 4216 ἲ.
269 4165 293 4214 k.
314 4167 459 4214 delubrorum
473 4169 503 4214 A.
572 4165 589 4212 l.
609 4165 756 4226 corepiscopo
772 4170 801 4214 A.
871 4179 900 4214 m.
921 4165 1039 4214 debilitata
1056 4168 1081 4222 F,
1097 4163 1223 4212 infirmitati
1237 4166 1266 4211 A.

95 4261 119 4294 ιι.
140 4247 181 4308 qui
195 4249 222 4295 F.
299 4260 321 4294 o.
342 4246 458 4294 Waltbura
474 4249 502 4294 A.

169 4353 194 4408 1.
218 4351 252 4407 V.
265 4349 354 4406 Bonis.
373 4366 416 4420 sp.
430 4351 464 4407 79
482 4365 566 4421 supra
582 4365 609 4420 p.
623 4349 683 4419 220,
702 4345 749 4404 ubi
769 4347 822 4420 ,lu
840 4363 895 4420 quo
912 4345 1157 4416 locc(l·n1densi)“
1177 4346 1266 4418 inquit

97 4438 251 4498 Bonifatius
270 4441 420 4512 „proposui
438 4467 472 4482 -
490 4445 555 4511 post
572 4443 687 4498 mortam
704 4436 824 4494 boant
914 4439 940 4494 2.
964 4437 1121 4494 Zuidamac.
