3144 4852
321 327 402 374 mro
425 325 579 374 naucum
601 325 863 375 uacumrrsoom
884 325 1081 376 uooonrnu
1218 309 1284 376 663

204 466 249 533 At
271 467 398 552 quidam
421 468 512 535 miles
534 467 642 534 hostili
666 489 705 535 eu
729 467 795 535 acie
818 467 954 534 mediam
977 467 1184 554 perlucentis
1200 469 1284 553 ignis
1314 477 1383 532 1160

115 583 281 666 caliginem
305 585 345 650 ad
366 583 486 667 locum,
515 585 548 650 in
572 605 633 668 quo
657 588 726 650 erat
747 584 936 651 reuerendus
961 583 1119 671 pontifex,
1144 591 1284 653 armatus
1301 549 1392 598 Μ

114 719 213 784 osque
240 700 460 786 progrediens,
490 698 528 766 de
556 701 643 766 eius·
666 699 885 767 sciscitabatur
911 699 985 766 hinc
1012 700 1087 767 inde
1112 703 1282 787 presentia

114 813 214 892 Quem
238 814 344 900 presul
367 837 406 882 ex
428 815 554 882 nomine
577 835 708 882 vocans:
738 819 833 883 Patre
850 852 890 862 ·-·
907 821 975 883 erat
998 817 1081 882 enim
1106 835 1180 883 suus
1203 815 1284 883 filio·

113 930 173 1013 lus,
198 949 289 1015 quem
314 930 352 998 de
375 950 463 998 sacro
485 932 572 998 fonte
594 931 733 998 levaratb
750 969 791 978 —
814 933 923 999 multis
945 933 1091 1019 precibus
1114 933 1285 1018 multisque

113 1065 186 1112 eum
215 1047 483 1114 obsecrationibus
513 1047 693 1132 adiurabat,
723 1054 758 1114 ut
786 1069 819 1114 se
848 1048 886 1115 de
909 1053 998 1115 tanto
1022 1054 1053 1115 et
1074 1054 1140 1114 tam
1162 1049 1283 1134 ingenti

113 1163 236 1248 eripere
263 1163 359 1229 vellet
385 1162 534 1249 periculo.
570 1161 733 1248 Simulque
762 1163 800 1230 de
829 1162 907 1248 fide,
940 1163 1079 1230 amicitia
1106 1164 1199 1231 etde
1221 1164 1283 1232 hiis

114 1299 174 1363 que
202 1279 262 1346 sibi
290 1278 408 1345 dudum
435 1277 635 1364 impenderat
662 1279 836 1362 beneficiis,
867 1286 899 1346 et
927 1279 1009 1365 quod
1039 1299 1198 1363 nunquam
1222 1281 1284 1348 sibi

112 1394 263 1462 molestos
285 1395 398 1480 iuerat,
426 1415 483 1462 nec
506 1395 623 1480 aliquid
648 1402 757 1462 contra
779 1417 851 1462 eum
875 1407 949 1462 neo⁰
973 1401 1084 1462 eontra
1105 1397 1192 1482 ipsos
1216 1395 1283 1462 Ma-

111 1511 271 1595 guutiuos,
300 1512 382 1596 quod
405 1511 534 1595 dignum
557 1511 638 1578 louet
659 1517 772 1596 morte,
795 1511 1002 1592 commiserit3
1032 1516 1065 1578 et
1085 1516 1122 1578 ut
1143 1513 1283 1599 paterni·

112 1631 226 1710 tatem,
257 1633 448 1694 senectutem
478 1647 567 1694 suam
597 1634 628 1695 et
656 1626 899 1694 benivolentiam
926 1626 987 1692 huc
1008 1648 1108 1712 usque
1130 1630 1283 1711 gratiam·

112 1763 172 1828 que
196 1743 256 1809 sibi
280 1743 404 1829 abipso
423 1743 567 1809 collatam
583 1745 769 1829 respiceret;
794 1747 913 1828 quanta
931 1743 1037 1828 etiam,
1061 1743 1106 1808 sid
1120 1744 1227 1829 ipsum
1243 1746 1282 1811 de

111 1859 171 1924 hac
203 1859 405 1926 tribulatione
440 1859 606 1942 eximeret,
642 1867 674 1925 et
704 1879 797 1944 quam
825 1879 940 1942 magna
967 1869 1112 1946 sperare·
1142 1859 1281 1944 deberet,

112 1975 236 2060 aliaque
264 1975 402 2061 plurima
427 1994 490 2040 non
514 1977 623 2061 paucis
646 1975 822 2057 incoloans;
852 1975 958 2062 ipsum
980 1975 1167 2061 propensius
1191 1977 1282 2041 stric-

111 2090 252 2175 tiusqoe‘
273 2091 508 2157 commonebat⁸
530 2091 701 2157 obtestans.
775 2092 819 2158 At
840 2093 926 2178 ipse,
950 2091 1150 2158 vehementer
1173 2095 1281 2158 sancto

111 2208 180 2274 viro
203 2227 299 2293 super
320 2214 386 2274 tam
409 2227 485 2273 seva
507 2227 657 2292 pressura
678 2207 901 2273 obsidebatur
923 2206 1134 2292 compatiens,
1162 2205 1280 2273 aiebat:

110 2323 232 2389 nullum
262 2323 323 2390 sibi
350 2324 432 2388 ferre
454 2343 547 2410 posse
571 2323 761 2408 presidium,
795 2323 857 2389 nisi
879 2324 976 2406 forte,
1004 2323 1102 2388 lorica
1123 2321 1281 2407 indutum,

111 2459 167 2526 per
193 2439 328 2505 mediam
352 2459 424 2505 cum
447 2438 680 2505 multitudinem
703 2447 862 2523 tamquam
887 2438 1022 2524 aliquem
1047 2438 1208 2525 captiuum
1231 2459 1282 2505 ra-

111 2555 186 2642 pido
214 2574 322 2637 cursu,
352 2575 392 2621 ne
418 2561 654 2638 agnosceretur,
684 2553 845 2636 educeret3
876 2555 931 2621 sed
954 2561 986 2622 et
1008 2554 1139 2622 loricam
1161 2555 1281 2622 nullam

111 2671 216 2754 aliam,
240 2676 441 2758 preterquam
466 2669 545 2755 qual
561 2675 644 2736 esset
658 2672 801 2754 vestitus,
824 2671 955 2752 habere3
979 2691 1038 2737 nee
1056 2671 1158 2758 ipsam
1176 2671 1205 2737 ei
1220 2671 1280 2737 im-

109 2788 223 2874 partiri
258 2787 325 2854 sine
358 2788 488 2873 propria
518 2787 750 2852 interventione
779 2785 925 2867 valeret';
961 2791 1150 2873 cuperetque
1185 2805 1280 2872 super

109 2904 168 2970 hoc
191 2904 286 2970 uerbo
308 2901 390 2968 lilios
405 2901 543 2985 Mengoti
568 2901 707 2986 aliosque
730 2921 802 2968 suos
817 2910 966 2986 cognatos
982 2901 1159 2968 consultum
1175 2901 1277 2984 adire3

110 3021 150 3086 ad
172 3021 276 3106 ipsum
300 3019 372 3086 ilico
392 3037 585 3086 reversurus.
654 3015 698 3082 Et
712 3017 857 3084 dominus
873 3018 1049 3104 episcopus,
1072 3017 1174 3084 multa
1188 3017 1279 3084 curnl

109 3136 339 3223 supplicatione
362 3139 394 3201 et
418 3133 632 3201 obsecratione
656 3133 803 3200 adiurans
827 3133 919 3200 etde
942 3133 1044 3200 salute
1059 3138 1091 3199 et
1106 3133 1145 3200 de
1160 3133 1278 3200 auxilio

110 3258 141 3318 et
171 3252 232 3318 alio
260 3251 402 3318 munere¹
425 3251 599 3334 rogitansffl,
628 3249 761 3315 dimittit
789 3270 876 3334 eurn,
905 3249 996 3316 iuxta
1017 3247 1278 3336 pollicitationem

109 3387 199 3434 suam
230 3368 375 3453 protinus
409 3385 634 3450 regressurum.
731 3363 885 3450 Egressus
920 3369 987 3432 est¹²
1015 3367 1113 3449 igitur
1146 3385 1166 3432 a
1198 3365 1278 3432 lucie

109 3485 216 3550 domni
246 3483 386 3569 episcopi
415 3483 497 3550 sicut
524 3501 636 3548 coruus
666 3481 704 3548 ab
733 3481 828 3548 archa
838 3477 854 3566 ¹,
883 3487 992 3568 utpote
1022 3483 1076 3567 qui
1098 3479 1200 3566 magis
1223 3501 1278 3548 ex·

108 3600 249 3686 plorator
272 3619 365 3685 quam
390 3599 567 3664 consolator
590 3598 769 3664 aduenerat.

197 3714 369 3801 Postquam
385 3715 501 3781 diutius
517 3712 750 3801 prestolabatur
766 3749 806 3760 -—
823 3717 856 3779 et
869 3712 963 3798 ignis,
980 3711 1143 3780 involvens
1160 3713 1276 3797 omnia,

108 3851 233 3898 summa
255 3841 345 3898 cum¹²
368 3830 528 3897 celeritate
552 3831 585 3895 in
608 3851 719 3913 unam,
744 3829 892 3914 quicquid
916 3829 977 3896 sibi
1000 3830 1198 3915 occurrebat,
1222 3829 1276 3896 ab·-

108 3947 256 4014 sorbebot
277 3948 478 4031 voraginem⁰
501 3967 599 4031 usque
624 3947 663 4013 ad
686 3945 822 4032 lapides3
853 3965 925 4030 nec,
953 3965 1014 4031 quo
1038 3945 1108 4030 quis
1131 3965 1150 4010 a
1173 3945 1276 4012 calore

179 4104 199 4137 a.
222 4091 285 4137 cuius
302 4092 325 4136 2.
393 4089 416 4135 b.
436 4088 559 4135 lucrati.
631 4103 650 4134 c.
671 4087 739 4134 vall.
806 4087 829 4133 d.
850 4089 918 4147 quatu
934 4089 957 4134 et
973 4089 1030 4142 sel,
1047 4089 1157 4148 quatenus
1174 4089 1197 4134 et
1212 4101 1237 4134 se
1254 4090 1275 4135 2.

108 4187 127 4218 e.
147 4184 253 4230 seperare
270 4173 291 4216 1.
357 4170 374 4218 t.
395 4170 524 4216 strictiusue
541 4172 562 4215 1.
630 4182 651 4226 g.
672 4167 851 4214 commonlcsbst
867 4171 888 4214 1.
950 4167 973 4213 b.
994 4167 1060 4214 alban
1078 4181 1145 4228 qaam
1160 4169 1236 4228 preter
1254 4169 1275 4224 1,

107 4251 173 4298 allam
190 4253 334 4310 preterquam
350 4252 427 4310 quai.
488 4249 504 4294 i.
520 4249 629 4296 valeret.
687 4248 709 4294 k.
726 4262 777 4294 cum
789 4250 810 4294 1.
865 4247 941 4294 talia
956 4247 1114 4303 muneram.
1169 4261 1199 4294 m.
1215 4248 1275 4306 cogi·

105 4333 190 4378 tansi.
269 4345 291 4376 n.
312 4333 389 4377 cml.
468 4343 488 4375 o.
510 4331 533 4376 et
549 4329 606 4376 add.
621 4329 642 4373 1.

180 4428 203 4481 1.
227 4424 326 4481 Genea.
339 4425 364 4496 8,
379 4425 403 4480 7.
