3176 4846
328 307 409 354 mun
430 305 585 355 neroum
607 307 868 356 unemanrsoorr
890 307 1087 356 moneamur
1223 290 1286 356 621

120 447 257 534 undique
285 447 433 533 dirigens.
467 447 551 527 Quas
579 447 719 516 fimbrias
747 449 860 516 mulier
888 449 927 516 ab
953 448 1137 518 infirmitate
1160 450 1288 518 detenta
1300 457 1457 516 not-1160

120 563 240 649 tetigit,
271 571 307 630 ut
335 585 355 631 a
383 565 475 631 modo
502 566 643 652 pontifex
666 567 861 649 ingrediatur
885 566 924 632 ad
947 571 1057 632 saneta
1079 570 1286 632 smonrume

120 678 188 746 Hoe
209 679 307 764 igitur
329 681 526 764 vesdmeuto,
550 682 633 748 sieut
654 683 795 748 ueritatis
817 682 939 748 unitate
963 688 995 749 et
1016 687 1178 766 tamquam
1194 681 1288 748 talari

119 796 236 879 tunice,
259 795 406 882 pontilioe
424 802 490 863 toto
507 797 708 882 eireumdato,
732 803 841 864 eontra
855 798 1098 884 temptationum
1113 796 1286 880 molimina,

119 910 193 979 fidei
215 917 248 978 et
269 914 337 998 spei
359 912 598 998 tollerantieque
621 919 782 997 tamqnam
805 913 946 997 loricam,
970 912 1108 980 casulam
1127 911 1285 980 induebat

120 1027 216 1095 (iuius
239 1029 418 1096 vestimenti
440 1048 498 1114 pro
520 1029 600 1096 faeie
623 1029 785 1113 dignitatis
809 1049 864 1096 rue
887 1030 1024 1113 genium,
1049 1028 1132 1114 quod
1155 1028 1287 1115 pallium

119 1144 243 1229 dieitur,
268 1145 306 1210 ad
329 1145 394 1210 ima
416 1165 513 1230 usque
536 1165 749 1230 promergens‚
772 1143 876 1212 fibulis
900 1147 1003 1212 aureis
1027 1144 1214 1212 venerabilis
1236 1165 1286 1210 ar·

118 1259 335 1347 ehiepireopus
358 1259 537 1327 Amoldus*
561 1260 719 1348 applicare
748 1261 883 1328 iubebat
976 1261 1028 1328 Sia
1050 1261 1156 1346 itaque
1180 1265 1286 1328 tantus

118 1377 271 1463 pontifex,
295 1378 391 1443 tantis
414 1377 660 1444 ministeriorum
682 1377 790 1444 infulis
814 1376 1049 1444 sacerdotaliter
1071 1376 1236 1444 redimitus
1251 1382 1286 1442 ut

118 1511 260 1559 summus
287 1494 395 1559 Aaron
424 1494 580 1579 pontifex,
610 1495 752 1580 cydarim
782 1513 837 1560 seu
865 1493 1008 1574 mitram,
1040 1492 1159 1577 quelis⁰
1181 1493 1285 1579 ipsum

118 1608 277 1692 domham,
305 1614 342 1675 ut
369 1628 426 1694 pro
455 1629 489 1674 se
518 1616 550 1676 et
570 1628 628 1694 pro
651 1615 717 1676 toto
741 1614 886 1676 exoraret
906 1607 1038 1694 populo,
1068 1615 1222 1693 gestans,
1245 1608 1285 1674 ad

117 1745 260 1791 mensam
283 1723 412 1791 Domini
439 1723 691 1808 religiosissima,
721 1725 810 1808 quasi
840 1725 971 1791 vestitus
998 1725 1132 1811 nuptiali
1159 1725 1284 1811 podere,

118 1839 319 1925 gradiebatur
351 1840 521 1907 honestate.
563 1840 669 1918 Qualia
699 1847 802 1907 autem
832 1839 933 1923 onor‘,
964 1839 1145 1927 qualisque⁸
1167 1846 1284 1924 gestus,

119 1957 212 2041 quive
234 1957 345 2023 modus
368 1956 508 2040 dieondi,
533 1977 632 2041 queve
654 1957 845 2040 reuerentia,
869 1977 940 2023 eum
963 1957 1061 2022 saeris
1085 1961 1205 2022 astaret
1225 1957 1285 2022 mi-

118 2073 239 2139 steriisi
275 2072 458 2157 Quantaque
480 2072 653 2139 honestatis
675 2073 876 2159 prerogativa
893 2070 1048 2155 gloriosus
1064 2072 1285 2158 apparebatin

118 2193 288 2274 eonspeotu
310 2188 448 2272 Domini,
471 2189 605 2271 intelligi
628 2189 728 2271 magis
752 2193 856 2274 potest
878 2208 973 2272 quam
996 2188 1067 2254 diei.

209 2303 270 2371 Sed
293 2309 325 2370 et
346 2305 487 2390 eorporis
511 2305 716 2389 quantitatem
742 2309 773 2370 et
791 2323 924 2390 persone
940 2303 1205 2388 elegantissimam
1221 2303 1284 2370 for·

118 2441 203 2487 mam
232 2420 340 2486 divina
368 2420 428 2487 sibi
451 2421 608 2486 indiderat
630 2421 805 2506 dispositio.
842 2420 968 2487 Stetere
990 2439 1127 2504 namque
1148 2419 1286 2487 habebat

117 2537 345 2620 longitudinem
368 2536 423 2618 sed
445 2543 669 2620 mensuratam,
696 2537 778 2602 sieut
799 2535 901 2604 solent
923 2536 1025 2603 inoliti
1048 2543 1140 2604 terre.
1176 2534 1284 2620 Longo

117 2653 214 2736 igitur
235 2671 365 2738 corpore
388 2653 649 2739 eorpulentiorem
672 2651 824 2738 prebebat
844 2651 974 2734 faeiem3
1004 2653 1038 2718 in
1060 2653 1172 2720 ueteris
1195 2653 1284 2720 inex·

116 2767 245 2851 hausta,
279 2768 428 2835 remissa*
457 2774 577 2850 tamen,
612 2767 767 2853 pinguedo
802 2768 913 2834 maaiei
945 2767 1108 2834 horrorem
1135 2767 1282 2854 pellebat

117 2882 223 2950 Ganus
252 2888 320 2951 erat
347 2889 414 2950 toto
445 2884 574 2964 vertiam
603 2883 779 2969 crispoque¹
803 2883 916 2968 eapillo
945 2883 1080 2950 cesaries
1108 2885 1282 2951 venustatis
1382 2859 1386 2880 ’

116 2999 260 3068 habiturn
289 3000 467 3066 admiserat
509 2998 599 3066 Oeuli
627 2998 778 3082 grandes,
812 3018 903 3065 nares
932 2998 1073 3082 equales,
1103 2999 1192 3066 frona
1220 2998 1284 3068 leta

118 3117 197 3184 satis
220 3117 276 3183 sed
298 3137 421 3197 aevera3
447 3121 479 3182 et
500 3114 653 3182 luminum
676 3115 809 3180 intuitus
825 3135 948 3180 morum
963 3115 1117 3198 gravitate
1132 3115 1281 3199 fulgebat.

116 3231 218 3300 Labia
245 3232 433 3319 composita,
462 3231 544 3297 risus
568 3229 700 3296 blandus
725 3236 757 3296 et
778 3231 900 3315 suavis,
931 3231 1034 3297 vultus
1057 3231 1090 3298 in
1113 3231 1283 3316 oblongum

117 3349 223 3415 vivido
257 3349 388 3433 alboque
416 3347 519 3414 eolore
546 3344 690 3413 suffusus.
732 3346 795 3414 Sed
824 3352 856 3414 et
884 3347 985 3413 omnis
1012 3347 1109 3414 lenies
1136 3354 1282 3416 constan-

116 3464 213 3532 tiamk
236 3465 418 3551 pondusque
441 3463 636 3530 auctoritatis
659 3462 802 3530 habebat.
837 3463 939 3547 Agilis
963 3469 996 3530 et
1016 3463 1086 3550 pre'
1108 3465 1283 3549 quantitate

117 3601 176 3648 sna
198 3581 366 3647 admodum
390 3584 458 3648 erat
480 3579 616 3664 gracilia,
640 3583 762 3646 toroms
785 3585 890 3646 tamen
915 3577 1044 3646 artubus
1068 3579 1214 3666 aplanta
1227 3601 1283 3669 pe-

117 3697 167 3764 dis
189 3716 288 3782 nsque
311 3698 350 3763 ad
373 3697 536 3778 vertieem3
560 3699 596 3762 ut
619 3695 671 3760 vix
694 3695 744 3762 vel
766 3695 853 3762 nulla
875 3697 907 3762 in
932 3715 967 3762 eo
982 3696 1199 3782 reperiretur*
1215 3717 1282 3764 ma·

117 3813 197 3880 aula.
288 3811 350 3880 Sed
374 3819 405 3880 et
427 3811 571 3879 effoetum
595 3811 691 3878 animi
713 3812 793 3878 faeie
816 3810 973 3898 proelivan
988 3811 1130 3891 laxabat;
1154 3814 1281 3898 quiam

117 3928 272 3997 subrubeo
295 3929 399 3997 eolore
421 3929 565 4013 gratiam,
587 3928 622 3994 in
639 3927 770 3994 rubore⁰
785 3929 1036 4013 commotionem,
1057 3929 1092 3994 in
1106 3929 1282 3996 ominibus'

190 4075 210 4110 ι.
232 4065 297 4110 Hono
317 4065 390 4110 locem
411 4063 511 4109 nudam
530 4079 578 4110 esse
596 4070 667 4120 potet.
692 4064 737 4119 (iai
749 4067 849 4118 [ortam
864 4065 898 4109 oio
914 4080 942 4109 a
955 4071 1022 4121 parte
1037 4063 1174 4123 supplendus
1190 4072 1236 4110 esf:
1255 4064 1281 4109 nt
1416 4074 1419 4080 “

117 4157 131 4190 ι
146 4141 235 4200 ιιιο(ιΙιο
250 4143 383 4190 liberaretur
544 4141 643 4201 quanldo
655 4141 756 4201 pontifex
767 4150 808 4188 cet.
869 4142 892 4188 b.
912 4141 1027 4190 Amuldaa
1039 4143 1061 4188 1.
1123 4155 1142 4188 a
1158 4141 1247 4201 qualern
1259 4143 1280 4192 1.

116 4224 140 4272 d.
161 4223 252 4270 ditabat
267 4224 289 4269 1.
370 4237 390 4269 a.
412 4222 511 4281 gestiens
529 4223 550 4268 1.
636 4220 652 4268 f.
674 4235 731 4268 onor
745 4225 828 4280 πήρη·
839 4239 882 4282 pro
898 4221 956 4268 odor
972 4223 999 4277 1,
1015 4223 1037 4266 2.
1124 4234 1145 4280 g.
1167 4221 1240 4280 qualia
1257 4223 1279 4268 2.

115 4305 139 4350 h.
161 4303 357 4360 inremissam.
418 4303 435 4348 i.
455 4301 586 4361 erispoaqae
603 4304 625 4358 1,
642 4302 775 4360 crispusque
791 4303 813 4346 2.
874 4299 1046 4348 keomtanoie
1063 4301 1084 4357 1,
1101 4302 1241 4348 eonatmtiao
1257 4302 1279 4348 2.
1371 4360 1374 4368 1

115 4383 131 4430 l.
152 4396 195 4442 pro
211 4383 301 4430 addidi.
373 4396 402 4428 ιιι.
422 4381 547 4440 reperietur
563 4381 584 4426 1.
656 4395 678 4427 n.
698 4380 794 4440 prodita
810 4381 831 4428 1.
904 4394 925 4427 ο.
946 4380 1021 4428 eolore
1037 4379 1279 4437 praeministrare

114 4465 200 4524 ιιήριι·
211 4479 254 4522 pro
269 4462 364 4520 gratnm
378 4461 403 4510 in
418 4461 499 4508 rubore
516 4459 591 4508 eolore
607 4461 629 4518 1,
646 4461 668 4507 2.
744 4474 768 4520 p.
788 4458 891 4507 omnibus
908 4461 930 4519 1,
947 4462 969 4507 2.
