3090 4848
324 309 351 354 s.
369 307 545 354 nourr-nnn
566 309 610 355 nr
633 309 735 356 nuum
757 309 944 356 srrsronsn
970 310 1000 355 ee
1183 293 1246 360 135

95 449 172 515 nobis
192 450 236 516 ita
257 449 403 516 direxisti
427 456 521 516 antea
542 469 600 535 pro
622 450 724 517 tribus
748 455 781 517 et
802 451 1003 537 postmodum
1025 470 1084 537 pro
1105 471 1178 536 uno,
1201 459 1247 538 ut,
1280 461 1333 516 744

95 571 121 631 et
140 585 190 632 nos
211 567 288 632 certi
310 566 437 651 redditi,
461 587 500 632 ex
523 566 582 631 boc
604 566 692 632 nulla
713 567 747 632 in
770 566 859 634 nobis
883 569 926 633 sit
947 568 1146 652 ambiguitas.
1264 536 1347 583 ΝΜ

169 681 373 768 Repperimus
398 683 494 749 etiam
521 683 556 748 in
577 683 761 748 memoratis
789 684 852 749 tuis
882 683 1013 766 litteris,
1044 703 1124 769 quae
1151 684 1247 751 nimis

92 803 203 864 nostros
226 799 348 864 animos
372 798 585 865 conturbavit:
617 798 698 882 quod
729 797 805 864 talia
833 819 853 864 a
879 805 911 865 te
942 799 1032 866 nobis
1061 800 1247 884 referantur,

93 916 170 996 quasi
192 935 248 980 uos
272 920 471 1001 corruptores
494 916 593 980 simus
616 933 772 980 canonum
795 919 827 981 et
849 921 976 1001 patrum
991 915 1169 982 rescindere
1185 920 1249 981 tre·

93 1027 213 1097 ditiones
238 1051 425 1115 quaeramus
449 1051 486 1097 ac
508 1051 565 1118 per
588 1032 658 1115 hoc,
682 1030 766 1114 quod
790 1031 882 1114 absit,
906 1051 976 1097 cum
995 1031 1112 1097 nostris
1128 1031 1249 1096 clericis

91 1145 118 1209 in
139 1147 339 1214 simoniacam
362 1147 499 1213 heresim
521 1147 714 1229 indidemne,
745 1148 934 1233 accipientes
966 1153 998 1214 et
1026 1145 1249 1233 conpellentes,

90 1273 229 1345 quorum·
252 1263 351 1349 pallia
373 1263 551 1347 tribuimus
576 1268 612 1330 ut
627 1264 717 1330 nobis
734 1265 875 1350 praemia
890 1263 1076 1348 largiantur,
1100 1268 1249 1349 expeten-

90 1383 130 1442 tes
151 1379 188 1444 ab
205 1379 271 1446 illis
286 1379 445 1466 pecunias.
482 1379 555 1464 Sed,
579 1380 745 1446 karissime
760 1379 868 1463 frater,
893 1387 1035 1446 ortamur
1050 1380 1251 1446 sanctitatem

89 1498 180 1560 tuam:
210 1500 248 1561 ut
275 1495 366 1562 nobis
395 1495 543 1582 deinceps
573 1496 654 1563 tale*
684 1495 803 1580 aliquid
832 1497 962 1562 minime
990 1501 1046 1562 tua
1067 1495 1250 1562 fraternitas

89 1609 210 1692 scribat;
236 1612 312 1696 quie
333 1611 532 1678 fastidiosum
556 1632 575 1678 a
597 1612 687 1678 nobis
712 1617 743 1677 et
765 1611 954 1678 iniuriosum
971 1611 1151 1697 suscipitur,
1175 1611 1250 1678 dum

88 1724 155 1790 illud
180 1727 275 1793 nobis
303 1728 473 1812 ingeritur,
505 1729 589 1813 qnod
617 1748 674 1794 nos
706 1728 885 1793 omnimodo
909 1726 1110 1794 detestamur.
1156 1727 1251 1793 Absit

88 1843 160 1908 enim
184 1863 203 1908 a
225 1844 319 1910 nobis
341 1849 374 1912 et
397 1865 416 1910 a
437 1846 555 1910 nostris
578 1843 710 1927 clericis,
734 1849 771 1909 ut
793 1844 920 1928 donum,
944 1854 1054 1928 quem⁶
1077 1862 1134 1929 per
1150 1842 1250 1930 Spiri-

87 1963 129 2022 tus
155 1961 260 2025 sanoti
288 1959 441 2044 gratiamd
465 1960 676 2047 suscepimus,
704 1961 810 2046 precio
839 1959 1064 2026 venundemus.
1111 1958 1194 2025 Dum
1219 1964 1250 2027 et

86 2073 133 2140 illa
158 2076 222 2142 tria
251 2075 364 2163 pallia,
393 2097 473 2162 quae
495 2082 527 2143 te
550 2081 736 2160 suggerente
759 2081 795 2142 ut
817 2075 1033 2162 praediximus
1056 2096 1164 2142 sumus
1186 2074 1250 2142 lar·

85 2191 159 2276 gib',
186 2191 314 2258 nullum
342 2192 381 2259 ab
405 2194 450 2260 eis
474 2193 629 2280 quispiam
655 2192 850 2259 commodum
876 2193 1017 2280 expetiit.
1063 2192 1195 2279 insuper
1218 2197 1250 2260 et

85 2306 191 2391 charte,
215 2329 299 2394 qnae
323 2309 494 2376 secundum
516 2309 651 2376 moremt
675 2330 694 2377 a
716 2313 824 2374 nostro
848 2309 962 2375 scrinio
985 2329 1043 2395 pro
1061 2329 1119 2374 sua
1137 2307 1249 2376 confir·

84 2426 212 2492 natione
239 2429 335 2510 atque
359 2426 501 2492 doctrina
522 2425 713 2510 tribuuntur,
738 2423 777 2491 de
800 2430 907 2490 nostro
924 2425 1145 2509 concessimus,
1169 2425 1249 2491 nihil

86 2540 117 2606 ab
138 2541 181 2608 eis
206 2542 397 2608 auferentes.
443 2542 548 2626 Absit,
571 2541 621 2608 vel
645 2542 672 2606 si
696 2541 822 2625 quidem
848 2561 867 2606 a
889 2546 944 2607 tua
966 2541 1164 2608 beternitate
1187 2541 1248 2608 cri-

83 2657 166 2723 minis
187 2658 284 2724 nobis
308 2657 472 2724 simoniaci
496 2658 648 2725 obicitur⁸
664 2677 795 2738 nomem
820 2657 1141 2723 anathematizantesl
1159 2677 1248 2723 nam-

83 2793 133 2857 que
154 2795 279 2858 omnes,
304 2775 491 2859 quicumque
515 2775 583 2841 ausi
603 2773 721 2840 fuerint
736 2773 853 2838 donum
869 2775 971 2840 sancti
988 2773 1125 2859 Spiritus
1141 2773 1247 2859 precio

82 2891 265 2958 venundare.

161 3007 360 3092 suggessisti
383 3007 477 3073 etiam
502 3005 593 3072 nobis
619 3026 673 3091 per
697 3005 759 3071 alia
782 3010 837 3070 tua
853 3005 984 3092 scripta:
1010 3005 1093 3091 quod
1107 3005 1141 3070 in
1156 3004 1248 3070 Baio-

82 3123 140 3190 aria
166 3145 270 3190 unum
301 3123 495 3209 repperisses
525 3121 639 3188 falsum
669 3122 878 3204 sacerdotem,
909 3123 962 3206 qui
991 3127 1023 3188 et
1051 3119 1246 3204 adfirmabat,

81 3241 155 3322 qnod
183 3261 202 3307 a
232 3239 328 3306 nobis
355 3239 467 3305 fuisset
496 3239 662 3325 episcopus
693 3237 865 3304 ordinatus.
912 3237 954 3303 Et
977 3242 1032 3303 tua
1053 3237 1112 3304 boc
1134 3237 1247 3304 frater-

80 3356 154 3421 nitas
189 3356 325 3443 optime¹
350 3355 427 3439 egit,
458 3355 532 3420 dum
562 3355 591 3420 ei
620 3373 684 3419 non
714 3352 848 3420 credidit
870 3389 911 3400 —
937 3354 1012 3438 quia
1033 3353 1130 3420 falsus
1153 3353 1246 3419 homo

81 3474 176 3538 omnia
206 3472 291 3539 false
318 3471 475 3556 suggessit
498 3507 539 3516 —
564 3475 596 3536 et
623 3469 739 3535 falsum
769 3469 951 3555 repperiens
981 3470 1156 3536 sacerdotio
1179 3489 1247 3536 sus-

80 3589 173 3671 pendi.
224 3589 279 3655 Sic
308 3588 422 3655 etenim
454 3587 640 3653 auctoritate
668 3585 752 3652 beati
773 3585 860 3652 Petri
889 3586 1102 3672 apostolorum
1129 3586 1247 3672 princi·

14 3771 15 3792 ,
79 3703 122 3788 pis
142 3704 201 3772 tibi
227 3705 458 3791 praecipimus:
482 3708 532 3788 ιι,
562 3723 790 3788 quemcumque
812 3702 1008 3788 reppererisk
1032 3703 1129 3769 sacris
1153 3723 1246 3769 cano·

79 3819 162 3887 nibus
191 3821 341 3904 deviare,
374 3819 462 3886 nulla
488 3820 610 3886 ratione
638 3819 771 3905 patiaris
801 3838 926 3884 sacrum
954 3818 1165 3886 ministerium
1192 3818 1246 3886 ob-

80 3941 218 4004 trectare.

14 4051 15 4076 ¹
158 4054 203 4122 Et
234 4053 326 4139 quia,
356 4053 382 4118 si
412 4051 541 4119 deberes
569 4053 604 4118 in
633 4051 797 4118 Baioariae
825 4051 1022 4137 provinciam
1053 4053 1102 4118 ius
1131 4052 1246 4119 babere

144 4283 164 4315 a.
186 4287 248 4316 corr.
264 4271 286 4314 ἰι
304 4267 387 4328 quibus
405 4269 430 4314 C.
518 4265 541 4312 b.
560 4265 602 4312 uli
618 4270 652 4314 M.
739 4279 758 4312 c.
780 4283 836 4312 corr.
852 4269 874 4312 iu
891 4265 952 4326 quod
970 4267 995 4313 C.
1080 4265 1103 4312 d.
1123 4266 1195 4323 gratia
1211 4269 1246 4314 M.

81 4361 98 4392 e.
119 4348 186 4407 flagiti
205 4353 248 4404 M,
269 4365 327 4393 corr.
344 4350 366 4393 in
387 4345 464 4404 largiti
480 4349 506 4395 C.
614 4346 630 4393 f.
654 4359 742 4392 murum
760 4349 792 4392 M.
902 4359 923 4402 g.
948 4345 1044 4392 obicitur
1060 4348 1098 4399 M,
1120 4345 1204 4392 obiciat
1221 4350 1246 4394 C.

81 4424 100 4471 b
119 4447 172 4475 cerr.
189 4433 212 4474 ia
230 4427 448 4474 anathematisamus
466 4429 492 4474 C.
569 4426 585 4472 i.
608 4425 691 4472 obtime
709 4427 743 4472 M.
821 4425 844 4472 k.
864 4425 966 4485 repperis
984 4427 1017 4471 M.
