3110 4844
454 249 641 298 nrnsnomn
663 249 890 298 nocunnnrar
915 250 945 296 1e
1105 221 1110 226 ’
1216 231 1282 298 389

118 387 218 473 inquit
236 391 424 476 purificeris,
450 395 508 478 qui
527 415 591 458 oon
608 396 713 480 possib
735 396 872 480 scrispuli
892 391 1126 476 &firmioribus
1148 395 1282 470 aoslrw
1301 399 1443 456 981-984

117 506 170 569 recl
190 508 258 592 ipae
279 509 427 573 innocens
451 521 480 574 et
500 512 686 576 misericors.
732 509 809 574 Non
836 522 976 596 erumpet
995 531 1095 596 aeque
1117 509 1283 586 enimse,-

116 623 200 687 rrilis
227 626 309 688 arba
337 636 382 690 est
403 628 639 712 repropitieris
658 647 723 712 pro
745 629 882 712 peccoris
904 628 1031 692 nostris
1080 623 1283 712 Quapropter

115 759 178 802 aon
199 741 400 827 recr'piemos,
429 741 636 824 oDemofilc‚
662 755 731 808 loos
753 741 886 807 celantes
909 745 1058 828 impetus,
1083 743 1207 806 raama
1228 742 1282 808 de-

115 856 174 920 cies
196 856 298 921 milies
317 879 457 922 resumes
471 856 592 922 Finem
608 871 636 924 el
651 858 790 941 Heliam,
814 881 884 922 cnm
899 859 1092 924 audierimus
1107 857 1176 938 illc,
1202 878 1284 943 quoe

109 971 279 1057 placebant
301 985 330 1038 el
351 973 559 1060 displicebant
580 975 713 1061 beur'qrco
728 974 802 1040 Iesu
822 999 844 1038 o
858 974 1023 1060 cinabulis
1040 976 1116 1054 eius,
1141 973 1282 1060 quisue·

113 1100 187 1152 cunr
208 1090 244 1152 in
266 1091 372 1154 camis
395 1093 636 1156 comacorclione
653 1093 829 1176 participes
852 1093 1009 1156 mosceti
1031 1103 1058 1155 el
1080 1090 1209 1176 benigni
1229 1092 1282 1176 ip-

113 1205 178 1268 sius
212 1207 354 1291 epiricus.
400 1206 524 1272 Docere
558 1210 654 1285 arios,
691 1229 755 1272 non
784 1209 925 1272 muciorc
954 1219 1075 1294 oporiet
1100 1209 1283 1293 ignorantes

114 1363 232 1384 ......
257 1334 287 1386 et
308 1343 379 1388 cum
400 1322 543 1408 omibus's
566 1347 603 1388 oc
625 1323 771 1388 bomaio
795 1322 916 1409 angelis
939 1345 1012 1388 cese.

200 1434 388 1504 Iudaeorum
416 1435 583 1524 perfidiam
605 1437 780 1506 rationibus
802 1437 904 1522 magis
928 1457 1023 1522 quam
1045 1435 1204 1505 violentiis
1229 1457 1283 1506 sx-
1350 1423 1353 1426 ¹

112 1555 232 1635 cuiere,
261 1549 432 1638 Gregorius
461 1553 650 1621 decertabat„
696 1553 895 1641 Quapropter
919 1552 1034 1638 Vigilio
1065 1559 1097 1620 st
1119 1552 1282 1620 Theodoro

113 1665 269 1755 episcopis
292 1666 466 1736 Galliarum
495 1675 569 1756 post
597 1670 704 1756 aliqua
733 1670 874 1737 scribens
904 1664 980 1736 ait¹:
1005 1671 1148 1736 Plurimi
1169 1671 1282 1736 Iudai·

113 1807 166 1850 ccc
186 1785 351 1872 religionis
374 1788 439 1851 oiri
536 1810 636 1854 novoe
655 1791 740 1853 ailoe
758 1789 924 1874 perlimat.
970 1784 1050 1851 llam
1073 1783 1194 1852 Victori
1217 1783 1282 1871 epi·

112 1919 206 1987 acopo
241 1898 499 1968 Panormitano':
540 1902 632 1970 Sicul
662 1903 790 1970 Iudaeis
823 1926 889 1969 aco
922 1902 1009 1968 dolel
1045 1923 1108 1966 esse
1144 1902 1280 1984 licronis,

112 2019 266 2104 quicquid
284 2021 319 2084 in
333 2021 503 2105 synagogis
519 2022 596 2099 suis,
621 2019 705 2086 oltra
721 2041 817 2106 quom
827 2021 1017 2105 posuissem
1032 2030 1077 2084 eet
1091 2017 1166 2103 lege,
1184 2038 1281 2104 proe-

111 2156 242 2214 sumcrr,
266 2136 313 2200 ilc
334 2137 370 2200 ia
390 2135 449 2216 bie,
475 2157 555 2222 quoe
569 2137 613 2200 eis
629 2158 773 2201 concesso
787 2147 870 2216 sunl,
893 2134 1016 2200 nullum
1030 2134 1141 2200 debeat
1152 2135 1283 2220 proeiu-

112 2251 227 2316 cliliom
248 2253 409 2316 macera
492 2249 779 2329 Quemadmodum·
802 2249 934 2318 Iudaeos
957 2248 1111 2317 violenter
1126 2248 1284 2335 baptizari

113 2362 283 2450 Gregorius
306 2364 490 2449 denegabat,
514 2365 560 2432 ita
582 2365 772 2434 christianos
787 2365 832 2433 eis
849 2386 973 2453 quoquo
988 2365 1083 2432 modo
1098 2363 1199 2432 subici
1213 2362 1284 2430 nul·

111 2478 236 2548 latenas
259 2481 471 2568 permittebat
507 2480 597 2550 Unde
611 2481 775 2550 Libertino
790 2483 930 2570 praetori
946 2482 1087 2549 scribens
1104 2475 1180 2549 ait⁸:
1205 2481 1284 2548 Fer

112 2611 171 2680 cor,
196 2598 406 2686 qood'Ncecls
506 2599 633 2666 subdito
649 2601 826 2687 poliatur.
862 2599 941 2666 Item
957 2597 1112 2666 Venantio
1135 2597 1284 2685 episcopo

112 2709 285 2782 Lunensi⁴z
319 2714 494 2780 Multorum
521 2717 565 2780 acl
590 2738 647 2781 nos
760 2717 862 2803 legum
884 2718 1044 2782 sacraene
1065 2727 1214 2782 emetur.
1250 2712 1285 2780 si

112 2850 188 2915 quos
218 2829 462 2898 christianorum
491 2849 549 2916 pro
578 2829 774 2914 longitudine
801 2830 925 2896 itineris
958 2850 1016 2917 per
1044 2829 1220 2916 provintias
1245 2827 1283 2896 ab

111 2945 287 3014 Ebreorum
310 2945 439 3013 servitio
462 2965 519 3032 per
533 2945 668 3029 legalem
683 2944 867 3012 violentiam
882 2944 1053 3029 Gregorius
1069 2944 1204 3012 liberare
1220 2964 1283 3012 non

112 3067 252 3149 poterat,
281 3063 346 3128 suis
375 3061 489 3148 preciis
512 3060 711 3128 redimendos
736 3083 804 3130 esse
827 3062 983 3130 censebat.
1031 3060 1121 3128 Unde
1135 3059 1284 3130 'Candido

112 3179 296 3264 presbytero
320 3197 378 3264 per
395 3175 515 3244 Gallius
539 3173 713 3244 soribsns⁵:
736 3179 926 3246 Dominicis
948 3178 1053 3263 iuquit
1072 3182 1285 3265 praecentione

108 3298 249 3382 prebor·
347 3294 523 3360 cancellus
546 3297 730 3382 impensor.
815 3294 983 3363 Iudeorum
1005 3293 1165 3380 mancipia
1187 3292 1285 3362 semel

112 3411 324 3494 confugientia
346 3409 386 3476 sd
405 3408 589 3476 aecclesiam
604 3430 776 3497 numquam
793 3409 984 3496 quibuslibet
998 3409 1198 3478 suasionibus
1213 3410 1284 3478 red·

184 3567 205 3600 ι.
227 3565 294 3613 qnam
310 3550 438 3598 ammodmu
455 3553 481 3600 C.

183 3641 209 3696 1.
234 3637 262 3694 S.
276 3637 401 3708 Gregorii
415 3636 534 3707 Regisui
552 3638 610 3694 L.I
628 3654 671 3709 ep.
684 3639 720 3695 4r
733 3637 813 3710 (0111).
825 3637 869 3694 ed.
882 3637 1026 3694 aenean
1043 3655 1071 3709 p.
1084 3639 1146 3708 542,
1164 3639 1285 3709 Regesla

112 3727 272 3798 pontificum
289 3727 367 3782 Rom.
387 3743 414 3780 u.
428 3726 504 3796 751),
523 3725 570 3782 ubi
588 3726 816 3799 herlewinum,
836 3743 870 3783 ns
888 3726 983 3784 Iudaei
1001 3727 1037 3782 ad
1054 3726 1220 3798 baptismum
1239 3742 1283 3784 co·

112 3821 220 3887 ganum
310 3817 336 3872 9.
362 3815 430 3886 Reg.
449 3815 480 3870 L.
492 3815 560 3874 V111
577 3830 621 3886 ep.
638 3817 672 3872 25
691 3815 774 3886 (Opp.
794 3815 819 3872 11
840 3832 868 3887 p.
881 3815 947 3886 914,
971 3816 1092 3888 Regssta
1108 3820 1185 3886 pont.
1204 3816 1282 3872 Rom.

111 3921 138 3962 n.
152 3907 242 3971 1148).
332 3906 358 3960 3.
381 3904 450 3974 Reg.
469 3905 501 3958 L.
513 3904 553 3960 111
571 3919 614 3974 ep.
632 3905 667 3960 38
686 3904 771 3976 (Opn
788 3905 815 3960 Il
832 3921 860 3976 p.
878 3904 945 3976 652,
968 3905 1089 3976 Regesta
1108 3907 1185 3975 pont.
1203 3905 1282 3962 Rom.

112 4009 138 4050 n.
151 3995 233 4064 878),
258 3991 306 4050 ubi
323 3992 416 4050 Nassa
438 3993 529 4064 puniri
552 3993 664 4062 eiusque
687 3993 823 4064 mancipia
845 3992 993 4048 christiana
1013 3993 1041 4048 in
1062 3992 1217 4050 libertatem
1240 4008 1282 4050 re·

112 4083 188 4138 stimi
205 4081 291 4138 iubet.
380 4082 407 4138 4.
431 4082 498 4152 Reg.
518 4083 549 4136 L.
562 4081 601 4138 IV
619 4097 662 4152 ep.
676 4083 710 4138 21
723 4081 802 4154 (Opu.
815 4081 844 4138 11
859 4098 887 4153 p.
900 4083 961 4152 699,
979 4083 1100 4154 Begerra
1113 4087 1190 4154 pont.
1203 4083 1281 4138 Rom.

112 4186 139 4226 n.
151 4173 231 4240 928):
249 4186 285 4227 us
302 4170 411 4227 Indaeis
429 4169 566 4241 mancipia
583 4169 731 4226 christiana
748 4169 850 4227 habers
867 4171 957 4229 liceat.
1047 4172 1073 4228 ὅ.
1096 4173 1165 4242 Reg.
1184 4172 1216 4227 L.
1229 4171 1283 4228 VII

113 4274 155 4330 ap.
168 4261 204 4316 24
222 4259 306 4332 (opp.
318 4260 346 4316 ΙΙ
363 4276 390 4331 p.
403 4261 465 4330 868,
483 4261 552 4330 Bag.
570 4265 646 4330 pons
665 4260 743 4316 Rom.
764 4261 859 4330 1102),
878 4259 914 4316 de
931 4265 1049 4330 quaeror
1066 4259 1220 4316 christianis
1237 4259 1281 4316 In·

113 4348 243 4408 meorum
261 4349 479 4408 Narbonensium
497 4349 585 4406 servia
602 4347 776 4406 redimendis.

1007 4403 1069 4502 22¹!
