3164 4842
279 272 346 340 552
533 290 695 340 moraour
717 289 904 340 rummare
925 291 1005 340 vm
1027 289 1200 341 enuoome

279 436 370 514 runt;
393 431 434 500 ad
455 432 540 500 hune
559 451 658 500 unum
680 431 749 499 eine
769 451 877 500 errore
890 437 1054 518 venerunt,
1076 431 1135 498 ooli
1150 451 1248 499 unum
1261 434 1444 500 eoueentunr

279 567 355 614 euae
376 547 600 616 modulationis
623 553 887 634 eonorepuernnt3
910 548 950 614 ed
971 548 1121 616 intuitum
1144 549 1212 616 eiua
1225 547 1368 615 hominen
1382 567 1445 616 nou

278 663 436 749 fugerunt,
459 663 563 731 eibum
587 662 626 732 ab
650 663 829 732 hominibus
852 665 1073 752 inperterritee
1095 668 1314 750 susceperuut,
1338 667 1371 730 et
1391 663 1444 730 eil-

278 783 410 864 veotree,
431 785 468 847 ut
482 779 678 864 videbantur,
694 779 921 848 blandientium
935 785 1040 848 metue
1054 785 1218 848 mansuete
1231 784 1444 866 eueeeperunt

279 894 367 964 Haeo
388 897 473 964 anim
495 917 604 980 agere,
633 895 765 964 retionie
788 895 952 962 eonsilium
976 901 1032 962 eet
1124 894 1160 962 Si
1181 901 1287 964 autem
1307 895 1367 962 hoo
1388 895 1446 962 nli·

280 1011 357 1097 quid
379 1011 541 1096 abhorret,
573 1032 613 1080 ne
642 1013 772 1099 spirituo
800 1012 898 1078 imeae
922 1011 1097 1096 videantur,
1126 1011 1272 1097 quoniam
1295 1031 1445 1098 oorporeo

279 1127 585 1214 puatuulebuntur,
612 1147 715 1196 nonne
738 1127 849 1195 horum
873 1127 1019 1214 exempla
1040 1127 1148 1194 multis
1170 1129 1204 1194 in
1225 1127 1302 1194 looie
1324 1128 1447 1196 inveni-

280 1243 396 1324 untur?
423 1243 476 1310 Ad
504 1243 664 1311 Abraham
694 1264 798 1312 nonne
827 1244 957 1331 spirituo
986 1243 1118 1327 angelici
1148 1247 1316 1327 venerunt,
1346 1250 1380 1312 et
1407 1244 1447 1312 de

280 1358 367 1426 eaelo
390 1359 613 1428 deeoendentee
636 1359 712 1426 leeei
734 1360 853 1444 vooati,
884 1359 938 1444 qui
961 1379 1134 1445 numquam
1157 1359 1351 1442 esurierunt,
1374 1379 1446 1426 oum

279 1475 349 1560 ipeo
372 1475 593 1542 eomederunt?
616 1477 740 1543 Idcirco
763 1477 868 1560 inquit
889 1477 1068 1544 declinantia
1089 1479 1133 1542 ad
1146 1499 1269 1542 terrum
1283 1491 1420 1542 nmmum
1428 1472 1446 1542 ¹.

279 1590 419 1658 Medione
442 1567 561 1658 Tobiae
580 1589 742 1678 Ruphahel
763 1611 867 1658 nonne
890 1590 1000 1658 diebus
1023 1591 1192 1676 aliquantis
1210 1592 1294 1658 viem
1310 1597 1361 1660 eet
1373 1612 1449 1661 eum

279 1706 457 1774 hominibus
480 1705 660 1793 prumiam?
683 1706 743 1786 Qui
764 1711 873 1774 tamen
894 1727 1078 1774 reversurus
1103 1707 1198 1774 dixit:
1223 1710 1358 1776 Videbar
1373 1713 1446 1796 qoi-

280 1826 350 1892 dem
374 1825 567 1892 manducare
587 1807 762 1900 eooueem
791 1825 847 1890 eed
874 1845 929 1910 eqo
952 1825 1020 1890 eido
1043 1825 1198 1892 meudun·
1219 1837 1246 1891 et
1263 1839 1361 1911 poto,
1391 1829 1449 1912 qni

280 1941 319 2006 ab
347 1941 523 2008 uminum
545 1941 649 2006 uideri
667 1963 732 2006 ooo
749 1953 869 2026 potest,
900 1935 998 2008 otor'.
1034 1938 1207 2008 Videbatur
1228 1940 1449 2008 comederent

279 2075 343 2123 non
365 2055 561 2136 eomedebat3
594 2060 626 2120 et
648 2060 752 2122 tamen
777 2055 866 2122 oibue
888 2054 936 2121 illi
959 2055 1122 2141 appoeitoe
1144 2073 1208 2122 non
1230 2061 1279 2124 eet
1299 2057 1447 2126 inventae

280 2171 430 2257 emplioe3
459 2176 495 2237 nt
521 2191 595 2238 vere
622 2171 769 2238 eredutnr
796 2171 869 2238 telle
892 2171 1041 2238 oomeetio
1063 2171 1169 2258 potius
1191 2171 1298 2256 aliqua
1320 2172 1449 2259 diepen-

279 2287 400 2354 eatione
421 2293 609 2373 eoneumpta
631 2307 710 2370 eeee,
734 2307 828 2372 quam
851 2287 1025 2375 spiritalem
1049 2286 1207 2356 levitatem
1224 2286 1363 2372 aliquam
1378 2307 1448 2356 eor·

279 2422 408 2488 peream
431 2403 617 2484 gravitatem
640 2403 856 2491 insumpsisse.
891 2401 982 2470 Unde
1005 2407 1038 2470 et
1059 2401 1113 2470 ille
1135 2404 1282 2490 spiritus,
1311 2405 1364 2470 oui
1385 2403 1448 2474 Ge-

279 2517 360 2586 deon
381 2517 467 2584 ooxit
488 2517 695 2604 pulmentum,
719 2538 790 2586 oum
813 2520 862 2586 iue
883 2539 979 2606 euper
997 2525 1120 2606 petram
1136 2518 1356 2603 effunderetur,
1379 2541 1447 2588 ma·

278 2653 356 2700 num
384 2634 542 2718 extendit,
573 2633 659 2702 eibos
687 2635 777 2718 virga
804 2636 909 2718 tetigit
939 2641 972 2702 et
999 2635 1197 2721 pulmentum
1218 2635 1297 2702 illud
1317 2635 1449 2704 flamma

279 2749 470 2836 proeedente
497 2745 717 2837 oomumpeit⁸.
809 2751 860 2818 Ab
882 2751 932 2819 hie
955 2771 1030 2837 ergo
1053 2752 1230 2820 volueribus
1253 2751 1308 2837 qui
1329 2753 1448 2820 etimne

280 2872 386 2934 utrum
413 2865 468 2934 ille
495 2871 651 2934 oomeetue
680 2867 722 2934 eit
744 2866 833 2935 oibue
856 2888 897 2934 un
920 2868 1027 2953 eliqua
1050 2867 1309 2955 ineompreheuee
1331 2868 1449 2936 virtute

279 2981 503 3069 ooneumptue?
526 2981 618 3066 Nam,
641 2983 668 3048 ai
690 2986 855 3069 tantopere
876 2985 995 3052 ourneli
1016 2984 1102 3052 riotu
1123 2982 1296 3067 indiguere,
1319 3003 1391 3050 oum
1406 2983 1447 3052 ab

278 3097 333 3164 illo
357 3098 501 3182 uberent,
530 3098 605 3183 quid
627 3098 812 3167 comedere?
843 3103 975 3166 auteur
998 3099 1083 3186 apud
1104 3100 1188 3167 huno
1211 3106 1243 3166 et
1264 3119 1327 3166 non
1350 3101 1447 3168 etiam

280 3213 364 3299 apud
386 3213 465 3280 ulioe
487 3213 669 3282 comedere?
692 3214 773 3298 Ant,
796 3215 824 3281 ei
845 3213 987 3281 volueres
1011 3221 1116 3300 erunt,
1139 3215 1292 3300 numquid
1313 3216 1446 3284 eredun-

279 3333 333 3394 tur
354 3348 478 3415 eemper
500 3328 596 3396 eimul
614 3329 732 3397 fuieee?
754 3332 782 3398 ei
797 3335 902 3398 eutem
918 3330 1088 3416 dispersae,
1112 3331 1188 3416 qnid
1200 3331 1358 3400 oredimus
1372 3353 1446 3400 eon-

279 3445 423 3529 grerarit
444 3464 507 3528 eea,
531 3445 694 3528 nuntiam,
718 3448 900 3533 episeopum
922 3446 1106 3514 Adeldevile
1129 3447 1269 3514 futurum
1292 3449 1382 3516 esee?
1404 3449 1448 3516 Et

280 3579 377 3645 quere
399 3579 554 3645 nmquam
578 3561 639 3629 elio
662 3563 768 3630 visae?
791 3569 838 3647 et,
861 3564 888 3630 ei
910 3563 1012 3646 meae,
1036 3583 1092 3630 our
1113 3561 1193 3630 nulli
1215 3562 1361 3646 agnitae?
1383 3563 1446 3632 (ιιι

280 3681 386 3744 autem
417 3676 530 3744 harum
557 3676 719 3744 voluerum
748 3685 858 3746 uentus
886 3677 1027 3766 pontifioi
1055 3678 1127 3766 plue
1156 3678 1290 3746 alierum
1318 3681 1446 3748 rooibue

279 3792 448 3880 placuere?
535 3791 666 3878 Aliquid
699 3795 796 3878 igitur
829 3794 903 3862 hino
931 3795 1075 3883 spiritale
1103 3795 1330 3878 eonieetnmur3
1364 3795 1446 3882 quod

279 3914 387 3976 utrum
413 3929 522 3976 rerum
545 3909 588 3976 eit
610 3909 789 3976 omnimodo
812 3931 875 3978 non
897 3911 1083 3998 probemus:
1110 3909 1212 3978 Loeue
1234 3911 1289 3980 ille
1311 3933 1332 3978 a
1355 3911 1445 3996 vulgo

279 4025 437 4110 Elderile,
465 4045 539 4093 vero
568 4032 673 4094 autem
701 4028 828 4094 nomine
855 4026 1052 4094 Alta-villa
1081 4032 1224 4110 vocatum
1254 4032 1286 4094 et
1312 4027 1357 4096 ibi
1380 4029 1446 4096 sire

280 4141 423 4210 volueres
444 4142 479 4210 in
502 4142 714 4228 superioribus
737 4142 894 4240 volaptee,
924 4143 990 4209 eive
1018 4143 1114 4229 aliqui
1137 4143 1267 4231 epiritue
1290 4146 1390 4212 eeneii
1412 4146 1446 4212 in

281 4257 495 4344 superioribus
517 4257 706 4344 habitantes,
729 4264 872 4326 sanetum
895 4258 999 4326 virum
1020 4259 1205 4341 visitabant
1230 4259 1313 4345 quin,
1336 4259 1390 4346 qui
1412 4280 1446 4326 se

354 4389 377 4444 1.
403 4387 504 4444 Genea.
519 4389 561 4458 18,
573 4388 600 4444 5.
689 4391 714 4444 2.
737 4389 919 4460 Tob.12,19.
1007 4391 1033 4446 ἃ
1057 4390 1143 4446 ludio.
1156 4391 1182 4461 6,
1195 4391 1317 4448 19-21.
