<?xml version="1.0" encoding="UTF-8"?>
<!DOCTYPE html PUBLIC "-//W3C//DTD XHTML 1.0 Transitional//EN"
    "http://www.w3.org/TR/xhtml1/DTD/xhtml1-transitional.dtd">
<html xmlns="http://www.w3.org/1999/xhtml" xml:lang="en" lang="en">
 <head>
  <title>
</title>
<meta http-equiv="Content-Type" content="text/html;charset=utf-8" />
  <meta name='ocr-system' content='tesseract 3.04.00' />
  <meta name='ocr-capabilities' content='ocr_page ocr_carea ocr_par ocr_line ocrx_word'/>
</head>
<body>
  <div class='ocr_page' id='page_1' title='image "./bibliothecareru03jaffgoog_0304.png"; bbox 0 0 3110 4844; ppageno 0'>
   <div class='ocr_carea' id='block_1_1' title="bbox 325 269 1288 334">
    <p class='ocr_par' dir='ltr' id='par_1_1' title="bbox 325 269 1288 334">
     <span class='ocr_line' id='line_1_1' title="bbox 325 269 1288 334; baseline -0.002 0"><span class='ocrx_word' id='word_1_1' title='bbox 325 269 391 334; x_wconf 80' lang='grc'><strong>284</strong></span> <span class='ocrx_word' id='word_1_2' title='bbox 531 285 558 332; x_wconf 87' lang='lat' dir='ltr'><strong>s.</strong></span> <span class='ocrx_word' id='word_1_3' title='bbox 575 285 752 334; x_wconf 81' lang='lat' dir='ltr'><strong>eonmsun</strong></span> <span class='ocrx_word' id='word_1_4' title='bbox 773 287 818 332; x_wconf 83' lang='lat' dir='ltr'><strong>nr</strong></span> <span class='ocrx_word' id='word_1_5' title='bbox 840 285 941 333; x_wconf 81' lang='lat' dir='ltr'><strong>unum</strong></span> <span class='ocrx_word' id='word_1_6' title='bbox 963 285 1150 333; x_wconf 82' lang='lat' dir='ltr'><strong>urmnonsn</strong></span> <span class='ocrx_word' id='word_1_7' title='bbox 1175 286 1226 333; x_wconf 83' lang='lat' dir='ltr'><strong>no.</strong></span> <span class='ocrx_word' id='word_1_8' title='bbox 1244 285 1288 332; x_wconf 81' lang='lat' dir='ltr'><strong>no</strong></span> 
     </span>
    </p>
   </div>
   <div class='ocr_carea' id='block_1_2' title="bbox 212 426 1479 1557">
    <p class='ocr_par' dir='ltr' id='par_1_2' title="bbox 212 426 1479 1557">
     <span class='ocr_line' id='line_1_2' title="bbox 235 426 1468 524; baseline 0 -32"><span class='ocrx_word' id='word_1_9' title='bbox 235 439 288 524; x_wconf 66' lang='lat'><strong>‘173</strong></span> <span class='ocrx_word' id='word_1_10' title='bbox 324 433 390 494; x_wconf 93' lang='lat' dir='ltr'><strong>tem</strong></span> <span class='ocrx_word' id='word_1_11' title='bbox 412 433 500 494; x_wconf 91' lang='lat' dir='ltr'><strong>tuam</strong></span> <span class='ocrx_word' id='word_1_12' title='bbox 522 426 684 494; x_wconf 87' lang='lat' dir='ltr'><strong>humiliter</strong></span> <span class='ocrx_word' id='word_1_13' title='bbox 706 427 928 514; x_wconf 66' lang='lat' dir='ltr'><strong>deprecantes:</strong></span> <span class='ocrx_word' id='word_1_14' title='bbox 957 431 994 494; x_wconf 90' lang='lat' dir='ltr'><strong>nt</strong></span> <span class='ocrx_word' id='word_1_15' title='bbox 1020 428 1122 494; x_wconf 88' lang='lat' dir='ltr'><strong>nostri</strong></span> <span class='ocrx_word' id='word_1_16' title='bbox 1143 445 1264 494; x_wconf 89' lang='lat' dir='ltr'><strong>memor</strong></span> <span class='ocrx_word' id='word_1_17' title='bbox 1285 446 1354 494; x_wconf 88' lang='lat' dir='ltr'><strong>esse</strong></span> <span class='ocrx_word' id='word_1_18' title='bbox 1373 447 1468 512; x_wconf 85' lang='lat' dir='ltr'><strong>nosque</strong></span> 
     </span>
     <span class='ocr_line' id='line_1_3' title="bbox 212 511 1470 629; baseline -0.002 -19"><span class='ocrx_word' id='word_1_19' title='bbox 212 511 306 561; x_wconf 63' lang='grc' dir='ltr'><em>Μ</em></span> <span class='ocrx_word' id='word_1_20' title='bbox 323 544 392 610; x_wconf 91' lang='lat' dir='ltr'><strong>loco</strong></span> <span class='ocrx_word' id='word_1_21' title='bbox 416 543 589 610; x_wconf 90' lang='lat' dir='ltr'><strong>amicorum</strong></span> <span class='ocrx_word' id='word_1_22' title='bbox 611 543 771 629; x_wconf 77' lang='lat' dir='ltr'><strong>suscipere</strong></span> <span class='ocrx_word' id='word_1_23' title='bbox 795 541 949 625; x_wconf 86' lang='lat' dir='ltr'><strong>digneris3</strong></span> <span class='ocrx_word' id='word_1_24' title='bbox 973 547 1019 627; x_wconf 85' lang='lat' dir='ltr'><strong>ut,</strong></span> <span class='ocrx_word' id='word_1_25' title='bbox 1043 543 1098 628; x_wconf 92' lang='lat' dir='ltr'><strong>qui</strong></span> <span class='ocrx_word' id='word_1_26' title='bbox 1119 547 1151 610; x_wconf 90' lang='lat' dir='ltr'><strong>te</strong></span> <span class='ocrx_word' id='word_1_27' title='bbox 1169 544 1203 608; x_wconf 93' lang='lat' dir='ltr'><strong>in</strong></span> <span class='ocrx_word' id='word_1_28' title='bbox 1218 543 1470 610; x_wconf 90' lang='lat' dir='ltr'><strong>orationibusore-</strong></span> 
     </span>
     <span class='ocr_line' id='line_1_4' title="bbox 324 657 1473 746; baseline -0.001 -20"><span class='ocrx_word' id='word_1_29' title='bbox 324 659 389 727; x_wconf 90' lang='lat' dir='ltr'><strong>bris</strong></span> <span class='ocrx_word' id='word_1_30' title='bbox 405 658 542 726; x_wconf 90' lang='lat' dir='ltr'><strong>Domino</strong></span> <span class='ocrx_word' id='word_1_31' title='bbox 565 658 785 724; x_wconf 89' lang='lat' dir='ltr'><strong>commendare</strong></span> <span class='ocrx_word' id='word_1_32' title='bbox 809 658 992 742; x_wconf 77' lang='lat' dir='ltr'><strong>satagimus,</strong></span> <span class='ocrx_word' id='word_1_33' title='bbox 1015 659 1079 746; x_wconf 87' lang='lat' dir='ltr'><strong>ipsi</strong></span> <span class='ocrx_word' id='word_1_34' title='bbox 1101 661 1133 726; x_wconf 90' lang='lat' dir='ltr'><strong>te</strong></span> <span class='ocrx_word' id='word_1_35' title='bbox 1152 663 1362 746; x_wconf 78' lang='lat' dir='ltr'>protectorem</span> <span class='ocrx_word' id='word_1_36' title='bbox 1377 657 1473 725; x_wconf 87' lang='lat' dir='ltr'><strong>babere</strong></span> 
     </span>
     <span class='ocr_line' id='line_1_5' title="bbox 323 771 823 861; baseline -0.01 -19"><span class='ocrx_word' id='word_1_37' title='bbox 323 775 483 842; x_wconf 86' lang='lat' dir='ltr'><strong>valeamus</strong></span> <span class='ocrx_word' id='word_1_38' title='bbox 508 779 540 842; x_wconf 90' lang='lat' dir='ltr'><strong>et</strong></span> <span class='ocrx_word' id='word_1_39' title='bbox 561 780 731 861; x_wconf 90' lang='lat' dir='ltr'><strong>patronum</strong></span> <span class='ocrx_word' id='word_1_40' title='bbox 754 771 823 856; x_wconf 59' lang='lat' dir='ltr'><strong><em>ff</em></strong></span> 
     </span>
     <span class='ocr_line' id='line_1_6' title="bbox 361 889 1475 976; baseline -0.003 -19"><span class='ocrx_word' id='word_1_41' title='bbox 361 889 390 974; x_wconf 62' lang='grc' dir='ltr'>Ρ</span> <span class='ocrx_word' id='word_1_42' title='bbox 413 890 620 976; x_wconf 76' lang='lat' dir='ltr'><strong>Omnipotens</strong></span> <span class='ocrx_word' id='word_1_43' title='bbox 642 890 749 974; x_wconf 85' lang='lat' dir='ltr'><strong>itaque</strong></span> <span class='ocrx_word' id='word_1_44' title='bbox 764 889 851 956; x_wconf 90' lang='lat' dir='ltr'><strong>Deus</strong></span> <span class='ocrx_word' id='word_1_45' title='bbox 873 889 908 955; x_wconf 93' lang='lat' dir='ltr'><strong>in</strong></span> <span class='ocrx_word' id='word_1_46' title='bbox 930 889 1019 956; x_wconf 80' lang='lat' dir='ltr'><strong>robis</strong></span> <span class='ocrx_word' id='word_1_47' title='bbox 1039 890 1173 972; x_wconf 85' lang='lat' dir='ltr'><strong>gratiam</strong></span> <span class='ocrx_word' id='word_1_48' title='bbox 1190 909 1290 974; x_wconf 85' lang='lat' dir='ltr'><strong>suam,</strong></span> <span class='ocrx_word' id='word_1_49' title='bbox 1314 909 1406 974; x_wconf 87' lang='lat' dir='ltr'><strong>quam</strong></span> <span class='ocrx_word' id='word_1_50' title='bbox 1418 908 1475 954; x_wconf 81' lang='lat' dir='ltr'><strong>coe</strong></span> 
     </span>
     <span class='ocr_line' id='line_1_7' title="bbox 322 1004 1475 1093; baseline -0.001 -22"><span class='ocrx_word' id='word_1_51' title='bbox 322 1006 388 1093; x_wconf 86' lang='lat' dir='ltr'><strong>pit,</strong></span> <span class='ocrx_word' id='word_1_52' title='bbox 418 1004 561 1092; x_wconf 88' lang='lat' dir='ltr'><strong>perficiat</strong></span> <span class='ocrx_word' id='word_1_53' title='bbox 590 1011 684 1092; x_wconf 84' lang='lat' dir='ltr'><strong>atquc</strong></span> <span class='ocrx_word' id='word_1_54' title='bbox 712 1005 810 1072; x_wconf 83' lang='lat' dir='ltr'><strong>vitam</strong></span> <span class='ocrx_word' id='word_1_55' title='bbox 833 1009 972 1070; x_wconf 67' lang='lat' dir='ltr'><strong>vestam</strong></span> <span class='ocrx_word' id='word_1_56' title='bbox 995 1005 1101 1072; x_wconf 89' lang='lat' dir='ltr'><strong>ethic</strong></span> <span class='ocrx_word' id='word_1_57' title='bbox 1124 1005 1373 1092; x_wconf 87' lang='lat' dir='ltr'><strong>permultorum</strong></span> <span class='ocrx_word' id='word_1_58' title='bbox 1395 1025 1475 1070; x_wconf 84' lang='lat' dir='ltr'><strong>anno</strong></span> 
     </span>
     <span class='ocr_line' id='line_1_8' title="bbox 323 1120 1478 1208; baseline -0.002 -20"><span class='ocrx_word' id='word_1_59' title='bbox 323 1142 395 1188; x_wconf 89' lang='lat' dir='ltr'><strong>rum</strong></span> <span class='ocrx_word' id='word_1_60' title='bbox 423 1121 579 1188; x_wconf 84' lang='lat' dir='ltr'><strong>curricula</strong></span> <span class='ocrx_word' id='word_1_61' title='bbox 608 1121 757 1188; x_wconf 82' lang='lat' dir='ltr'><strong>extendat</strong></span> <span class='ocrx_word' id='word_1_62' title='bbox 787 1124 819 1187; x_wconf 92' lang='lat' dir='ltr'><strong>et</strong></span> <span class='ocrx_word' id='word_1_63' title='bbox 840 1125 914 1207; x_wconf 89' lang='lat' dir='ltr'><strong>post</strong></span> <span class='ocrx_word' id='word_1_64' title='bbox 934 1120 1031 1205; x_wconf 88' lang='lat' dir='ltr'><strong>longa</strong></span> <span class='ocrx_word' id='word_1_65' title='bbox 1052 1127 1197 1208; x_wconf 90' lang='lat' dir='ltr'><strong>tempora</strong></span> <span class='ocrx_word' id='word_1_66' title='bbox 1217 1121 1251 1188; x_wconf 90' lang='lat' dir='ltr'><strong>iu</strong></span> <span class='ocrx_word' id='word_1_67' title='bbox 1271 1121 1412 1188; x_wconf 87' lang='lat' dir='ltr'><strong>caelestis</strong></span> <span class='ocrx_word' id='word_1_68' title='bbox 1431 1141 1478 1186; x_wconf 87' lang='lat' dir='ltr'><strong>ros</strong></span> 
     </span>
     <span class='ocr_line' id='line_1_9' title="bbox 322 1235 958 1328; baseline -0.002 -26"><span class='ocrx_word' id='word_1_69' title='bbox 322 1237 446 1324; x_wconf 88' lang='lat' dir='ltr'><strong>patriae</strong></span> <span class='ocrx_word' id='word_1_70' title='bbox 469 1238 711 1320; x_wconf 77' lang='lat' dir='ltr'><strong>congregatione</strong></span> <span class='ocrx_word' id='word_1_71' title='bbox 723 1236 868 1328; x_wconf 61' lang='lat' dir='ltr'><strong>⁸recipiat</strong></span> <span class='ocrx_word' id='word_1_72' title='bbox 888 1235 958 1322; x_wconf 58' lang='grc' dir='ltr'><strong>,β</strong></span> 
     </span>
     <span class='ocr_line' id='line_1_10' title="bbox 360 1351 1478 1438; baseline 0 -20"><span class='ocrx_word' id='word_1_73' title='bbox 360 1352 389 1436; x_wconf 69' lang='grc' dir='ltr'>Ρ</span> <span class='ocrx_word' id='word_1_74' title='bbox 412 1352 604 1419; x_wconf 90' lang='lat' dir='ltr'><strong>Incolumem</strong></span> <span class='ocrx_word' id='word_1_75' title='bbox 634 1351 852 1419; x_wconf 87' lang='lat' dir='ltr'><strong>excellentiam</strong></span> <span class='ocrx_word' id='word_1_76' title='bbox 882 1355 1021 1419; x_wconf 86' lang='lat' dir='ltr'><strong>vestram</strong></span> <span class='ocrx_word' id='word_1_77' title='bbox 1043 1353 1147 1437; x_wconf 87' lang='lat' dir='ltr'><strong>gratia</strong></span> <span class='ocrx_word' id='word_1_78' title='bbox 1168 1371 1305 1438; x_wconf 89' lang='lat' dir='ltr'><strong>superna</strong></span> <span class='ocrx_word' id='word_1_79' title='bbox 1326 1351 1478 1434; x_wconf 77' lang='lat' dir='ltr'><strong>custodiat,</strong></span> 
     </span>
     <span class='ocr_line' id='line_1_11' title="bbox 323 1466 1479 1557; baseline -0.001 -22"><span class='ocrx_word' id='word_1_80' title='bbox 323 1468 449 1536; x_wconf 90' lang='lat' dir='ltr'><strong>domine</strong></span> <span class='ocrx_word' id='word_1_81' title='bbox 464 1467 667 1536; x_wconf 86' lang='lat' dir='ltr'><strong>dilectissime</strong></span> <span class='ocrx_word' id='word_1_82' title='bbox 677 1466 745 1554; x_wconf 57' lang='lat' dir='ltr'><strong><em>ff</em></strong></span> <span class='ocrx_word' id='word_1_83' title='bbox 774 1467 901 1557; x_wconf 81' lang='lat' dir='ltr'><strong>Scripta</strong></span> <span class='ocrx_word' id='word_1_84' title='bbox 915 1469 1087 1535; x_wconf 87' lang='lat' dir='ltr'><strong>indictione</strong></span> <span class='ocrx_word' id='word_1_85' title='bbox 1101 1471 1152 1553; x_wconf 92' lang='grc'><strong>11,</strong></span> <span class='ocrx_word' id='word_1_86' title='bbox 1170 1473 1188 1535; x_wconf 85' lang='grc'>8</span> <span class='ocrx_word' id='word_1_87' title='bbox 1205 1467 1364 1536; x_wconf 83' lang='lat' dir='ltr'><strong>Kalendas</strong></span> <span class='ocrx_word' id='word_1_88' title='bbox 1378 1468 1479 1535; x_wconf 84' lang='lat' dir='ltr'><strong>lunias</strong></span> 
     </span>
    </p>
   </div>
   <div class='ocr_carea' id='block_1_3' title="bbox 515 1631 1304 1801">
    <p class='ocr_par' dir='ltr' id='par_1_3' title="bbox 515 1631 1304 1801">
     <span class='ocr_line' id='line_1_12' title="bbox 515 1631 1304 1801; baseline -0.005 -51"><span class='ocrx_word' id='word_1_89' title='bbox 515 1655 573 1791; x_wconf 52' lang='grc' dir='ltr'><strong>’Ξ</strong></span> <span class='ocrx_word' id='word_1_90' title='bbox 602 1643 655 1801; x_wconf 47' lang='lat' dir='ltr'><strong>{td</strong></span> <span class='ocrx_word' id='word_1_91' title='bbox 686 1681 715 1768; x_wconf 64' lang='lat' dir='ltr'><strong>l?</strong></span> <span class='ocrx_word' id='word_1_92' title='bbox 744 1631 928 1769; x_wconf 79' lang='lat' dir='ltr'><strong>Epistola</strong></span> <span class='ocrx_word' id='word_1_93' title='bbox 959 1656 1059 1797; x_wconf 55' lang='lat' dir='ltr'><strong>[f</strong></span> <span class='ocrx_word' id='word_1_94' title='bbox 1092 1681 1136 1748; x_wconf 89' lang='lat' dir='ltr'><strong>ad</strong></span> <span class='ocrx_word' id='word_1_95' title='bbox 1166 1701 1304 1765; x_wconf 86' lang='lat' dir='ltr'><strong>rogem.</strong></span> 
     </span>
    </p>
   </div>
   <div class='ocr_carea' id='block_1_4' title="bbox 803 1889 1015 1896">
    <p class='ocr_par' dir='ltr' id='par_1_4' title="bbox 803 1889 1015 1896">
     <span class='ocr_line' id='line_1_13' title="bbox 803 1889 1015 1896; baseline 0.009 -1"><span class='ocrx_word' id='word_1_96' title='bbox 803 1889 1015 1896; x_wconf 75' lang='lat'><em>——-----—.</em></span> 
     </span>
    </p>
   </div>
   <div class='ocr_carea' id='block_1_5' title="bbox 327 2034 1488 2469">
    <p class='ocr_par' dir='ltr' id='par_1_5' title="bbox 327 2034 1488 2469">
     <span class='ocr_line' id='line_1_14' title="bbox 327 2034 1484 2126; baseline -0.003 -20"><span class='ocrx_word' id='word_1_97' title='bbox 327 2035 413 2107; x_wconf 88' lang='grc'><strong>119.</strong></span> <span class='ocrx_word' id='word_1_98' title='bbox 435 2037 594 2104; x_wconf 75' lang='lat' dir='ltr'><strong>Allrredao</strong></span> <span class='ocrx_word' id='word_1_99' title='bbox 616 2061 673 2105; x_wconf 78' lang='lat' dir='ltr'><strong>rec</strong></span> <span class='ocrx_word' id='word_1_100' title='bbox 696 2051 724 2105; x_wconf 84' lang='lat' dir='ltr'><strong>ct</strong></span> <span class='ocrx_word' id='word_1_101' title='bbox 741 2038 881 2126; x_wconf 79' lang='lat' dir='ltr'><strong>Ocpoofa</strong></span> <span class='ocrx_word' id='word_1_102' title='bbox 901 2041 1014 2125; x_wconf 69' lang='lat' dir='ltr'><strong>nepteo</strong></span> <span class='ocrx_word' id='word_1_103' title='bbox 1033 2037 1387 2105; x_wconf 77' lang='lat' dir='ltr'><strong>Nortbaalocmdrorum</strong></span> <span class='ocrx_word' id='word_1_104' title='bbox 1400 2034 1484 2102; x_wconf 70' lang='lat' dir='ltr'><strong>lello</strong></span> 
     </span>
     <span class='ocr_line' id='line_1_15' title="bbox 434 2155 1484 2243; baseline -0.003 -24"><span class='ocrx_word' id='word_1_105' title='bbox 434 2158 579 2241; x_wconf 65' lang='lat' dir='ltr'><strong>epsicopo</strong></span> <span class='ocrx_word' id='word_1_106' title='bbox 601 2157 799 2242; x_wconf 68' lang='lat' dir='ltr'><strong>respondent.</strong></span> <span class='ocrx_word' id='word_1_107' title='bbox 845 2155 972 2236; x_wconf 74' lang='lat' dir='ltr'><strong>Petunt,</strong></span> <span class='ocrx_word' id='word_1_108' title='bbox 996 2169 1032 2222; x_wconf 82' lang='lat' dir='ltr'><strong>ot</strong></span> <span class='ocrx_word' id='word_1_109' title='bbox 1048 2177 1112 2243; x_wconf 82' lang='lat' dir='ltr'><strong>pro</strong></span> <span class='ocrx_word' id='word_1_110' title='bbox 1135 2177 1168 2219; x_wconf 82' lang='lat' dir='ltr'><strong>oe</strong></span> <span class='ocrx_word' id='word_1_111' title='bbox 1192 2155 1319 2240; x_wconf 65' lang='lat' dir='ltr'><strong>subque</strong></span> <span class='ocrx_word' id='word_1_112' title='bbox 1340 2165 1484 2240; x_wconf 73' lang='lat' dir='ltr'><strong>precetur.</strong></span> 
     </span>
     <span class='ocr_line' id='line_1_16' title="bbox 435 2269 1485 2358; baseline -0.003 -21"><span class='ocrx_word' id='word_1_113' title='bbox 435 2271 518 2337; x_wconf 81' lang='lat' dir='ltr'><strong>Saos</strong></span> <span class='ocrx_word' id='word_1_114' title='bbox 541 2273 585 2336; x_wconf 82' lang='lat' dir='ltr'><strong>cd</strong></span> <span class='ocrx_word' id='word_1_115' title='bbox 608 2269 755 2336; x_wconf 78' lang='lat' dir='ltr'><strong>Coretum</strong></span> <span class='ocrx_word' id='word_1_116' title='bbox 777 2271 977 2337; x_wconf 66' lang='lat' dir='ltr'><strong>Praeconem</strong></span> <span class='ocrx_word' id='word_1_117' title='bbox 998 2293 1103 2358; x_wconf 73' lang='lat' dir='ltr'><strong>repom</strong></span> <span class='ocrx_word' id='word_1_118' title='bbox 1125 2271 1241 2357; x_wconf 79' lang='lat' dir='ltr'><strong>lepatoe</strong></span> <span class='ocrx_word' id='word_1_119' title='bbox 1266 2271 1485 2335; x_wconf 71' lang='lat' dir='ltr'><strong>commendant</strong></span> 
     </span>
     <span class='ocr_line' id='line_1_17' title="bbox 435 2381 1488 2469; baseline 0 -19"><span class='ocrx_word' id='word_1_120' title='bbox 435 2387 573 2451; x_wconf 76' lang='lat' dir='ltr'><strong>Munera</strong></span> <span class='ocrx_word' id='word_1_121' title='bbox 596 2389 748 2452; x_wconf 75' lang='lat' dir='ltr'><strong>mittoot&#39;.</strong></span> <span class='ocrx_word' id='word_1_122' title='bbox 1109 2383 1144 2468; x_wconf 87' lang='lat' dir='ltr'><strong>(S</strong></span> <span class='ocrx_word' id='word_1_123' title='bbox 1160 2387 1214 2469; x_wconf 84' lang='lat'><strong>90,</strong></span> <span class='ocrx_word' id='word_1_124' title='bbox 1238 2383 1277 2451; x_wconf 89' lang='lat' dir='ltr'>W</span> <span class='ocrx_word' id='word_1_125' title='bbox 1295 2386 1373 2469; x_wconf 85' lang='lat'>108,</span> <span class='ocrx_word' id='word_1_126' title='bbox 1397 2381 1488 2464; x_wconf 73' lang='lat' dir='ltr'><strong>Geli</strong></span> 
     </span>
    </p>
   </div>
   <div class='ocr_carea' id='block_1_6' title="bbox 164 2515 1502 3880">
    <p class='ocr_par' dir='ltr' id='par_1_6' title="bbox 164 2515 1502 3880">
     <span class='ocr_line' id='line_1_18' title="bbox 164 2515 1488 2605; baseline 0.002 -23"><span class='ocrx_word' id='word_1_127' title='bbox 164 2527 306 2583; x_wconf 73' lang='lat' dir='ltr'><strong>tce-‘174</strong></span> <span class='ocrx_word' id='word_1_128' title='bbox 361 2517 389 2601; x_wconf 60' lang='lat' dir='ltr'><em>R</em></span> <span class='ocrx_word' id='word_1_129' title='bbox 414 2517 571 2586; x_wconf 81' lang='lat' dir='ltr'><strong>Alhredus</strong></span> <span class='ocrx_word' id='word_1_130' title='bbox 594 2515 669 2585; x_wconf 84' lang='lat' dir='ltr'><strong>rex¹</strong></span> <span class='ocrx_word' id='word_1_131' title='bbox 692 2524 724 2586; x_wconf 92' lang='lat' dir='ltr'><strong>et</strong></span> <span class='ocrx_word' id='word_1_132' title='bbox 739 2517 894 2604; x_wconf 88' lang='lat' dir='ltr'><strong>Osgeoln¹</strong></span> <span class='ocrx_word' id='word_1_133' title='bbox 909 2521 1020 2604; x_wconf 87' lang='lat' dir='ltr'><strong>regina</strong></span> <span class='ocrx_word' id='word_1_134' title='bbox 1033 2517 1125 2585; x_wconf 88' lang='lat' dir='ltr'><strong>Lullo</strong></span> <span class='ocrx_word' id='word_1_135' title='bbox 1145 2517 1317 2585; x_wconf 84' lang='lat' dir='ltr'><strong>venerabili</strong></span> <span class='ocrx_word' id='word_1_136' title='bbox 1334 2519 1488 2605; x_wconf 79' lang='lat' dir='ltr'><strong>episcopo,</strong></span> 
     </span>
     <span class='ocr_line' id='line_1_19' title="bbox 322 2633 1355 2723; baseline 0.001 -25"><span class='ocrx_word' id='word_1_137' title='bbox 322 2633 432 2700; x_wconf 66' lang='lat' dir='ltr'><strong>nobisb</strong></span> <span class='ocrx_word' id='word_1_138' title='bbox 455 2635 633 2722; x_wconf 87' lang='lat' dir='ltr'><strong>perpetuali</strong></span> <span class='ocrx_word' id='word_1_139' title='bbox 657 2636 796 2702; x_wconf 89' lang='lat' dir='ltr'><strong>amicitia</strong></span> <span class='ocrx_word' id='word_1_140' title='bbox 818 2635 980 2723; x_wconf 83' lang='lat' dir='ltr'><strong>copulato,</strong></span> <span class='ocrx_word' id='word_1_141' title='bbox 1003 2635 1036 2700; x_wconf 95' lang='lat' dir='ltr'><strong>in</strong></span> <span class='ocrx_word' id='word_1_142' title='bbox 1060 2633 1185 2701; x_wconf 84' lang='lat' dir='ltr'><strong>Christo</strong></span> <span class='ocrx_word' id='word_1_143' title='bbox 1208 2633 1355 2700; x_wconf 89' lang='lat' dir='ltr'><strong>salutem.</strong></span> 
     </span>
     <span class='ocr_line' id='line_1_20' title="bbox 412 2746 1492 2836; baseline 0 -21"><span class='ocrx_word' id='word_1_144' title='bbox 412 2749 538 2836; x_wconf 88' lang='lat' dir='ltr'><strong>Scripta</strong></span> <span class='ocrx_word' id='word_1_145' title='bbox 559 2751 763 2818; x_wconf 88' lang='lat' dir='ltr'><strong>beatitudinis</strong></span> <span class='ocrx_word' id='word_1_146' title='bbox 786 2757 859 2818; x_wconf 88' lang='lat' dir='ltr'><strong>tuoe</strong></span> <span class='ocrx_word' id='word_1_147' title='bbox 882 2750 977 2818; x_wconf 89' lang='lat' dir='ltr'><strong>simul</strong></span> <span class='ocrx_word' id='word_1_148' title='bbox 999 2771 1070 2816; x_wconf 91' lang='lat' dir='ltr'><strong>cum</strong></span> <span class='ocrx_word' id='word_1_149' title='bbox 1092 2750 1285 2835; x_wconf 85' lang='lat' dir='ltr'><strong>muneribus,</strong></span> <span class='ocrx_word' id='word_1_150' title='bbox 1305 2749 1427 2817; x_wconf 86' lang='lat' dir='ltr'><strong>litteris</strong></span> <span class='ocrx_word' id='word_1_151' title='bbox 1442 2746 1492 2815; x_wconf 90' lang='lat' dir='ltr'><strong>ad·</strong></span> 
     </span>
     <span class='ocr_line' id='line_1_21' title="bbox 322 2864 1493 2952; baseline -0.001 -21"><span class='ocrx_word' id='word_1_152' title='bbox 322 2865 470 2950; x_wconf 82' lang='lat' dir='ltr'><strong>signatis,</strong></span> <span class='ocrx_word' id='word_1_153' title='bbox 501 2865 607 2932; x_wconf 88' lang='lat' dir='ltr'><strong>debita</strong></span> <span class='ocrx_word' id='word_1_154' title='bbox 629 2867 849 2950; x_wconf 86' lang='lat' dir='ltr'><strong>gratulationis</strong></span> <span class='ocrx_word' id='word_1_155' title='bbox 871 2867 1049 2934; x_wconf 82' lang='lat' dir='ltr'><strong>reverentia</strong></span> <span class='ocrx_word' id='word_1_156' title='bbox 1071 2867 1275 2952; x_wconf 88' lang='lat' dir='ltr'><strong>suscepimus.</strong></span> <span class='ocrx_word' id='word_1_157' title='bbox 1320 2864 1493 2933; x_wconf 81' lang='lat' dir='ltr'><strong>Maximae·</strong></span> 
     </span>
     <span class='ocr_line' id='line_1_22' title="bbox 322 2981 1496 3068; baseline 0.001 -21"><span class='ocrx_word' id='word_1_158' title='bbox 322 3003 382 3066; x_wconf 89' lang='lat' dir='ltr'><strong>que</strong></span> <span class='ocrx_word' id='word_1_159' title='bbox 412 2983 621 3068; x_wconf 88' lang='lat' dir='ltr'><strong>omnipotenti</strong></span> <span class='ocrx_word' id='word_1_160' title='bbox 644 2981 711 3049; x_wconf 91' lang='lat' dir='ltr'><strong>Deo</strong></span> <span class='ocrx_word' id='word_1_161' title='bbox 741 2985 861 3066; x_wconf 82' lang='lat' dir='ltr'><strong>egimus</strong></span> <span class='ocrx_word' id='word_1_162' title='bbox 889 2983 1023 3067; x_wconf 82' lang='lat' dir='ltr'><strong>gratias,</strong></span> <span class='ocrx_word' id='word_1_163' title='bbox 1055 2982 1137 3068; x_wconf 90' lang='lat' dir='ltr'><strong>quod</strong></span> <span class='ocrx_word' id='word_1_164' title='bbox 1165 2988 1213 3066; x_wconf 86' lang='lat' dir='ltr'><strong>te,</strong></span> <span class='ocrx_word' id='word_1_165' title='bbox 1241 2983 1275 3047; x_wconf 92' lang='lat' dir='ltr'><strong>in</strong></span> <span class='ocrx_word' id='word_1_166' title='bbox 1303 2987 1375 3048; x_wconf 88' lang='lat' dir='ltr'><strong>tam</strong></span> <span class='ocrx_word' id='word_1_167' title='bbox 1404 2981 1496 3064; x_wconf 78' lang='lat' dir='ltr'><strong>longa</strong></span> 
     </span>
     <span class='ocr_line' id='line_1_23' title="bbox 321 3097 1495 3183; baseline -0.001 -19"><span class='ocrx_word' id='word_1_168' title='bbox 321 3097 574 3183; x_wconf 87' lang='lat' dir='ltr'><strong>peregrinatione</strong></span> <span class='ocrx_word' id='word_1_169' title='bbox 602 3098 808 3165; x_wconf 89' lang='lat' dir='ltr'><strong>desudantem</strong></span> <span class='ocrx_word' id='word_1_170' title='bbox 837 3105 869 3165; x_wconf 88' lang='lat' dir='ltr'><strong>et</strong></span> <span class='ocrx_word' id='word_1_171' title='bbox 895 3100 930 3165; x_wconf 93' lang='lat' dir='ltr'><strong>in</strong></span> <span class='ocrx_word' id='word_1_172' title='bbox 953 3099 1070 3165; x_wconf 81' lang='lat' dir='ltr'><strong>Christi</strong></span> <span class='ocrx_word' id='word_1_173' title='bbox 1094 3097 1245 3181; x_wconf 83' lang='lat' dir='ltr'><strong>agonibus</strong></span> <span class='ocrx_word' id='word_1_174' title='bbox 1268 3098 1495 3178; x_wconf 80' lang='lat' dir='ltr'><strong>decertantem</strong></span> 
     </span>
     <span class='ocr_line' id='line_1_24' title="bbox 322 3212 1496 3301; baseline -0.001 -23"><span class='ocrx_word' id='word_1_175' title='bbox 322 3218 449 3299; x_wconf 89' lang='lat' dir='ltr'><strong>optatae</strong></span> <span class='ocrx_word' id='word_1_176' title='bbox 472 3214 686 3280; x_wconf 79' lang='lat' dir='ltr'><strong>conservavit⁰</strong></span> <span class='ocrx_word' id='word_1_177' title='bbox 710 3215 866 3301; x_wconf 88' lang='lat' dir='ltr'><strong>sospitati.</strong></span> <span class='ocrx_word' id='word_1_178' title='bbox 906 3213 948 3282; x_wconf 88' lang='lat' dir='ltr'><strong>Et</strong></span> <span class='ocrx_word' id='word_1_179' title='bbox 969 3215 1052 3299; x_wconf 87' lang='lat' dir='ltr'><strong>ideo,</strong></span> <span class='ocrx_word' id='word_1_180' title='bbox 1075 3213 1305 3280; x_wconf 84' lang='lat' dir='ltr'><strong>revertentibus</strong></span> <span class='ocrx_word' id='word_1_181' title='bbox 1329 3212 1496 3281; x_wconf 86' lang='lat' dir='ltr'><strong>venerabi·</strong></span> 
     </span>
     <span class='ocr_line' id='line_1_25' title="bbox 320 3327 1498 3416; baseline 0.002 -23"><span class='ocrx_word' id='word_1_182' title='bbox 320 3327 403 3394; x_wconf 88' lang='lat' dir='ltr'><strong>libus</strong></span> <span class='ocrx_word' id='word_1_183' title='bbox 426 3329 520 3413; x_wconf 87' lang='lat' dir='ltr'><strong>viris,</strong></span> <span class='ocrx_word' id='word_1_184' title='bbox 544 3329 693 3413; x_wconf 87' lang='lat' dir='ltr'><strong>gandium</strong></span> <span class='ocrx_word' id='word_1_185' title='bbox 717 3336 860 3397; x_wconf 88' lang='lat' dir='ltr'><strong>nostrum</strong></span> <span class='ocrx_word' id='word_1_186' title='bbox 883 3349 1044 3396; x_wconf 88' lang='lat' dir='ltr'><strong>sacrorum</strong></span> <span class='ocrx_word' id='word_1_187' title='bbox 1068 3331 1193 3416; x_wconf 87' lang='lat' dir='ltr'><strong>apicum</strong></span> <span class='ocrx_word' id='word_1_188' title='bbox 1217 3330 1436 3396; x_wconf 88' lang='lat' dir='ltr'><strong>adtestatione</strong></span> <span class='ocrx_word' id='word_1_189' title='bbox 1458 3328 1498 3395; x_wconf 86' lang='lat' dir='ltr'><strong>sl-</strong></span> 
     </span>
     <span class='ocr_line' id='line_1_26' title="bbox 321 3443 1498 3532; baseline 0.001 -23"><span class='ocrx_word' id='word_1_190' title='bbox 321 3463 463 3528; x_wconf 88' lang='lat' dir='ltr'><strong>gnamna.</strong></span> <span class='ocrx_word' id='word_1_191' title='bbox 555 3445 602 3511; x_wconf 88' lang='lat' dir='ltr'><strong>Ao</strong></span> <span class='ocrx_word' id='word_1_192' title='bbox 632 3443 786 3531; x_wconf 70' lang='lat' dir='ltr'><strong>petimusz&#39;</strong></span> <span class='ocrx_word' id='word_1_193' title='bbox 810 3446 858 3511; x_wconf 92' lang='lat' dir='ltr'><strong>nti</strong></span> <span class='ocrx_word' id='word_1_194' title='bbox 885 3445 1051 3512; x_wconf 82' lang='lat' dir='ltr'><strong>cotidianis</strong></span> <span class='ocrx_word' id='word_1_195' title='bbox 1075 3446 1268 3512; x_wconf 89' lang='lat' dir='ltr'><strong>orationibus</strong></span> <span class='ocrx_word' id='word_1_196' title='bbox 1292 3445 1498 3532; x_wconf 85' lang='lat' dir='ltr'><strong>episcopatus</strong></span> 
     </span>
     <span class='ocr_line' id='line_1_27' title="bbox 321 3559 1501 3645; baseline 0.001 -20"><span class='ocrx_word' id='word_1_197' title='bbox 321 3565 394 3626; x_wconf 89' lang='lat' dir='ltr'><strong>tuus</strong></span> <span class='ocrx_word' id='word_1_198' title='bbox 424 3560 563 3626; x_wconf 87' lang='lat' dir='ltr'><strong>studium</strong></span> <span class='ocrx_word' id='word_1_199' title='bbox 592 3580 628 3626; x_wconf 89' lang='lat' dir='ltr'><strong>ac</strong></span> <span class='ocrx_word' id='word_1_200' title='bbox 656 3565 764 3626; x_wconf 88' lang='lat' dir='ltr'><strong>votnm</strong></span> <span class='ocrx_word' id='word_1_201' title='bbox 793 3583 884 3627; x_wconf 88' lang='lat' dir='ltr'><strong>suum</strong></span> <span class='ocrx_word' id='word_1_202' title='bbox 913 3563 997 3628; x_wconf 85' lang='lat' dir='ltr'><strong>circe</strong></span> <span class='ocrx_word' id='word_1_203' title='bbox 1025 3561 1158 3628; x_wconf 89' lang='lat' dir='ltr'><strong>salutem</strong></span> <span class='ocrx_word' id='word_1_204' title='bbox 1180 3567 1322 3628; x_wconf 91' lang='lat' dir='ltr'><strong>nostram</strong></span> <span class='ocrx_word' id='word_1_205' title='bbox 1346 3559 1501 3645; x_wconf 90' lang='lat' dir='ltr'><strong>dignetur</strong></span> 
     </span>
     <span class='ocr_line' id='line_1_28' title="bbox 320 3675 1501 3761; baseline 0.001 -20"><span class='ocrx_word' id='word_1_206' title='bbox 320 3675 508 3761; x_wconf 89' lang='lat' dir='ltr'><strong>inpendere;</strong></span> <span class='ocrx_word' id='word_1_207' title='bbox 532 3696 589 3741; x_wconf 86' lang='lat' dir='ltr'><strong>nos</strong></span> <span class='ocrx_word' id='word_1_208' title='bbox 612 3696 735 3761; x_wconf 90' lang='lat' dir='ltr'><strong>quoquo</strong></span> <span class='ocrx_word' id='word_1_209' title='bbox 758 3677 853 3743; x_wconf 88' lang='lat' dir='ltr'><strong>simul</strong></span> <span class='ocrx_word' id='word_1_210' title='bbox 876 3699 945 3744; x_wconf 88' lang='lat' dir='ltr'><strong>oum</strong></span> <span class='ocrx_word' id='word_1_211' title='bbox 970 3677 1148 3743; x_wconf 89' lang='lat' dir='ltr'><strong>nominibus</strong></span> <span class='ocrx_word' id='word_1_212' title='bbox 1172 3681 1353 3743; x_wconf 89' lang='lat' dir='ltr'><strong>nostrorum</strong></span> <span class='ocrx_word' id='word_1_213' title='bbox 1381 3677 1501 3743; x_wconf 89' lang='lat' dir='ltr'><strong>amico-</strong></span> 
     </span>
     <span class='ocr_line' id='line_1_29' title="bbox 319 3792 1502 3880; baseline 0 -22"><span class='ocrx_word' id='word_1_214' title='bbox 319 3812 392 3858; x_wconf 91' lang='lat' dir='ltr'><strong>rum</strong></span> <span class='ocrx_word' id='word_1_215' title='bbox 414 3796 446 3858; x_wconf 90' lang='lat' dir='ltr'><strong>et</strong></span> <span class='ocrx_word' id='word_1_216' title='bbox 468 3793 727 3878; x_wconf 88' lang='lat' dir='ltr'><strong>propinquorum,</strong></span> <span class='ocrx_word' id='word_1_217' title='bbox 752 3815 831 3878; x_wconf 87' lang='lat' dir='ltr'><strong>quae</strong></span> <span class='ocrx_word' id='word_1_218' title='bbox 854 3794 905 3860; x_wconf 91' lang='lat' dir='ltr'><strong>hic</strong></span> <span class='ocrx_word' id='word_1_219' title='bbox 927 3793 1106 3880; x_wconf 88' lang='lat' dir='ltr'><strong>subscripta</strong></span> <span class='ocrx_word' id='word_1_220' title='bbox 1120 3792 1221 3877; x_wconf 66' lang='lat' dir='ltr'><strong>suntl,</strong></span> <span class='ocrx_word' id='word_1_221' title='bbox 1243 3793 1432 3859; x_wconf 88' lang='lat' dir='ltr'><strong>litterarum</strong></span> <span class='ocrx_word' id='word_1_222' title='bbox 1449 3813 1502 3859; x_wconf 92' lang='lat' dir='ltr'><strong>on·</strong></span> 
     </span>
    </p>
   </div>
   <div class='ocr_carea' id='block_1_7' title="bbox 320 3935 1504 4077">
    <p class='ocr_par' dir='ltr' id='par_1_7' title="bbox 320 3935 1504 4077">
     <span class='ocr_line' id='line_1_30' title="bbox 393 3935 1504 3992; baseline 0.004 -12"><span class='ocrx_word' id='word_1_223' title='bbox 393 3949 413 3981; x_wconf 83' lang='lat' dir='ltr'><strong>a.</strong></span> <span class='ocrx_word' id='word_1_224' title='bbox 434 3952 463 3980; x_wconf 76' lang='lat' dir='ltr'><strong>ex</strong></span> <span class='ocrx_word' id='word_1_225' title='bbox 482 3935 505 3981; x_wconf 87' lang='lat' dir='ltr'><em>V</em></span> <span class='ocrx_word' id='word_1_226' title='bbox 518 3935 644 3982; x_wconf 62' lang='lat' dir='ltr'><strong>tter—58.</strong></span> <span class='ocrx_word' id='word_1_227' title='bbox 670 3937 722 3985; x_wconf 76' lang='lat' dir='ltr'><strong>Sine</strong></span> <span class='ocrx_word' id='word_1_228' title='bbox 738 3937 847 3982; x_wconf 81' lang='lat' dir='ltr'><strong>lemmate.</strong></span> <span class='ocrx_word' id='word_1_229' title='bbox 924 3937 946 3982; x_wconf 93' lang='lat' dir='ltr'><strong>b.</strong></span> <span class='ocrx_word' id='word_1_230' title='bbox 967 3937 991 3982; x_wconf 90' lang='lat' dir='ltr'><strong>in</strong></span> <span class='ocrx_word' id='word_1_231' title='bbox 1007 3935 1073 3983; x_wconf 83' lang='lat' dir='ltr'><strong>nobis</strong></span> <span class='ocrx_word' id='word_1_232' title='bbox 1091 3937 1119 3992; x_wconf 81' lang='lat' dir='ltr'><strong>V,</strong></span> <span class='ocrx_word' id='word_1_233' title='bbox 1139 3937 1181 3982; x_wconf 78' lang='lat' dir='ltr'><strong>sed</strong></span> <span class='ocrx_word' id='word_1_234' title='bbox 1196 3937 1220 3982; x_wconf 90' lang='lat' dir='ltr'><strong>in</strong></span> <span class='ocrx_word' id='word_1_235' title='bbox 1236 3935 1351 3982; x_wconf 68' lang='lat' dir='ltr'><strong>inductu</strong></span> <span class='ocrx_word' id='word_1_236' title='bbox 1370 3954 1426 3984; x_wconf 78' lang='lat' dir='ltr'><strong>esu</strong></span> <span class='ocrx_word' id='word_1_237' title='bbox 1443 3937 1504 3983; x_wconf 54' lang='lat' dir='ltr'><strong>ride</strong></span> 
     </span>
     <span class='ocr_line' id='line_1_31' title="bbox 320 4015 1162 4077; baseline -0.001 -15"><span class='ocrx_word' id='word_1_238' title='bbox 320 4024 362 4062; x_wconf 70' lang='lat' dir='ltr'><strong>tor.</strong></span> <span class='ocrx_word' id='word_1_239' title='bbox 441 4027 460 4061; x_wconf 86' lang='lat' dir='ltr'><strong>c.</strong></span> <span class='ocrx_word' id='word_1_240' title='bbox 483 4015 627 4062; x_wconf 73' lang='lat' dir='ltr'><strong>conservabit</strong></span> <span class='ocrx_word' id='word_1_241' title='bbox 645 4017 672 4062; x_wconf 82' lang='lat' dir='ltr'><strong>V.</strong></span> <span class='ocrx_word' id='word_1_242' title='bbox 751 4016 773 4062; x_wconf 86' lang='lat' dir='ltr'><strong>d.</strong></span> <span class='ocrx_word' id='word_1_243' title='bbox 793 4018 816 4062; x_wconf 79' lang='lat' dir='ltr'><strong>r&#39;rr</strong></span> <span class='ocrx_word' id='word_1_244' title='bbox 833 4016 1028 4077; x_wconf 59' lang='lat' dir='ltr'><strong>comendavimus</strong></span> <span class='ocrx_word' id='word_1_245' title='bbox 1044 4033 1089 4062; x_wconf 80' lang='lat' dir='ltr'><strong>aaa</strong></span> <span class='ocrx_word' id='word_1_246' title='bbox 1104 4025 1162 4062; x_wconf 75' lang='lat' dir='ltr'><strong>anat.</strong></span> 
     </span>
    </p>
   </div>
   <div class='ocr_carea' id='block_1_8' title="bbox 320 4108 1506 4401">
    <p class='ocr_par' dir='ltr' id='par_1_8' title="bbox 320 4108 1506 4401">
     <span class='ocr_line' id='line_1_32' title="bbox 393 4108 1505 4184; baseline 0.004 -20"><span class='ocrx_word' id='word_1_247' title='bbox 393 4111 418 4166; x_wconf 88' lang='lat'><strong>1.</strong></span> <span class='ocrx_word' id='word_1_248' title='bbox 442 4108 754 4181; x_wconf 87' lang='lat' dir='ltr'><strong>Northanhumbrornm,</strong></span> <span class='ocrx_word' id='word_1_249' title='bbox 774 4111 928 4167; x_wconf 75' lang='lat' dir='ltr'><strong>tec-774.</strong></span> <span class='ocrx_word' id='word_1_250' title='bbox 1019 4113 1044 4166; x_wconf 78' lang='lat'><strong>2.</strong></span> <span class='ocrx_word' id='word_1_251' title='bbox 1069 4127 1151 4182; x_wconf 89' lang='lat' dir='ltr'><strong>quam</strong></span> <span class='ocrx_word' id='word_1_252' title='bbox 1172 4111 1283 4184; x_wconf 87' lang='lat' dir='ltr'><strong>quidem</strong></span> <span class='ocrx_word' id='word_1_253' title='bbox 1301 4127 1377 4168; x_wconf 90' lang='lat' dir='ltr'><strong>anno</strong></span> <span class='ocrx_word' id='word_1_254' title='bbox 1399 4113 1460 4170; x_wconf 84' lang='grc'><strong>768</strong></span> <span class='ocrx_word' id='word_1_255' title='bbox 1477 4114 1505 4169; x_wconf 93' lang='lat' dir='ltr'><strong>iu</strong></span> 
     </span>
     <span class='ocr_line' id='line_1_33' title="bbox 320 4197 1504 4270; baseline 0.005 -18"><span class='ocrx_word' id='word_1_256' title='bbox 320 4199 521 4256; x_wconf 89' lang='lat' dir='ltr'><strong>matrimonium</strong></span> <span class='ocrx_word' id='word_1_257' title='bbox 540 4198 619 4252; x_wconf 84' lang='lat' dir='ltr'><strong>duxit</strong></span> <span class='ocrx_word' id='word_1_258' title='bbox 630 4197 767 4254; x_wconf 85' lang='lat' dir='ltr'><strong>Alhredus</strong></span> <span class='ocrx_word' id='word_1_259' title='bbox 785 4214 842 4270; x_wconf 84' lang='lat' dir='ltr'><strong>rex,</strong></span> <span class='ocrx_word' id='word_1_260' title='bbox 860 4205 931 4256; x_wconf 87' lang='lat' dir='ltr'><strong>teste</strong></span> <span class='ocrx_word' id='word_1_261' title='bbox 944 4199 1070 4256; x_wconf 90' lang='lat' dir='ltr'><strong>Simeone</strong></span> <span class='ocrx_word' id='word_1_262' title='bbox 1082 4200 1259 4256; x_wconf 87' lang='lat' dir='ltr'><strong>Dunelmeusi</strong></span> <span class='ocrx_word' id='word_1_263' title='bbox 1271 4199 1307 4254; x_wconf 87' lang='lat' dir='ltr'><strong>ad</strong></span> <span class='ocrx_word' id='word_1_264' title='bbox 1319 4216 1343 4254; x_wconf 84' lang='lat' dir='ltr'><strong>a.</strong></span> <span class='ocrx_word' id='word_1_265' title='bbox 1360 4202 1420 4256; x_wconf 80' lang='grc'><strong>768</strong></span> <span class='ocrx_word' id='word_1_266' title='bbox 1434 4203 1504 4268; x_wconf 75' lang='lat' dir='ltr'><strong>(Mo</strong></span> 
     </span>
     <span class='ocr_line' id='line_1_34' title="bbox 320 4286 1506 4401; baseline 0.006 -61"><span class='ocrx_word' id='word_1_267' title='bbox 320 4291 463 4401; x_wconf 43' lang='lat' dir='ltr'><strong>nomentan</strong></span> <span class='ocrx_word' id='word_1_268' title='bbox 474 4286 537 4342; x_wconf 86' lang='lat' dir='ltr'><strong>hist.</strong></span> <span class='ocrx_word' id='word_1_269' title='bbox 556 4287 623 4341; x_wconf 80' lang='lat' dir='ltr'><strong>Brit</strong></span> <span class='ocrx_word' id='word_1_270' title='bbox 640 4287 652 4341; x_wconf 87' lang='grc' dir='ltr'>Ι</span> <span class='ocrx_word' id='word_1_271' title='bbox 670 4288 751 4354; x_wconf 79' lang='grc'><strong>663);</strong></span> <span class='ocrx_word' id='word_1_272' title='bbox 778 4287 901 4358; x_wconf 83' lang='lat' dir='ltr'><strong>„Alcred</strong></span> <span class='ocrx_word' id='word_1_273' title='bbox 921 4305 969 4345; x_wconf 85' lang='lat' dir='ltr'><strong>rex</strong></span> <span class='ocrx_word' id='word_1_274' title='bbox 986 4289 1083 4346; x_wconf 88' lang='lat' dir='ltr'><strong>eodem</strong></span> <span class='ocrx_word' id='word_1_275' title='bbox 1102 4293 1225 4359; x_wconf 88' lang='lat' dir='ltr'><strong>tempore</strong></span> <span class='ocrx_word' id='word_1_276' title='bbox 1242 4289 1350 4358; x_wconf 84' lang='lat' dir='ltr'><strong>accepit</strong></span> <span class='ocrx_word' id='word_1_277' title='bbox 1369 4291 1506 4360; x_wconf 86' lang='lat' dir='ltr'><strong>reginam</strong></span> 
     </span>
    </p>
   </div>
   <div class='ocr_carea' id='block_1_9' title="bbox 321 4371 474 4442">
    <p class='ocr_par' dir='ltr' id='par_1_9' title="bbox 321 4371 474 4442">
     <span class='ocr_line' id='line_1_35' title="bbox 321 4371 474 4442; baseline 0 -14"><span class='ocrx_word' id='word_1_278' title='bbox 321 4371 443 4442; x_wconf 81' lang='lat' dir='ltr'><strong>Osgearn</strong></span> <span class='ocrx_word' id='word_1_279' title='bbox 467 4413 474 4428; x_wconf 91' lang='lat'><strong>.</strong></span> 
     </span>
    </p>
   </div>
   <div class='ocr_carea' id='block_1_10' title="bbox 0 0 1560 4844">
    <p class='ocr_par' dir='ltr' id='par_1_10' title="bbox 0 0 1560 4844">
     <span class='ocr_line' id='line_1_36' title="bbox 0 0 1560 4844; baseline 0 1"><span class='ocrx_word' id='word_1_280' title='bbox 0 0 1560 4844; x_wconf 95' lang='lat' dir='ltr'><strong> </strong></span> 
     </span>
    </p>
   </div>
  </div>
 </body>
</html>
