3176 4846
296 268 364 334 590
709 284 787 330 vrrs
810 281 1005 330 nnmsnnrr
1026 283 1052 330 ιι

407 429 440 492 et
461 445 575 512 sequor
596 427 768 512 inceptum,
791 422 888 492 nichil
911 423 1113 510 oppositurus
1135 422 1287 508 ineptum.

453 541 591 628 Corpore
613 542 678 608 iam
701 560 820 628 sospes,
844 539 950 608 animo
972 557 1031 604 uec
1052 537 1219 621 languidus
1243 537 1356 624 hospes

407 657 579 744 discipulus
603 658 665 724 dici
687 658 835 742 dignatur
857 663 889 725 ot
911 675 979 723 esse
1002 653 1164 735 Thedrici3

338 794 385 839 iro
407 774 578 840 rethoricos
601 772 693 840 flores
715 773 881 858 vanosque
903 771 1033 855 legendo
1057 769 1187 853 colores,
1307 761 1312 774 ’

407 891 631 974 grammaticus
653 889 722 956 fieri
743 889 926 972 logicnsque
947 887 1072 954 loborat
1093 885 1212 954 hebeti.

408 1005 466 1072 His
488 1006 590 1072 trihus
611 1006 761 1089 intentus,
785 1011 835 1072 set
856 1023 919 1070 nou
944 1003 983 1070 nd
1006 1001 1266 1085 cingulotenus,

408 1141 565 1207 quemque
587 1121 693 1188 colens
716 1126 849 1207 purtem,
873 1118 977 1184 decuit
999 1138 1056 1184 ceu
1078 1117 1234 1203 quelibet·
1257 1121 1367 1182 ortem.

454 1236 614 1324 Disputat,
638 1237 778 1324 opponit,
802 1235 915 1322 probet
937 1239 969 1300 et
991 1234 1149 1300 contrario
1171 1234 1271 1320 ponit„

340 1371 385 1418 uu
407 1354 502 1420 infert
524 1352 729 1434 concludeus;
752 1351 820 1418 fieri
844 1356 934 1418 curet
956 1350 1014 1416 hoc
1036 1349 1096 1416 sibi
1119 1349 1258 1436 prudens

408 1489 467 1535 neo
488 1468 565 1535 sinit
589 1469 716 1555 opponi,
741 1467 824 1552 quod
845 1469 988 1552 ineptum
1011 1465 1054 1532 sit
1075 1465 1193 1532 rationi

410 1584 553 1670 quodque
574 1585 750 1668 refragetur
771 1583 902 1667 logione,
925 1582 975 1648 rel
997 1583 1092 1649 inune
1113 1563 1273 1668 probetur.

455 1699 511 1766 Set
532 1719 633 1785 neque
655 1700 843 1766 rethoricam
864 1719 1011 1782 renuens,
1035 1696 1194 1764 Ciceronis
1216 1695 1360 1776 emicem,

410 1816 517 1882 rethor
540 1821 572 1882 et
595 1821 710 1898 oretur,
733 1815 878 1882 defensor
901 1820 933 1880 et
954 1813 1130 1896 insidiator,

344 1949 389 1997 roo
411 1931 506 1997 iudex
529 1935 562 1997 ot
581 1931 682 2014 testis,
706 1930 818 1997 studiis
840 1929 980 1996 intentus
1003 1929 1152 2012 honestis,

410 2067 478 2114 esse
500 2045 674 2113 lnhorchnt.
705 2045 901 2130 Cuusomque
924 2065 980 2112 suo
1004 2045 1148 2112 innobet

410 2163 540 2230 arbitrio
564 2161 697 2244 discens,
718 2161 791 2227 huic
814 2161 1033 2228 convenientia
1054 2161 1199 2242 miscens,

410 2299 516 2346 eornm
538 2279 664 2344 doctore
687 2277 860 2360 distingeus
887 2276 982 2343 verbo
1003 2274 1107 2342 colore

409 2393 543 2480 fictoque
566 2393 741 2460 verborum.
777 2391 905 2458 Geritur
928 2413 979 2460 ree
1002 2393 1112 2458 ordine
1135 2411 1268 2474 morum,

299 2559 303 2564 -
344 2531 389 2576 roe
411 2531 451 2577 ne
474 2516 549 2576 tunc
572 2508 732 2590 turbetur,
755 2527 826 2576 cum
849 2509 932 2576 seria
954 2528 1050 2575 ceusu
1071 2513 1223 2575 mouetur.

455 2625 498 2692 Et
520 2625 594 2710 quin
615 2645 666 2691 ree
688 2625 793 2708 grecis
817 2629 879 2708 est,
903 2625 982 2692 hone
1005 2645 1071 2691 rem
1095 2623 1255 2710 predicere
1278 2621 1326 2686 fos
1350 2624 1415 2698 cst;

411 2762 485 2809 nom
508 2745 758 2824 contestentur,
782 2742 836 2825 qui
857 2741 1032 2808 rethoricae
1054 2739 1257 2821 famulentur,

410 2877 577 2925 causarum
596 2877 714 2940 genere
735 2857 798 2924 trin
818 2853 909 2924 suut¹
930 2859 965 2924 in
985 2857 1042 2924 lite
1064 2873 1183 2938 severa,

412 2975 593 3060 quaesatio
616 2992 667 3040 ers
690 2973 824 3040 hominis
848 2974 983 3040 secernit
1005 2973 1038 3038 in
1061 2971 1169 3040 ordine
1192 2969 1272 3038 finis.

343 3107 389 3155 rso
411 3088 528 3156 Rethor
551 3089 652 3172 onim,
676 3108 783 3154 uerum
807 3107 943 3175 pensons
966 3089 1111 3156 examine
1134 3105 1248 3168 rerum,

412 3205 466 3290 qui
488 3210 639 3292 precepto
661 3205 772 3286 dubet,
797 3203 875 3271 heco
898 3205 943 3270 ric
966 3223 1023 3290 pro
1046 3203 1108 3270 tine
1131 3201 1278 3268 vccohnt:

412 3321 602 3388 iudiciale
625 3341 746 3404 genus
769 3341 899 3403 causae,
922 3320 1004 3404 quod
1028 3319 1175 3386 abhorret
1196 3337 1323 3406 Quoue,

385 3509 387 3514 A
412 3437 496 3522 quod
518 3442 592 3502 tunc
615 3442 782 3520 tractetur,
805 3455 876 3504 num
898 3435 994 3504 iudex
1016 3436 1065 3501 ius
1086 3435 1273 3513 meditatnr3

413 3552 786 3636 demonstrativum,
810 3552 893 3637 quod
916 3550 953 3618 iit
974 3551 1160 3637 quandoque
1182 3550 1339 3632 nonnum,

346 3687 390 3734 rso
412 3668 472 3736 hcc
494 3667 578 3734 tornb
601 3674 772 3752 tractetur5
792 3687 862 3734 oum
886 3665 1129 3751 demonstrando
1151 3665 1312 3753 probetur,

414 3785 536 3872 premio
558 3789 720 3852 censentes
743 3789 832 3850 notet
854 3789 909 3850 eut
930 3803 1027 3870 penos
1049 3789 1233 3850 statuentes.

135 3925 281 4020 cerroorp-
414 3900 497 3968 Hinc
520 3920 633 3968 eonem
655 3921 753 3984 genus
776 3907 842 3984 est,
866 3900 953 3968 cuiue
975 3919 1040 3966 non
1062 3900 1251 3968 conveniens
1273 3904 1322 3966 est

150 3991 240 4036 mum
376 4065 396 4098 n
418 4051 541 4111 quemlihet
557 4055 647 4098 comio
664 4051 764 4112 quelibet
779 4052 830 4098 cori.
907 4051 929 4097 b.
950 4063 1001 4096 ouur
1017 4051 1069 4096 cod.
1147 4064 1166 4096 e.
1188 4049 1359 4096 deliberativum
1375 4052 1398 4096 r'rr
1411 4065 1474 4094 aar·

295 4125 355 4195 giu
368 4133 445 4190 poenit
460 4147 539 4178 mecm
555 4132 642 4178 eudem.

374 4235 399 4290 1.
424 4233 528 4289 Auctor
546 4235 581 4289 od
599 4235 763 4290 Herennium
778 4233 847 4288 112:
869 4235 950 4304 „This
968 4239 1032 4289 sunt
1049 4249 1151 4304 genero
1168 4249 1321 4304 cenarum,
1339 4249 1410 4303 quoe
1427 4247 1472 4288 re·

303 4321 393 4392 cipere
407 4321 601 4379 debetorutor:
621 4323 872 4393 demonstrativum,
892 4321 1107 4392 deliberativum,
1125 4322 1252 4378 iudiciale
1260 4321 1283 4378 ⁸.
1311 4320 1352 4377 Oi.
1366 4323 1409 4376 Ex
1420 4321 1472 4376 Ini-

304 4409 363 4464 dori
380 4411 447 4479 orig.
460 4409 529 4465 libro
547 4412 668 4467 seeundo
686 4427 729 4482 ep.
749 4413 827 4467 Helm
845 4411 979 4467 Rhetorcs
996 4412 1074 4466 latini
1090 4411 1209 4466 minores
1227 4413 1288 4481 507,
1300 4411 1362 4466 508.
