3164 4842
311 283 379 350 474
715 303 832 353 assero
854 305 881 352 s.
898 304 1071 353 normann

313 449 346 510 st
372 443 523 512 ssduoens
550 445 611 529 ita,
628 487 631 504 ι
646 451 682 512 ut
709 467 789 534 pene
816 447 1028 514 venerandum
1056 447 1231 535 prinoipem
1257 445 1406 512 Karolum
1432 447 1466 512 in

312 559 443 626 eandem
465 561 697 628 simulationem
720 563 903 632 adduxerat.
993 563 1083 631 Unde
1104 564 1222 632 fastum
1245 568 1304 646 est,
1326 568 1362 629 ut
1382 562 1466 628 dom·

310 695 370 742 nus
387 675 577 760 Bouitaoius,
599 679 759 762 ingeniose
781 680 952 748 ealliditate
974 681 1041 746 sius
1063 685 1239 766 oonspoota,
1262 679 1363 746 suasit
1383 679 1467 765 prin·

309 792 384 880 sipi,
405 798 442 859 ut
464 797 589 860 oarsret
609 794 675 860 eius
698 815 855 862 venenosa
876 795 1031 881 oolloquia
1052 797 1119 862 sive
1141 795 1312 878 eonsortia3
1336 793 1411 879 quia
1429 793 1467 862 ob

309 909 441 994 peounio
469 911 648 995 avaritiam,
678 912 760 996 qaod
782 911 898 979 Paulus
920 912 1086 999 ydolorum
1108 906 1308 978 servitutem¹
1328 910 1469 977 nomina·

308 1023 365 1105 rit,
388 1025 418 1090 ei
440 1025 565 1092 assidue
585 1027 776 1094 ooherebat·.
812 1027 946 1095 Karalus
969 1035 1076 1096 tamen
1097 1028 1151 1115 pia
1173 1027 1294 1093 monita
1315 1025 1469 1093 ausoulta·

309 1139 397 1221 bath
422 1140 501 1208 alter
522 1141 556 1208 in
579 1162 637 1208 sua
659 1145 786 1210 vesania
807 1145 1008 1232 perdurabat
1022 1225 1029 1238 ·
1043 1143 1221 1211 Novissime
1242 1147 1348 1210 tamen
1371 1143 1470 1210 Karo-

308 1254 371 1339 lus,
395 1257 458 1322 iam
481 1257 582 1324 dotus
605 1257 807 1326 altereatione
829 1279 955 1344 eorum,
977 1261 1138 1348 permisit,
1167 1264 1204 1326 ut
1225 1261 1386 1344 utrimque
1408 1259 1470 1326 dis-

308 1372 464 1459 potando,
487 1374 556 1458 quis
579 1394 653 1441 rere
674 1373 748 1442 fidei
771 1375 870 1442 oultor
893 1396 1001 1443 eorum
1025 1382 1124 1461 esset,
1148 1375 1335 1442 ostenderet.

395 1488 479 1574 Ergo
502 1494 620 1557 statuto
643 1489 705 1575 dia,
728 1509 797 1557 oum
821 1493 961 1578 perferre
984 1511 1057 1558 suas
1080 1493 1252 1560 sententias
1274 1492 1309 1558 in
1330 1491 1469 1558 medium

307 1603 496 1691 debuerunt,
524 1607 634 1674 eadem
661 1611 752 1674 noete
781 1609 830 1674 vir
852 1608 912 1676 Dei
940 1609 974 1676 in
1001 1609 1142 1695 sompnis
1163 1609 1312 1695 putabat,
1342 1627 1376 1674 se
1402 1625 1471 1674 oum

306 1725 397 1788 tauro
424 1721 597 1810 palestrare
625 1727 658 1791 et
679 1723 846 1791 ooniraotis
867 1725 1010 1811 utrisque
1032 1725 1193 1807 oornibus3
1223 1745 1295 1791 sum
1317 1724 1374 1791 tali
1400 1741 1471 1790 oon·

304 1837 425 1906 ieotura
458 1839 665 1924 ooguososbst
697 1841 849 1927 superari.
896 1839 988 1908 llaue
1023 1846 1127 1908 antem
1158 1841 1257 1925 faoto,
1296 1839 1472 1907 suadebant

304 1953 393 2022 illum
422 1955 473 2023 sui
500 1956 606 2023 olerioi
627 1955 688 2022 Lul
716 1961 749 2023 et
770 1955 997 2040 Megingaudus
1026 1977 1084 2023 neo
1111 1977 1174 2024 non
1204 1962 1236 2024 et
1259 1955 1396 2041 Sturmi,
1425 1955 1472 2022 uti

304 2089 376 2138 oum
404 2071 460 2139 tali
490 2067 609 2159 gypsa'
631 2071 806 2159 disseptars
829 2072 1013 2139 desinerett
1058 2073 1103 2139 At
1124 2073 1178 2139 ille
1201 2073 1379 2160 sompnium
1406 2073 1471 2140 eius

304 2207 463 2273 maerens,
487 2189 583 2254 dixit:
608 2191 717 2255 Maior
739 2201 792 2270 est,
817 2192 875 2275 qui
894 2191 930 2254 ἐπ
947 2191 1038 2255 nobis
1052 2203 1172 2276 repeat,
1197 2211 1293 2276 quom
1308 2192 1367 2276 qui
1378 2190 1472 2258 illam

300 2307 450 2391 possidet.
540 2303 583 2372 Et
615 2304 721 2370 statim
756 2304 790 2370 ln
824 2305 1042 2388 oougrsssions
1077 2304 1243 2372 locutionis
1271 2303 1471 2372 sdversarius

304 2421 405 2486 viotus
428 2420 575 2486 ooniusus
598 2424 768 2504 sanotoque
789 2421 935 2503 traditus,
960 2420 1043 2506 apud
1065 2419 1270 2505 Moguntiam,
1293 2425 1329 2486 at
1351 2421 1470 2504 dieunt,

304 2534 493 2620 degradatus
517 2540 574 2602 est.
608 2533 651 2602 Et
671 2535 785 2603 exinde
808 2535 959 2602 Vuldsnsi
982 2537 1173 2603 monestede
1195 2536 1376 2621 translatus,
1402 2555 1471 2602 aar·
1573 2551 1574 2614 j

304 2651 385 2719 esris
406 2651 596 2719 obscuritate
610 2651 766 2736 danuam,
791 2652 844 2718 diu
859 2653 1013 2738 longeque
1028 2659 1159 2720 vexatus
1175 2659 1231 2720 est.
1299 2653 1351 2720 Ad
1365 2659 1471 2720 extre·
1573 2649 1574 2656 ’

304 2787 391 2835 mum
419 2768 516 2836 miser
544 2769 598 2836 ille
624 2768 732 2853 fugam
760 2769 847 2853 iniit,
876 2775 909 2836 st
935 2767 1032 2836 niohil
1059 2769 1144 2836 abad
1172 2769 1211 2835 ad
1234 2769 1385 2836 uiatioum
1410 2769 1472 2836 nisi

304 2889 428 2952 tautum
444 2905 541 2952 uuam
556 2885 701 2970 caligam,
725 2884 850 2972 plenam
866 2885 996 2970 nuolsis,
1020 2905 1126 2952 seoum
1141 2883 1222 2952 tulit.
1257 2883 1301 2952 Et
1315 2885 1361 2952 sio
1376 2905 1471 2953 ourso

303 3005 395 3068 tenus
418 3000 557 3068 fluminis
579 2999 678 3069 Fuide
700 3001 867 3068 nesoieudo
890 3002 1030 3083 errabat3
1061 3006 1092 3067 et
1118 3001 1230 3068 inoidit
1255 3003 1289 3067 in
1312 3001 1470 3086 subulcos,
1573 3079 1574 3082 Ἴ

303 3118 358 3202 qui
385 3095 481 3185 etiam
511 3138 581 3185 eum
605 3117 786 3184 oooiderunt
808 3117 1024 3204 spoliaverunt
1044 3117 1200 3202 lignisque
1222 3115 1410 3200 obruerunt3
1441 3121 1473 3185 st

302 3231 354 3298 hio
375 3231 447 3299 finis
471 3233 586 3301 erroris
609 3234 676 3301 eius
699 3234 812 3299 extitit.
849 3233 1055 3320 ultraneus,
1079 3253 1172 3318 quem
1193 3233 1331 3300 rodendo
1347 3234 1386 3300 de
1402 3253 1472 3301 oar·
1573 3263 1574 3292 z

303 3348 384 3415 oeris
405 3346 525 3415 lamina
546 3367 604 3415 sua
626 3349 748 3436 pandad
764 3351 1010 3436 conspioaverat,
1032 3353 1267 3435 transportatum
1284 3348 1322 3414 ad
1337 3347 1471 3433 Mo'gun-

302 3463 397 3547 tiam;
419 3463 526 3549 ibique
548 3464 602 3531 diu
625 3485 721 3552 supra
743 3469 878 3551 portam,
902 3485 963 3550 que
979 3463 1117 3532 duoitad
1133 3461 1283 3532 Senatum
1298 3463 1471 3550 Albanum,
1573 3533 1574 3536 ,

302 3599 360 3667 pro
382 3579 535 3648 miraoulo
556 3579 792 3648 transeuntibus
815 3586 847 3647 et
868 3580 1091 3678 aspioientibus
1114 3599 1284 3666 suspensus
1307 3585 1363 3648 est
1573 3567 1574 3576 ¹

357 3757 535 3837 Qualiter
564 3760 726 3827 domnus
755 3760 967 3848 episeopus
997 3759 1042 3827 ob
1071 3759 1275 3848 penuriam
1304 3759 1413 3828 verbi

457 3875 583 3942 divini
609 3875 775 3972 feminas
803 3875 849 3942 de
877 3895 945 3942 sua
972 3881 1087 3960 gente
1114 3876 1312 3944 invitavit.

392 4001 495 4068 Tanta
516 4001 633 4068 etenim
654 4000 754 4067 lamas
776 3999 882 4067 divine
903 4001 1127 4088 predicationis
1150 4001 1318 4070 orientales
1339 4001 1471 4071 obsede-

302 4120 368 4201 rat,
396 4115 442 4184 ita
468 4122 504 4183 ut
532 4115 637 4183 nullm
664 4116 820 4202 presbiter
846 4122 934 4184 trans
963 4115 1080 4184 flumen
1104 4116 1269 4186 Wisaraba
1296 4125 1381 4187 esset
1404 4117 1470 4184 nisi

374 4271 395 4305 s.
415 4257 538 4306 oboembet
552 4275 572 4304 ι.
633 4258 656 4305 b.
678 4258 805 4306 monitabat
819 4275 838 4304 a
902 4271 922 4306 e.
941 4259 1052 4306 desinirst
1067 4277 1087 4306 a
1149 4259 1172 4307 d.
1191 4263 1234 4308 sic.

374 4345 398 4398 l.
422 4343 522 4415 Ephes.
534 4345 560 4414 5,
573 4344 605 4400 5:
626 4359 754 4415 ,avarus
772 4343 846 4414 quod
864 4346 1058 4403 estidolorum
1077 4345 1227 4404 serumst.
1299 4349 1325 4402 2.
1344 4346 1466 4418 dipsade,

302 4435 437 4501 amana.
