3148 4846
459 303 647 351 urmronnn
669 303 897 352 moeusrrsnn
921 303 951 350 aa
1223 287 1288 354 359

209 442 289 510 Cum
313 445 402 512 nebia
426 445 626 530 andquorum
648 451 776 533 patrum
798 445 995 532 praeeipiant
1015 445 1164 512 instituta
1184 445 1233 514 bis
1255 446 1288 514 in

120 579 201 626 anno
225 559 387 644 generalia
408 560 567 628 celebrare
590 561 737 647 eoncilia,
760 561 877 628 bonum
900 567 933 629 et
953 561 1031 630 nole
1053 561 1132 627 mibi
1154 562 1289 646 videtur,

119 680 155 741 ut
176 675 355 742 huiusmodi
378 677 534 744 institutio
557 679 674 744 nostris
697 677 892 764 temporibus
915 677 1027 744 saltem
1050 676 1148 744 semel
1170 697 1289 744 annua-

118 792 177 858 tim
212 792 319 858 minus
346 792 532 877 negligatur.
571 793 654 860 Nam
684 793 808 878 quaudo
835 791 1092 881 praedecessores
1122 794 1223 860 nostri
1251 793 1290 861 de

119 894 259 974 eoneilii's
281 907 434 976 faciendis
456 907 624 993 vigilanter
646 909 808 993 curabant,
832 909 950 976 multae
969 910 1101 976 viantes
1124 909 1159 975 in
1181 914 1292 977 saneta

118 1025 267 1109 eeclesia,
296 1025 387 1112 quasi
414 1027 448 1090 in
476 1025 639 1091 iuventute
668 1046 738 1109 sue,
766 1023 886 1092 fertiles
915 1030 947 1091 et
972 1023 1128 1092 floriferae
1149 1025 1290 1107 fueraut3

118 1162 200 1227 quae
222 1161 315 1226 nune,
339 1141 420 1228 proh
442 1139 542 1224 dolor,
564 1147 696 1227 propter
718 1139 804 1207 illius
826 1141 950 1208 senium
970 1146 1003 1207 et
1017 1137 1194 1207 sensatam¹
1209 1161 1290 1228 pene

117 1258 265 1324 redaetae
293 1262 367 1324 sunt
392 1257 426 1322 in
455 1257 592 1322 einerem
623 1261 655 1322 et
681 1255 832 1322 lavillm.
873 1255 936 1323 Sed
964 1276 1019 1324 our
1047 1255 1133 1323 illius
1152 1255 1290 1344 inerepo

117 1377 327 1457 seneetutem,
359 1391 428 1438 eum
458 1378 599 1438 noemam
628 1372 734 1458 petius
756 1373 920 1459 inerepare
943 1372 1088 1440 deberem
1112 1373 1288 1457 segnitiem.

117 1487 207 1556 lllius
231 1491 313 1568 enirn
337 1509 413 1556 veae
435 1487 551 1554 dieitur
573 1507 632 1575 per
653 1488 857 1575 prophetam:
881 1489 1038 1556 Vetuetam
1050 1490 1202 1575 fecerunt
1218 1489 1289 1577 pet

118 1607 178 1672 tem
200 1601 330 1671 meam'.
364 1603 429 1671 Nos
452 1624 526 1688 ergo
550 1609 677 1670 sanotae
701 1603 850 1672 ecelesiae
866 1605 957 1691 pellie
973 1625 1092 1690 sumus,
1116 1605 1170 1691 qui
1185 1625 1290 1672 saera·

117 1727 227 1788 menta
253 1719 339 1787 illius
366 1725 398 1786 et
419 1719 581 1804 religionis
604 1719 836 1788 observantiam
860 1719 1081 1807 amplectimur
1103 1726 1136 1788 et
1156 1721 1290 1788 ciream·

117 1836 247 1918 damus3
272 1855 366 1921 quam
388 1835 502 1923 pellem
525 1836 597 1923 ipse
619 1836 705 1903 dolet
726 1842 759 1903 et
780 1836 920 1921 loquitur
934 1837 1024 1904 vieiis
1040 1837 1157 1903 nostris
1171 1837 1290 1904 laeam

2 2002 4 2014 l
114 1952 215 2019 fuisse
238 1957 405 2035 vetustam,
430 1952 589 2037 quianon
613 1953 727 2038 espieit
749 1953 782 2018 in
805 1951 906 2036 nobis,
931 1972 1025 2037 quam
1041 1951 1167 2038 aspexit
1183 1953 1217 2018 in
1232 1973 1288 2039 pa·

115 2068 219 2136 tribus
241 2067 393 2135 virtutum
416 2067 683 2155 pulchritudinem
707 2067 842 2134 solitam.
877 2067 977 2151 Unde,
1001 2067 1168 2135 karissime
1189 2069 1290 2137 stater

117 2189 151 2252 et
172 2184 313 2268 domine,
343 2183 548 2250 fflseadamus
570 2203 628 2250 uos
651 2203 668 2250 e
691 2183 820 2270 pulvere
842 2183 990 2270 pigritiae
1011 2189 1155 2267 nestrae,
1178 2203 1288 2269 surge-

115 2321 189 2366 mus
215 2319 312 2387 oeyus
335 2321 445 2366 somne
467 2299 678 2384 negligentiae
701 2305 747 2385 et,
778 2299 853 2385 quia
875 2305 1002 2367 sanotae
1025 2300 1175 2368 ecelesiae
1196 2300 1288 2388 pellis

117 2435 238 2501 sumus,
261 2436 449 2484 renovemur
470 2415 558 2482 velut
580 2417 704 2501 aquilae
725 2417 887 2484 iuventute
909 2417 1045 2484 virtutis.

207 2531 275 2599 Hau
298 2531 337 2599 de
360 2551 455 2599 eausa
477 2553 547 2599 eum
570 2533 721 2600 fratribus
743 2532 860 2599 nonnis
882 2531 1006 2599 deerevi
1029 2538 1060 2599 et
1082 2533 1189 2618 statui,
1212 2551 1288 2600 eon·

115 2650 226 2716 venire
255 2667 313 2714 nos
341 2649 374 2714 in
403 2649 557 2714 nnumin
580 2649 689 2732 vigilia
711 2648 903 2716 ascensionis
925 2644 1073 2715 Domini⁸
1095 2649 1129 2714 iu
1151 2648 1219 2716 loeo
1242 2649 1288 2716 vi·

117 2765 189 2832 eino
219 2765 274 2851 qui
302 2764 417 2831 dieitur
440 2761 600 2830 Hosteti“
623 2763 713 2831 iuxta
734 2763 877 2848 Magum,
905 2770 942 2831 ut
963 2764 1108 2831 omnibus
1131 2765 1234 2831 eordis
1257 2770 1290 2832 et

117 2881 218 2948 animi
241 2880 361 2948 viribus
385 2899 586 2946 oeeurramns
603 2887 730 2947 emotae
746 2883 857 2948 matris
873 2880 1022 2948 ecelesiae
1036 2880 1286 2947 necessitatibus.

206 2997 342 3064 Proinde
365 3017 438 3063 vero
462 3015 603 3062 seorsum
626 2997 719 3082 eupio
741 3015 781 3062 er
804 3001 858 3063 tuo
881 3002 1137 3081 caeterorumque
1152 2996 1286 3064 fratrum

115 3119 298 3181 amborum
325 3111 456 3179 oonsilio
485 3111 619 3178 diseere:
650 3111 688 3178 de
715 3111 871 3196 legatione
893 3112 976 3179 sedis
999 3111 1189 3199 apostolieae
1212 3111 1286 3197 quid

115 3231 258 3297 faoturus
280 3229 351 3296 sim.
386 3227 477 3311 Quia,
500 3227 582 3294 sieut
605 3230 698 3294 antea
719 3228 778 3295 tibi
800 3247 858 3315 per
880 3228 1047 3315 epistolam
1069 3247 1173 3294 meam
1195 3247 1286 3296 man-

116 3346 207 3430 dari,
242 3365 281 3412 ex
311 3344 468 3412 delatione
497 3343 780 3410 anathematizatae
808 3339 941 3410 Imme'⁸
969 3339 1178 3430 apostolieus⁶
1206 3343 1286 3410 mibi

114 3461 283 3528 interdixit
304 3467 433 3528 ornans
456 3459 575 3547 primos
598 3459 762 3544 dignitatis
785 3479 882 3526 meae.
917 3459 994 3526 Inde
1016 3479 1102 3544 vero,
1124 3477 1196 3528 eum
1211 3479 1285 3527 eon·

115 3577 244 3662 gradior
276 3597 400 3644 meeum
433 3576 468 3642 in
495 3575 688 3644 conscientia
716 3595 802 3659 mea,
837 3576 979 3642 naseitur
1006 3575 1085 3642 mihi
1113 3575 1284 3643 eonaolatio

116 3713 257 3775 summa3
281 3692 430 3761 sedeam
454 3694 589 3776 intueor,
613 3691 687 3776 quid
711 3689 781 3758 eliis
803 3691 905 3778 possit
927 3692 1063 3776 evenire,
1087 3692 1115 3760 si
1136 3691 1222 3758 istud
1235 3692 1285 3758 in·

116 3810 293 3876 discussum
316 3815 382 3876 tam
405 3807 496 3874 labile
521 3807 653 3891 labitur,
676 3825 781 3874 meror
802 3807 880 3874 mibi
904 3807 1052 3874 continuo
1074 3825 1207 3892 magnus
1231 3808 1285 3875 ob-

116 3927 227 3994 oritur.
263 3915 363 4009 Unde,
387 3924 535 4011 quoniam
559 3945 667 3990 omnes
689 3943 797 3990 sumus
820 3922 937 4011 inpulsi
960 3924 1135 4009 adrasum,
1158 3924 1285 3991 nonfu-

190 4135 211 4170 ι.
232 4121 327 4170 Hastati
343 4122 387 4176 ed„
403 4139 460 4168 corr.
477 4121 615 4169 canorem
630 4123 653 4167 ia
669 4120 766 4168 Hastati.
844 4119 866 4166 b.
888 4119 957 4166 Imma
972 4123 1056 4180 sergeri
1067 4136 1110 4180 pro
1126 4119 1150 4166 in
1166 4133 1202 4166 ma
1218 4119 1254 4166 ad.

189 4229 213 4283 1.
232 4225 274 4283 (tf.
288 4227 333 4282 Pa.
347 4227 389 4295 70,
403 4227 445 4281 18.
534 4227 560 4281 2.
580 4223 679 4280 Threai
697 4226 723 4294 3,
736 4225 766 4280 4:
787 4227 945 4295 „vetustam
963 4222 1030 4280 feeit
1046 4224 1143 4295 pellem
1162 4221 1283 4278 meam“.

116 4317 143 4371 e.
170 4317 203 4371 13
215 4315 279 4371 llail
293 4317 370 4371 1024.
459 4315 486 4370 4.
510 4313 624 4370 Hbohet
713 4313 739 4369 ὃ.
763 4314 823 4368 sive
840 4313 1046 4384 Irmengardae‚
1064 4311 1158 4367 uxoris
1176 4310 1283 4369 Ottoais

118 4404 225 4461 eomitis
242 4403 525 4462 Hammersteinausis.
615 4403 640 4460 6.
663 4402 830 4458 Benedlotus
842 4401 916 4458 vlu
1271 4403 1274 4410 ’

1344 455 1413 511 1024

1299 532 1352 576 unta
1368 529 1457 576 lamus
