3090 4848
308 315 336 363 a.
352 315 528 364 somnum
550 317 594 363 nr
617 315 719 363 cuum
740 313 929 363 srmuousn
953 314 983 361 uo
1106 297 1112 306 '
1168 295 1231 362 141

66 456 140 538 Qun
163 461 247 522 arim
268 458 443 544 aliqnando
467 459 682 546 apaetoloram
704 471 761 523 aet
783 457 912 543 quilibet
930 469 1110 522 eandorem
1125 479 1163 522 aa
1178 477 1232 521 ca·
1266 463 1319 518 745

62 574 146 660 pillis
170 577 236 638 aare
259 587 317 639 aut
337 575 466 660 manlia
487 597 548 661 pro
570 575 750 640 scamnalia
758 574 893 660 ¹populeo
909 574 1094 653 tmbuaunt,
1118 585 1155 638 ut
1175 575 1233 638 iste
1252 535 1341 583 Μ

62 691 231 775 tumideque
255 702 284 755 ot
301 693 501 776 perniciosae
524 713 617 776 aymo
639 701 768 756 conatae
785 703 830 754 eet
845 689 1058 754 Aldcbertae'.
1096 687 1161 754 Sed
1175 688 1233 753 boo

62 807 156 870 coelae
179 831 202 870 a
223 819 326 871 oestro
354 819 462 873 ennato
490 806 668 893 apostolatu
697 818 742 870 ost
769 807 987 884 resecandam,
1017 818 1082 869 tam
1110 805 1149 868 de
1175 803 1232 868 illo

63 943 217 1008 quamque
240 925 334 987 etiam
362 924 400 987 de
428 935 657 1008 transareeeore
680 919 848 1001 Clemente,
880 922 937 1006 qai
963 941 1070 984 sacros
1099 941 1233 984 oaoooee

62 1041 180 1124 spernit
210 1050 305 1123 atque
333 1036 575 1124 expositionem*
604 1049 785 1103 sanctornm
808 1049 940 1123 ¹patrum
968 1035 1133 1100 Ambrosii
1161 1035 1232 1100 Aa·

61 1156 196 1238 ommni,
226 1167 258 1219 et
284 1167 455 1220 adanorum
482 1157 604 1240 respuit
625 1156 710 1218 dicta
728 1165 921 1218 cunctatam.
970 1149 1036 1218 Sed
1066 1154 1123 1217 o'sti
1143 1154 1233 1216 iao-ta

56 1271 152 1354 sactae
188 1281 218 1335 et
250 1271 550 1356 tramareeeionibae
583 1273 666 1334 saie·
689 1271 820 1356 dianam
842 1270 1018 1354 saecipiant
1040 1271 1231 1333 sententiam.

63 1383 229 1451 Zacharias
252 1385 470 1452 sanctissimus
495 1405 532 1451 ac
553 1384 755 1452 beatissimus
784 1402 870 1469 papa
899 1382 998 1448 dixit:
1029 1383 1114 1464 Quia
1142 1384 1234 1449 bodio

63 1505 123 1566 mm
144 1503 273 1568 tardior
294 1501 374 1567 bora
397 1515 450 1583 est,
474 1515 603 1568 emtore
627 1503 811 1581 commando,
836 1503 930 1564 edam
953 1502 1163 1585 consororem
1184 1501 1232 1563 oi-

63 1631 123 1684 am
146 1631 175 1683 et
199 1621 382 1698 orationem,
408 1641 504 1704 qaam
525 1619 588 1684 eibi
610 1620 762 1704 eapoeuit,
787 1615 837 1681 vel
858 1628 959 1682 cetera
982 1636 1063 1702 qaae
1078 1615 1231 1695 utebatur,

63 1736 134 1799 dem
160 1734 254 1800 nabab
281 1734 394 1799 relecta
411 1735 555 1820 suerint,
586 1735 745 1800 communi
767 1755 935 1812 comatae,
965 1733 1121 1797 mediante
1150 1731 1232 1811 Deo,

64 1853 138 1936 qaid
151 1852 232 1934 fieri
254 1850 376 1932 debeat,
397 1851 658 1937 pertractandam
682 1862 735 1915 eet.

146 2080 183 2147 ln
214 2079 342 2146 nomine
371 2079 491 2146 domini
518 2079 579 2146 Dei
607 2084 639 2146 et
673 2078 840 2144 saluatoris
873 2077 974 2144 nostri
1004 2076 1075 2143 Iesu
1104 2074 1232 2143 Christi.

64 2195 240 2284 imperante
268 2194 384 2261 domno
411 2195 554 2281 piissimo
582 2199 714 2279 augusto
738 2193 962 2261 Constantinod
992 2211 1105 2275 magno
1133 2193 1235 2278 impe-

64 2319 163 2379 ratore
187 2331 272 2378 anno
295 2313 356 2396 26,
384 2316 458 2398 post
479 2311 677 2378 consulatum
700 2312 767 2379 eius
791 2330 873 2378 anno
897 2311 933 2394 b,
963 2328 1072 2375 mense
1095 2305 1234 2389 Octobri,

63 2429 110 2494 die
125 2431 180 2513 25,
204 2427 378 2494 indictione
396 2429 445 2492 14.
536 2427 746 2494 Praecedente
769 2426 969 2493 sanctissimo
993 2445 1029 2494 ae
1053 2423 1234 2491 beatissimo

64 2544 175 2612 domno
205 2543 358 2612 Zacharia
386 2563 471 2629 papa
498 2544 531 2609 in
560 2543 752 2630 patriarchio
780 2541 1008 2625 Lateranense,
1041 2540 1075 2606 in
1104 2539 1236 2606 basilica

66 2681 140 2746 quae
164 2659 345 2747 appellatur
368 2657 539 2740 Theodori3
563 2657 803 2725 consedentibus
828 2659 924 2724 etiam
946 2675 1018 2722 cum
1041 2674 1077 2722 eo
1102 2655 1235 2721 sanctis-

65 2777 148 2843 simis
176 2775 335 2862 episoopis
363 2773 544 2861 Epiphanio
573 2773 661 2840 Silva
688 2774 845 2858 Candida,
874 2771 1044 2840 Benedicta
1067 2771 1234 2854 Nomento,

66 2891 217 2959 Vcnautio
240 2891 401 2974 Penestre,
426 2889 576 2973 Gregorio
592 2889 776 2976 Portucnsc,
799 2890 912 2957 Niceta
926 2887 1045 2972 Gabiis,
1070 2886 1234 2954 Theodoro

66 3007 210 3092 Ostensa,
242 3007 390 3074 Gratioso
417 3005 588 3088 Vilhtrias3
626 3027 681 3074 seu
709 3006 940 3074 venerabilibus
968 3003 1169 3093 presbiteris,
1200 3001 1234 3068 id

66 3132 108 3191 est
139 3125 282 3192 Iohanne
320 3123 600 3210 archipresbitero,
638 3121 807 3206 Gregorio,
840 3121 1017 3208 Stephano,
1053 3121 1130 3186 item
1164 3120 1233 3185 Ste-

64 3241 180 3326 phano,
213 3239 395 3323 Dominico,
420 3238 598 3323 Theodoro,
627 3238 815 3324 Anastasio,
844 3237 994 3322 Georgia,
1020 3235 1145 3320 Sergio,
1169 3235 1234 3302 Ior-

65 3357 173 3440 danns,
198 3353 317 3440 Mons,
339 3355 416 3422 item
437 3353 552 3439 Leone,
577 3353 739 3441 Gregorio,
764 3353 935 3442 Stephano,
957 3351 1135 3435 Eustathio,
1158 3349 1235 3416 Pro-

66 3474 149 3560 copio
174 3477 272 3558 atque
295 3471 509 3558 Theophanio.

146 3588 346 3675 Praepositis
374 3587 408 3653 in
435 3587 539 3654 modio
568 3588 777 3654 saerosanctis
812 3583 1001 3669 euangeliis,
1037 3583 1235 3651 adstantibus

1 3765 2 3768 ,
66 3727 183 3792 quoque
208 3704 393 3772 diaconibus
416 3703 465 3770 uel
488 3709 599 3770 cuncto
623 3702 717 3788 clero,
741 3701 911 3787 Gregorius
934 3701 1076 3766 notarius
1091 3701 1236 3784 regiona-

1 3845 2 3874 ἲ
65 3823 126 3889 rius
148 3829 181 3890 et
205 3819 447 3888 numenculator
470 3819 566 3886 dixit:
592 3821 689 3887 Iaota
703 3821 800 3885 aaran·
814 3821 918 3884 sancti
932 3818 1125 3904 apoaalatas
1139 3839 1235 3904 prae·

66 3945 248 4027 monem,
285 3961 382 4024 qaam
410 3941 444 4002 in
473 3941 641 4024 promerito
672 3937 837 4002 scandendo
865 3937 1018 4014 tarmen,
1047 3934 1237 3999 Deaeardas

1 4141 2 4162 ἦ
67 4057 231 4143 releoioeaa
253 4055 409 4142 presbiter
431 4056 519 4119 adeat
530 4075 613 4140 pree
626 4053 704 4118 celo.
741 4051 828 4133 Quid
837 4050 1049 4138 praecipitia?
1107 4047 1235 4114 Dictum

1 4177 2 4182 ’
70 4177 123 4237 oet:
148 4173 366 4259 Inaradiatar.
456 4167 598 4253 Cumque
619 4168 781 4252 ingressus
804 4169 897 4249 esset,
920 4164 1088 4231 Zacharias
1104 4162 1237 4229 sanctis-

133 4363 153 4395 a
172 4348 327 4396 hldebcrotns
344 4348 370 4394 C.
446 4345 470 4392 b.
491 4345 645 4406 expositiones
662 4347 688 4393 c.
764 4357 783 4391 a.
805 4359 862 4390 carr.
879 4346 901 4390 ιἰι
917 4343 980 4389 iuxta
995 4341 1055 4388 iacta
1070 4342 1094 4387 et
1108 4343 1236 4399 transgres·

1 4496 2 4499 Ἴ
71 4426 138 4475 tianae
153 4443 207 4476 anas
223 4431 250 4477 C.
332 4425 355 4472 d.
376 4423 453 4473 aDao
469 4427 577 4472 coronato
593 4426 706 4474 saridim
721 4425 816 4472 eidam.
