3144 4852
287 333 352 399 678
531 350 728 397 emersuram
750 349 951 397 onnomoorr
974 348 1208 397 noeonmnum

355 565 550 674 Venerabili
572 607 656 694 patri
679 607 806 673 domino
822 607 1015 673 Theoderico
1038 606 1144 674 abbati
1167 614 1200 674 et
1220 606 1370 674 fratribus
1393 605 1460 671 Lu·

287 722 415 789 dovieo·
444 724 562 810 priori,
596 722 756 806 lohannr,
785 721 951 810 Rudolpbo
979 721 1207 807 sacerdotibus,
1241 723 1459 790 Christianus·

286 839 467 926 presbyter,
499 838 670 926 episeopali
692 839 819 906 nomine
840 839 1004 923 indignus,
1033 840 1149 922 gaudia
1170 839 1278 906 eleotis
1300 839 1361 905 Dei
1384 844 1459 904 ante

285 955 396 1022 muudi
419 955 549 1022 exordia
571 961 760 1042 praeparata
769 952 786 1020 ¹.

376 1071 486 1138 Solent
514 1069 689 1158 plerunque
717 1091 768 1136 res
797 1070 871 1136 olim
899 1076 1022 1154 gestae,
1050 1071 1078 1136 si
1105 1071 1232 1157 seriptis
1255 1089 1317 1136 non
1339 1069 1461 1136 fuerint

286 1187 541 1270 oommendatae,
565 1187 611 1253 sio
633 1185 799 1252 oblivionis
823 1185 999 1252 eonouleari
1023 1186 1118 1273 pede,
1149 1193 1184 1252 ut
1205 1185 1294 1252 nulla
1315 1186 1354 1252 de
1377 1187 1460 1271 ipsis

286 1323 306 1368 a
328 1304 466 1390 posteris
489 1304 642 1368 memoria
664 1301 831 1384 habeatur3
855 1322 926 1368 oum
949 1307 1055 1368 tamen
1079 1322 1187 1368 earum
1210 1302 1328 1368 noticia
1352 1307 1461 1387 posset

284 1417 367 1483 forte
395 1419 463 1485 fore
493 1418 563 1485 aliis
590 1438 686 1484 eausa
714 1417 854 1484 cautelae
877 1423 909 1484 et
930 1418 1174 1484 instrumentum
1197 1416 1350 1484 euadendi
1373 1417 1460 1504 peri-

285 1511 356 1599 eula
378 1534 428 1600 vel
451 1535 582 1601 vitandi.
661 1534 750 1613 Quod
765 1535 793 1600 si
807 1553 870 1600 non
886 1534 937 1618 sit,
962 1534 1072 1600 saltem
1089 1533 1264 1618 legentibus
1280 1539 1313 1598 et
1328 1533 1459 1599 audian-

285 1649 369 1716 tibus
399 1651 516 1716 tediam
546 1649 676 1717 tollitur.
716 1648 801 1714 Dum
829 1670 867 1715 ea
896 1649 1094 1732 transierint,
1129 1648 1174 1714 eis
1203 1649 1294 1734 quasi
1321 1649 1460 1733 quedam

284 1767 430 1832 recentia
452 1771 669 1833 renaseuntur.
702 1763 793 1832 Unde
814 1763 860 1849 lit,
884 1771 920 1831 ut
943 1786 982 1832 ex
1005 1765 1064 1830 boe
1086 1765 1120 1830 in
1142 1764 1384 1831 admirationem
1400 1765 1458 1830 da-

285 1888 397 1950 oantur
419 1881 470 1949 vel
492 1888 664 1969 stuporem,
688 1881 738 1947 vel
760 1886 845 1948 eerte
868 1881 907 1947 ad
931 1881 1087 1968 passionis
1110 1880 1261 1964 gemitum
1284 1899 1459 1966 prouoaen-

285 2003 346 2064 tur.
439 1997 621 2085 Scripturas
644 1998 751 2082 itaque
774 1997 863 2064 vobis
886 1998 1040 2063 iacturam
1063 2003 1095 2062 et
1118 1998 1370 2083 oppressionem,
1395 2017 1458 2082 qua

286 2113 377 2180 annis
399 2114 465 2180 iam
488 2120 613 2181 eentum
636 2114 721 2200 oepit
741 2133 832 2180 ruere
855 2111 987 2180 eeclesia
1000 2113 1261 2196 Magantinensis,
1285 2113 1386 2200 ipsius
1409 2113 1457 2178 in-

285 2249 362 2295 voco
385 2230 537 2314 gratiam,
566 2230 654 2296 ouius
678 2250 729 2312 ea,
760 2249 839 2315 quae
866 2230 1016 2296 sustinuit
1038 2235 1070 2295 et
1092 2228 1194 2295 adhue
1216 2230 1371 2296 sustinere
1393 2249 1457 2295 non

284 2344 380 2411 desiit
408 2345 509 2430 mala,
536 2346 653 2412 iudicio
682 2351 731 2411 est
758 2365 919 2432 oppressa.
955 2346 1068 2430 Igitur,
1098 2350 1134 2411 ut
1156 2345 1223 2411 eius
1246 2345 1457 2412 miserabilior

285 2461 449 2528 calamitas
473 2481 568 2546 quam
591 2461 711 2548 patitur
733 2466 765 2527 et
787 2459 920 2527 flebilior
942 2459 1113 2546 eluoeseat,
1137 2463 1241 2550 prius,
1265 2461 1378 2546 quibus
1401 2461 1457 2526 bo·

285 2577 414 2644 neribus
438 2577 580 2661 claruitl,
604 2576 717 2663 quibus
741 2576 859 2642 divitiis
883 2581 914 2643 et
936 2577 1097 2644 omatibus
1121 2579 1238 2644 referta
1257 2578 1362 2660 luerit,
1386 2597 1456 2644 sue-

286 2695 387 2762 einote
411 2698 443 2761 at
464 2693 602 2761 breviter
626 2693 841 2759 disseremus.

375 2809 478 2876 Erant
499 2810 545 2877 ibi
567 2829 780 2897 purpurarum
803 2811 1036 2896 praetiosarum
1059 2815 1167 2876 tantae
1189 2809 1308 2896 copiae,
1332 2813 1369 2874 ut
1391 2808 1456 2875 die·

286 2925 345 2992 bus
367 2925 489 2992 festivis
512 2932 614 2993 totum
637 2926 872 3009 monasterium,
896 2945 965 2991 eum
991 2925 1033 2992 sit
1054 2925 1276 3009 tam‘longum
1298 2924 1455 3009 etlatum,

286 3042 476 3109 intrinsecus
507 3047 680 3126 tegeretur,
710 3047 743 3107 et
769 3047 874 3108 tamen
904 3041 1006 3107 adhue
1033 3043 1265 3128 superfuerunt.
1354 3040 1457 3108 Erant

286 3159 408 3245 tapetia
430 3165 462 3224 et
485 3153 651 3242 dorsalia',
674 3159 756 3223 mira
778 3158 921 3244 picturae
936 3158 1089 3224 varietate
1104 3157 1263 3241 distinata
1287 3177 1366 3242 quae
1382 3178 1451 3244 ope

287 3275 331 3340 ris
355 3273 528 3341 subtilitate
556 3279 588 3340 et
613 3273 847 3360 pulchritudine
878 3273 999 3338 animos
1028 3275 1218 3340 intuentium
1248 3273 1456 3340 admiratione

287 3390 495 3458 delectabant.
530 3389 660 3456 Praeter
681 3389 743 3456 ista
767 3394 857 3456 erant
880 3394 911 3456 et
934 3387 1006 3473 alia,
1031 3410 1110 3474 quae
1131 3410 1226 3476 super
1240 3391 1455 3477 pavimentum

287 3507 399 3594 templi
435 3511 467 3572 et
499 3526 628 3573 scamna
662 3512 693 3573 et
721 3525 826 3572 eoram
855 3504 1007 3572 altaribus
1036 3506 1265 3572 sternebantur.
1355 3503 1455 3571 Erant

287 3623 391 3711 pallae
415 3622 563 3690 altarium
587 3642 662 3689 auro
685 3623 826 3688 intextae
847 3622 1038 3708 praetiosae.
1077 3622 1162 3688 Inter
1185 3642 1262 3708 quas
1285 3628 1350 3688 tres
1367 3628 1455 3689 eraut

287 3741 484 3829 praecipuae,
509 3757 642 3824 quarum
663 3758 727 3803 una
750 3737 975 3805 aestimabatur
997 3757 1089 3824 posse
1112 3737 1217 3804 valere
1238 3757 1361 3804 mareas
1384 3758 1453 3804 een·

359 3923 381 3956 a.
404 3907 555 3956 0.Ludorieo
570 3907 607 3952 ed.
685 3906 706 3952 b.
727 3906 788 3954 Ioan.
804 3909 840 3954 ed.
919 3921 938 3954 e
960 3907 984 3953 0.
1001 3908 1044 3962 ed,
1061 3907 1202 3954 christianus
1219 3910 1243 3954 Τ.
1321 3907 1344 3954 d.
1365 3926 1394 3954 aa
1410 3908 1454 3954 ale

288 3990 373 4038 mariti
452 4003 472 4034 a.
492 3987 591 4034 audiatis
608 3989 632 4032 T.
709 3985 725 4033 f.
746 3989 791 4033 lam
806 3989 890 4047 scripsi
901 4004 944 4045 pra
959 3989 1035 4034 &men
1050 3988 1086 4034 ed.

289 4099 319 4151 et
341 4093 458 4150 eoeleeia
478 4091 663 4162 multiplieiter
681 4088 813 4146 afflictat
841 4089 1022 4161 Boehmerus,
1047 4105 1109 4146 eum
1127 4091 1198 4146 hane
1215 4090 1334 4146 ebroniel
1351 4095 1455 4161 partum

290 4200 309 4238 a
329 4185 405 4238 uitae
422 4180 606 4236 Arnoldiauae
631 4181 762 4250 scriptore
785 4193 847 4233 esse
869 4179 1058 4248 arbltraretun
1083 4179 1197 4235 eandem
1216 4193 1251 4236 ex
1268 4181 1327 4235 vita
1344 4179 1458 4236 Amoldi

290 4271 319 4324 in
342 4269 487 4324 ebronioou
505 4269 715 4325 Christianlnum
739 4269 899 4322 translatam
923 4283 985 4323 essa
1008 4281 1061 4322 uon
1079 4271 1154 4323 reete
1171 4269 1286 4323 censuit.
1316 4267 1357 4323 Gi.
1375 4283 1458 4340 supra
1563 4271 1564 4308 l

291 4374 319 4427 μ
332 4357 569 4498 wlnodum.
583 4445 626 4513 aa,
639 4445 683 4500 ee.
773 4445 798 4500 a.
823 4444 919 4498 amaea
935 4443 1078 4514 paneam.
