3144 4852
365 311 563 360 casurum
584 309 786 358 ouaosnoos
808 309 1044 359 uocuunmum
1219 291 1284 357 689

116 451 317 537 quaerebant
352 451 419 519 Iam
447 452 554 536 ignem
581 450 621 518 ad
650 449 790 520 officinae
819 451 1037 518 admovebant
1074 449 1136 517 Vix
1159 455 1284 518 etcum
1312 457 1383 512 1160

115 567 216 634 multa
237 565 421 636 difficrultate
443 569 588 636 monachi
612 589 770 638 recessum
789 567 1002 635 obtinuerunt.
1069 565 1113 633 Et
1128 565 1203 634 dum
1218 585 1284 634 mo·
1302 530 1392 578 m

115 683 299 768 nestorium,
321 683 408 750 fumo
430 684 558 770 plenum
581 684 790 771 flammisque,
814 705 871 770 per
891 683 1057 750 circuitum
1077 688 1284 770 premeretur,

115 798 184 886 ipss
206 799 344 885 praesul,
367 801 480 866 turrim
503 803 686 868 monasterii
706 800 887 885 ascendens,
910 798 1159 866 misericordiam
1173 798 1285 885 depre-

116 919 205 982 catur
228 919 274 999 et,
304 915 448 1000 siquem
471 915 652 984 offendisset
672 917 769 985 serbo
792 916 842 984 vel
865 917 965 1000 facto,
993 915 1229 1007 satisfacturum
1251 935 1285 982 se

116 1029 300 1117 suppliciter
322 1031 497 1119 pollicetur.
533 1033 596 1102 Sed
618 1033 722 1117 turba,
746 1034 813 1100 viso
836 1031 1000 1120 pontifice,
1023 1030 1159 1100 clamare
1182 1029 1287 1115 coepit

115 1146 248 1231 furiose,
277 1167 336 1214 uec
362 1153 510 1235 poterant
532 1149 740 1236 supplicantis
763 1149 860 1216 verba
880 1169 958 1236 prae
980 1146 1118 1215 tumultu
1139 1147 1285 1214 turbatae

115 1262 227 1329 turbae
248 1263 383 1350 intelligi
405 1265 455 1332 vel
478 1265 590 1332 audiri.
625 1265 688 1333 Sed
711 1265 837 1332 admoto
860 1264 933 1347 igne
956 1264 997 1330 ad
1018 1264 1144 1348 turrim,
1166 1264 1200 1329 in
1222 1282 1286 1349 qua

116 1377 236 1464 stabat,
264 1379 371 1466 ipsum
400 1380 439 1448 de
467 1382 549 1448 turri
571 1381 759 1450 descendere
782 1379 1020 1466 compellebant.
1054 1379 1199 1446 Flamma
1220 1379 1285 1446 iam

115 1495 306 1562 monasterio
330 1495 518 1563 dominatur.
604 1497 722 1565 Videns
745 1517 829 1581 ergo,
852 1495 1023 1563 monachos
1046 1495 1175 1562 obtenta
1197 1515 1285 1562 secu·

115 1610 210 1677 ritate
239 1611 421 1697 abscedere,
449 1618 567 1698 tentat,
597 1614 624 1680 si
652 1615 734 1680 torte
762 1618 794 1679 et
815 1613 884 1699 ipse
907 1632 980 1679 oum
1002 1611 1048 1678 eis
1071 1617 1103 1678 et
1124 1611 1208 1677 intcr
1232 1631 1285 1678 eos

116 1727 217 1812 possit
253 1727 394 1795 evadere.
434 1729 608 1816 Assumpto
635 1729 743 1815 itaque
772 1728 880 1795 habitu
908 1727 1098 1810 monastico,
1135 1725 1285 1793 occidtari

116 1846 233 1928 tentat,
263 1849 298 1911 ut
327 1849 359 1912 ct
388 1845 494 1928 ignem
523 1846 577 1931 qui
605 1845 783 1913 invaluerat
805 1849 837 1911 ot
859 1843 998 1928 gladium
1021 1842 1170 1910 evaderet
1191 1862 1284 1928 quem

115 1959 256 2027 timebat
289 1960 420 2047 Apertis
443 1961 593 2028 ecclesiae
616 1962 734 2046 valvis,
757 1980 830 2027 cum
852 1958 1014 2026 monachis
1036 1959 1103 2026 fere
1126 1957 1284 2026 abscesse-

115 2079 175 2142 rat.
211 2075 274 2142 Sed
296 2095 316 2141 a
338 2076 474 2162 quodam
497 2083 546 2144 est
567 2077 710 2162 cognitus
733 2081 766 2144 et
780 2077 925 2144 demutas
940 2074 1060 2142 infelix.
1151 2073 1285 2152 Quidam

115 2191 218 2277 primo
241 2191 380 2275 gladium
403 2191 530 2260 vibrans
554 2192 633 2260 collo
651 2192 792 2280 episcopi
808 2191 973 2258 immersit
1006 2190 1108 2275 Alter,
1130 2189 1164 2257 in
1181 2190 1285 2257 bonta

115 2307 182 2373 eius
210 2308 388 2394 percutiens
417 2329 582 2393 mucrone,
612 2308 652 2375 ab
676 2329 751 2375 aure
774 2327 873 2392 usque
896 2307 935 2373 ad
959 2327 1067 2374 aurem
1090 2307 1285 2394 superiorem

115 2429 239 2508 partem
267 2425 381 2511 capitis
410 2424 451 2491 ad
480 2425 611 2491 inferius
640 2425 757 2490 divisit
800 2423 913 2510 Sisque
942 2429 1046 2490 actum
1077 2428 1139 2508 est,
1168 2428 1204 2489 ut
1231 2422 1286 2489 alii

114 2539 226 2624 contis,
250 2541 304 2607 alii
327 2540 478 2625 fustibus,
502 2539 556 2607 alii
578 2540 702 2626 gladiis,
728 2539 782 2608 alii
804 2540 963 2627 lapidibus
988 2551 1076 2608 eum·
1100 2544 1285 2624 mactantes,

114 2655 181 2721 solo
204 2660 296 2723 tenus
319 2656 573 2743 praecipitarent.
666 2657 823 2724 iacentem
848 2657 893 2723 sic
916 2661 948 2722 et
969 2655 1150 2722 vulneribus
1167 2661 1198 2722 et
1213 2675 1285 2722 san·

113 2771 209 2856 guine
232 2773 441 2840 deformatum
463 2773 574 2855 vulgus
596 2793 732 2858 nequam
756 2777 788 2839 et
809 2791 993 2859 perversum
1014 2771 1153 2838 restibus
1168 2770 1285 2857 spolia-

113 2893 198 2954 runt
234 2887 366 2968 Quidam
391 2889 500 2956 anulos
523 2889 563 2954 de
577 2887 684 2972 digitis
701 2887 907 2955 abstulerunt.
941 2885 1103 2971 Reliquiae
1118 2886 1283 2972 quaedam,

114 3026 193 3090 quas
221 3004 300 3072 collo
329 3005 502 3093 pendentes
531 3003 642 3072 solitus
670 3009 739 3072 erat
764 3003 862 3087 terre,
891 3001 932 3070 ab
960 3001 1030 3069 aliis
1053 3007 1128 3068 sunt
1150 3001 1282 3070 ablatae.

112 3118 181 3187 Hoc
203 3125 309 3187 autem
332 3122 416 3188 circa
437 3121 548 3188 boram
569 3140 697 3204 nonam,
720 3139 833 3206 parum
856 3124 930 3186 ante
944 3137 1101 3205 resperas,
1124 3123 1199 3184 sunt
1213 3097 1284 3205 per-

113 3241 194 3303 acta
262 3235 327 3304 Nec
349 3243 496 3324 poterant
518 3236 624 3304 clerici
647 3237 686 3304 ab
709 3235 787 3323 ipsis
810 3233 1063 3302 malefactoribus
1087 3233 1283 3318 aliquatenus

112 3351 266 3437 obtinere,
289 3359 325 3420 ut
346 3353 459 3420 saltem
482 3353 602 3421 occisus
624 3353 659 3419 in
681 3351 748 3419 loco
771 3351 949 3418 traderetur
970 3350 1075 3417 debito
1091 3349 1281 3436 sepulturae.

113 3467 167 3536 Sic
195 3488 268 3552 ergo
298 3469 422 3538 iacebat
450 3470 484 3536 in
513 3490 623 3557 campo
652 3489 747 3556 super
769 3467 886 3534 fossam
910 3467 1062 3552 civitatis,
1091 3465 1146 3534 ubi
1169 3487 1282 3534 canum

112 3589 146 3652 et
166 3584 313 3670 luporum
335 3586 488 3652 transitus
511 3585 700 3666 habebatur;
726 3584 948 3669 desiderantes,
973 3603 1045 3650 eum
1068 3589 1101 3650 et
1120 3582 1159 3650 ab
1174 3582 1283 3651 huius-

110 3701 199 3768 modi
222 3701 330 3769 bestiis
354 3702 507 3768 devorari.
599 3701 713 3768 Tribus
736 3701 845 3768 diebm
869 3701 914 3767 sic
937 3699 1039 3766 nudus
1062 3703 1128 3766 toto
1152 3719 1283 3787 corpore
1302 3711 1350 3758 un.
1359 3711 1450 3759 ²4-26

110 3837 254 3902 maneus,
278 3818 409 3885 veniunt
432 3817 555 3903 aliquae
579 3817 765 3884 maledictae
786 3817 940 3902 feminae,
969 3835 1131 3884 caseorum
1154 3821 1187 3883 et
1209 3835 1283 3882 ovo-

109 3953 184 4001 rum
207 3939 301 4020 atque
324 3934 444 4001 olerum
466 3934 665 4020 conditrices,
689 3934 899 4018 mercatrices,
921 3932 1112 4016 meretrices,
1135 3932 1283 4016 saxisque

110 4050 222 4118 dentes
252 4049 409 4137 pontificis
440 4051 658 4117 contuderunt
699 4049 792 4116 Aliae
821 4070 895 4115 vero
925 4049 1049 4134 stipites
1079 4047 1223 4114 ardentes
1251 4053 1284 4115 et

110 4166 240 4234 titiones
266 4167 424 4234 fumantes
453 4167 520 4234 eius
548 4165 668 4250 gutturi
696 4165 882 4247 infixerunt3
915 4164 1085 4231 adicientes
1112 4162 1229 4247 linguis
1251 4169 1284 4231 et

110 4281 205 4349 labiis
227 4280 404 4350 maledictu.
492 4281 570 4350 Post
592 4283 676 4351 diem
699 4283 828 4350 tertium
850 4281 993 4348 canonici
1014 4279 1148 4348 Sanctae
1161 4279 1283 4348 Mariae
1298 4295 1388 4346 renas

184 4439 206 4472 a.
227 4439 278 4471 eum
294 4425 386 4472 addidi.

156 4509 235 4562 Jurrs'.
251 4513 394 4557 Bibliotheca
409 4511 446 4556 ΙΙΙ.
1032 4509 1069 4564 44
