3176 4846
329 311 410 360 virs
434 311 587 360 ARNOLDI
611 311 870 360 sncnmrrecorr
892 311 1087 360 uouuurrru
1225 293 1290 360 683

122 453 251 522 collaria
272 453 455 537 clibanario,
479 459 622 521 extrema
642 454 841 541 prestiterat·
864 453 1002 520 civitatis
1024 453 1161 520 conditio
1169 453 1191 520 ⁵.
1221 453 1291 520 iliis
1310 461 1379 517 1159

121 570 220 654 igitur
241 569 375 654 iniungis
398 570 571 638 ullusve·
593 569 707 636 castis
728 568 786 636 filii
800 568 939 654 blangoti
961 569 1107 636 instructi
1130 579 1202 636 oum
1225 571 1291 637 suis
1320 535 1370 583 ⁰⁶²

122 685 275 753 militibus
303 693 414 754 contra
440 687 621 773 episcopum
651 686 873 773 properabant
963 684 1098 752 llilitosd
1120 705 1194 753 voro
1224 685 1291 773 epi·

122 803 225 889 scopi,
250 823 289 868 er
313 803 443 870 adverso
465 802 650 870 fortunatos
666 801 860 870 —habebut
882 802 966 869 onim
989 807 1151 869 sexcentos
1174 799 1291 870 militas

6 945 8 954 ’
122 923 155 986 et
177 939 213 985 eo
237 919 388 1005 amplius,
417 920 534 1006 optime
559 918 708 985 lomentos
730 923 763 986 et
785 937 894 985 omnes
916 918 949 983 in
973 919 1068 984 armis
1089 918 1290 1003 fortissimos,

122 1033 240 1119 absque
263 1034 326 1102 alia
348 1034 527 1102 admirabili
549 1034 808 1102 multitudine-
824 1035 858 1100 in
874 1055 927 1102 eos
942 1034 1077 1101 mansius
1093 1033 1290 1118 affectabant,

122 1155 156 1218 et
177 1151 343 1237 repentino
365 1152 399 1216 in
422 1151 508 1238 ipsos
530 1152 651 1217 irruere
673 1149 820 1218 interitu·
844 1155 875 1216 et
897 1169 961 1217 uuo
983 1151 1103 1237 impetu
1126 1169 1179 1216 eos
1195 1151 1290 1217 truci-

122 1266 207 1333 dure.
243 1265 398 1346 Quoniam
413 1265 537 1351 vulgus,
559 1266 660 1332 omnis
675 1267 775 1333 forme
790 1267 931 1351 inermis,
946 1265 1038 1334 facile
1054 1272 1122 1333 erat
1136 1267 1170 1332 in
1184 1267 1291 1351 fugam

122 1383 272 1450 converti.
303 1382 365 1449 Sed
381 1383 513 1450 domnus
529 1383 704 1470 episcopua,
724 1401 856 1469 parcere
869 1381 1065 1450 multitudini
1078 1382 1197 1467 volens,
1213 1403 1292 1470 pau·

120 1499 220 1586 lisper
240 1501 274 1566 in
298 1519 395 1565 unum
420 1519 473 1566 eos
494 1499 630 1566 faciebat
645 1499 824 1567 subsistere.
892 1497 936 1565 Et
950 1499 1087 1582 fuerunt,
1111 1500 1165 1585 qui
1179 1501 1292 1566 utrim-

122 1615 197 1701 que‘
230 1620 359 1702 paetum
394 1615 590 1682 iaciendum⁸
623 1615 827 1702 susciperent
882 1613 943 1682 llth
973 1614 1012 1680 ad
1045 1615 1105 1681 hoc
1137 1616 1291 1703 composi·
1323 1607 1326 1616 '

121 1731 217 1798 tionis
253 1731 435 1799 calculum':
471 1731 572 1818 quodk
599 1731 685 1797 inira
716 1731 895 1817 quindecim
930 1731 998 1797 dies
1032 1734 1086 1796 aut
1120 1732 1291 1798 secuudum

121 1849 256 1934 gratiam
277 1847 328 1914 vel
342 1847 497 1914 iustitium
513 1848 628 1915 domno
644 1849 791 1935 episcopo
807 1847 989 1914 satisfacere
1003 1847 1162 1915 deberent
1190 1846 1292 1915 Erant

121 1965 207 2032 enim
229 1965 365 2032 maiores
389 1969 421 2031 et
442 1963 657 2031 honestissimi
681 1963 741 2030 viri
764 1969 857 2049 terro,
881 1963 993 2048 quibus
1009 1962 1086 2030 satis
1102 1963 1290 2031 credendum

120 2081 235 2148 iuerat

211 2195 282 2263 Hiis
304 2196 351 2262 ita
373 2194 551 2281 dispositis,
575 2193 803 2263 inevitabiliter
824 2195 973 2279 msuoat,
997 2200 1033 2262 ut
1053 2195 1145 2262 iuxta
1167 2195 1291 2263 condio·

121 2313 203 2380 tum¹
225 2311 473 2396 wirciburgensi
497 2307 663 2400 episcopo¹
681 2311 909 2395 Selinginstat'
931 2311 966 2378 iu
988 2311 1161 2378 martiuum
1184 2331 1291 2379 ocour-

121 2433 222 2513 reret,
252 2433 288 2496 ut
315 2429 344 2495 ei
367 2427 462 2495 simul
485 2433 517 2494 et
538 2447 669 2495 manum
690 2431 723 2494 et
743 2427 993 2496 benedictionem
1015 2429 1192 2514 imponeret
1212 2447 1289 2515 pon-

121 2543 259 2613 tificutus
283 2550 314 2613 et
335 2542 565 2630 plenitudinem
588 2545 756 2612 ministerii
779 2544 942 2612 conferret.

210 2659 358 2727 Protinus
373 2681 458 2745 ergo,
475 2666 511 2728 ut
525 2661 658 2728 domnus
673 2660 934 2748 metropolitanus
950 2661 989 2726 de
1004 2659 1132 2727 civitate
1146 2679 1290 2744 egressum

120 2777 235 2860 inerat,
257 2775 315 2860 illi,
338 2783 432 2863 rupto
447 2777 563 2863 fodere,
586 2776 704 2844 violata
718 2776 790 2860 fide,
812 2777 912 2844 tracto
928 2775 1093 2844 concordie
1108 2775 1199 2860 bono,
1217 2795 1291 2844 con·

120 2893 192 2960 fuso
214 2893 324 2978 lacque
346 2894 506 2978 nefasque,
529 2893 722 2959 unanimiter
743 2911 815 2958 oum
835 2897 901 2959 toto
917 2891 1044 2978 populo,
1069 2891 1182 2976 quibus
1197 2897 1291 2958 antea

121 3009 353 3094 indulgebatur,
375 3009 507 3076 immani
528 3013 561 3076 et
574 3007 728 3092 sacrilega
743 3007 874 3076 audacia
888 3007 989 3094 ipsam
1007 3008 1134 3074 domum
1150 3007 1289 3092 Domini,

122 3125 285 3194 eudociam
309 3125 429 3194 scilicet
451 3126 600 3192 maiorem
609 3121 630 3210 ²,
653 3129 690 3190 ut
710 3124 750 3191 ab
763 3125 836 3210 ipsa
848 3123 1002 3210 inciperet
1014 3123 1176 3209 iudicium,
1200 3143 1290 3191 occu-

120 3248 278 3332 paverunt
294 3247 496 3310 armaverunt
512 3247 545 3308 et
559 3239 844 3309 incmtellaseruut
880 3239 1043 3307 Eleorum
1059 3237 1161 3326 altari,
1184 3259 1290 3308 corum

121 3379 233 3427 mensa
246 3359 385 3443 Domini,
409 3357 463 3426 ubi
485 3358 614 3443 sanguis
638 3363 671 3424 ot
691 3376 805 3444 corpus
820 3357 950 3424 Domini
970 3355 1143 3441 conficitur,
1165 3356 1219 3423 ubi
1234 3358 1290 3425 do·

120 3476 236 3543 minice
263 3475 422 3563 passionis
450 3475 625 3542 misterium
648 3479 927 3557 commemoratur,
956 3472 1131 3540 cilicinam·
1153 3473 1291 3560 impudi-

120 3593 205 3678 citie,
228 3596 261 3659 et
282 3590 524 3660 abhominabilis
538 3590 710 3677 voluptatis
728 3590 901 3674 laounam⁰,
925 3591 1187 3675 meretricumque
1200 3589 1291 3676 lupa·

121 3731 191 3793 nar,
207 3713 239 3776 et
251 3707 503 3776 immundissime
518 3707 642 3774 luxuria
657 3707 814 3791 scottique
828 3708 971 3775 facerunt
982 3703 1200 3793 prostibulum.
1224 3703 1291 3772 Er·

118 3825 205 3910 inde,
227 3823 481 3908 tractatoribus,
504 3827 745 3910 prorumpentes
760 3823 793 3889 in
809 3823 946 3890 orarium
960 3824 1061 3911 ipsius
1078 3821 1217 3907 ecclesie,
1234 3821 1290 3890 ubi

194 4007 214 4040 ι
234 3995 361 4054 praestant
377 3994 399 4038 1.
464 3991 486 4040 b.
508 3988 622 4039 modiatio
639 3993 660 4039 1.
728 4005 747 4039 c.
767 3991 896 4053 talibusque
913 3993 935 4038 2.
1002 3991 1023 4038 d
1045 3992 1111 4038 milas
1127 3993 1149 4038 2.
1217 4005 1236 4037 a.
1259 4010 1289 4038 aa

118 4075 229 4123 insumul
290 4073 306 4120 i.
326 4075 512 4134 utrumquem
574 4085 595 4130 g.
617 4075 708 4133 pactum
723 4072 851 4119 iaciendum
862 4074 946 4131 scripsi
952 4087 994 4130 pro
1004 4071 1089 4118 indum
1099 4069 1224 4132 pmandnm
1236 4071 1289 4128 1,².

119 4155 144 4202 b.
165 4153 306 4202 deduxerunt
321 4167 369 4200 rem
384 4154 496 4201 excidisse
511 4153 606 4199 viduor.
683 4153 699 4199 i.
720 4153 806 4200 calculo
821 4155 843 4200 2.
915 4151 938 4199 l.
958 4152 1049 4212 qnidam
1066 4153 1087 4198 2.
1158 4149 1289 4197 lconduc-

119 4239 168 4282 tam
184 4236 206 4281 2.
313 4247 342 4282 m,
363 4231 506 4291 Soligsnstad
522 4234 544 4279 2.
652 4245 675 4280 n.
696 4231 795 4280 cilicium
811 4235 838 4290 l,
855 4234 883 4291 ²3
906 4232 1019 4280 officinam
1035 4233 1128 4278 conteis
1143 4232 1288 4278 Gennanates.

120 4329 143 4362 ο.
163 4314 266 4366 henum
282 4315 365 4372 ocrim
375 4330 418 4372 pro
434 4313 528 4362 lucmr
544 4313 603 4369 1‚2

193 4421 218 4474 1.
242 4417 371 4473 Heinrico
383 4417 417 4472 11.
507 4418 532 4472 2.
557 4415 585 4472 S.
597 4415 714 4472 Mutat.
