3110 4844
325 261 391 328 296
528 276 749 344 snorrmaru
764 269 814 326 ‘su
836 277 938 326 nuum
960 277 1146 328 nersronsu
1170 279 1283 326 laa.1so

166 427 306 484 sco—rso
413 419 554 488 Litterae
576 421 772 488 auctoritatis
795 423 878 506 tuae,
902 439 1074 505 quoscum
1097 421 1222 490 divinae
1240 424 1367 510 pietatis
1385 423 1463 492 studio

324 557 424 623 usquo
446 537 486 604 ad
508 556 566 602 nos
586 536 741 623 direxisti,
763 535 1012 604 laetificaverunt
1028 557 1080 604 me
1094 537 1194 606 valde.
1230 539 1311 618 Quia
1323 544 1368 624 to,
1388 541 1467 608 imbra

324 653 468 722 acesto
490 653 571 720 reris
594 651 738 738 inlectus,
761 652 909 720 ultimum
930 673 981 720 me
1005 653 1226 722 servunculum
1248 676 1404 724 servorum
1421 655 1469 722 lloi

324 791 396 840 cum
418 777 485 838 tem
507 790 623 858 magua
644 769 707 836 lide
730 770 828 836 divini
846 769 962 836 amoris
977 769 1231 858 saeculariaeque
1246 772 1404 856 dignitatis
1416 793 1470 838 mu·

323 909 400 956 nere
422 887 552 954 uisitare
575 886 722 970 dignatum
744 886 848 969 fuisti,
878 887 996 969 gratim
1020 906 1078 970 ago
1101 887 1186 969 Deo;
1216 893 1327 976 petens
1350 909 1415 955 oum
1433 888 1471 954 iu·

323 1004 421 1070 timae
443 1003 585 1071 caritatis
608 1002 780 1070 desiderio:
807 1006 844 1068 ut
865 1001 946 1068 fidus
968 1001 1075 1070 fautor
1096 1003 1175 1070 mihi
1196 1025 1254 1092 per
1275 1004 1472 1072 celsitudinem

323 1119 500 1186 sanctitatis
530 1123 603 1186 tuae
634 1138 741 1186 coram
763 1117 888 1184 Christo
911 1117 982 1185 lesu
1010 1119 1128 1186 existas
1157 1121 1191 1186 in
1219 1121 1344 1207 istoque
1369 1119 1473 1187 saeculo

323 1255 435 1303 serena
460 1239 566 1302 mente
595 1235 723 1302 amicus.
760 1233 795 1300 Si
822 1239 926 1304 rector
946 1255 1053 1304 rerum
1076 1237 1215 1304 omnium
1238 1238 1330 1304 iatius
1354 1237 1475 1306 uitaeiu

321 1351 442 1420 itenere
462 1371 514 1418 me
534 1349 658 1434 longius
679 1371 773 1438 super
794 1357 826 1416 te
846 1351 959 1420 sudare
974 1351 1142 1436 deiudicat,
1165 1351 1254 1440 ploro
1269 1353 1475 1436 indesinenter,

321 1486 475 1556 praecum
498 1487 569 1534 cum
592 1468 678 1534 omui
700 1471 829 1534 caterva
851 1488 931 1553 quoe
954 1467 1078 1534 Christo
1102 1468 1229 1536 domiuo
1252 1469 1310 1536 sub
1332 1490 1402 1538 mea
1417 1489 1477 1536 oon

322 1583 446 1650 dicione
469 1584 616 1668 deservit
641 1584 767 1650 divinae
789 1584 1025 1666 misericordiae
1048 1584 1166 1652 solacia
1187 1587 1313 1654 animae
1335 1591 1408 1654 tuae
1426 1586 1477 1652 lar·

322 1700 399 1784 giri3
422 1705 459 1766 ut
480 1707 516 1767 tu
539 1699 635 1768 simili
657 1700 751 1767 modo
776 1699 997 1767 aecclesiarum
1020 1706 1148 1768 tuamm
1170 1701 1312 1770 subsidia
1328 1704 1480 1790 mihipra-

321 1820 406 1884 stare
429 1815 617 1902 dignareris.
690 1816 777 1883 Haec
799 1837 922 1901 quoque
944 1817 1069 1886 modica
1090 1819 1285 1903 munuscula,
1308 1820 1344 1886 id
1367 1825 1415 1887 est
1433 1838 1481 1886 sax

320 1932 473 2017 boarum,
498 1931 633 2000 almitati
656 1937 729 1999 tuae
751 1933 859 2016 mitto;
884 1939 1009 2020 optans,
1032 1938 1067 2000 ut
1089 1941 1219 2022 accepta
1240 1937 1314 2002 sint
1385 1935 1481 2004 Omni-

320 2053 433 2136 potens
455 2048 542 2116 Deus
565 2048 753 2116 incolumem
777 2049 1004 2118 beatitudiuem
1026 2055 1113 2116 tuam
1137 2052 1302 2120 custodiat.

324 2377 410 2450 130.
430 2341 599 2446 Wicdertaa
623 2379 719 2444 abbae
735 2379 864 2444 Iollam
884 2383 1065 2468 episcopam
1086 2395 1295 2469 accrescentem
1309 2389 1437 2465 iamim,
1458 2395 1487 2450 at

430 2499 466 2562 a'a
487 2499 678 2562 monaaseso
702 2519 758 2562 auo
782 2506 933 2562 carduo&
1085 2495 1119 2578 (S
1136 2500 1189 2582 83,
1214 2496 1252 2565 W
1270 2501 1345 2584 120,
1371 2499 1486 2580 (3109)

159 2635 302 2692 'loo-teo
359 2630 392 2698 ·l·
407 2629 612 2698 Sanctissimo
636 2635 668 2696 et
691 2629 799 2697 aDeo
821 2650 946 2718 semper
969 2637 1152 2700 conseruato
1176 2632 1291 2700 domno
1311 2632 1409 2702 Lullo
1430 2635 1490 2720 spi·

320 2765 414 2833 scopo
426 2745 604 2844 Wicbertus
620 2765 729 2812 seruus
745 2767 906 2814 seruorum
924 2746 994 2829 Dei,
1012 2767 1203 2834 quamquam
1218 2750 1383 2836 indignus,
1399 2750 1491 2818 mou

319 2867 352 2932 et
374 2869 479 2931 vester
501 2865 537 2930 in
559 2863 704 2931 omnibus
722 2899 762 2910 -
780 2861 866 2930 Deus
890 2863 951 2929 scit
966 2900 1007 2910 —
1024 2863 1104 2932 bene
1126 2866 1255 2952 cupiens
1279 2871 1311 2933 et
1333 2865 1440 2934 tidelis
1462 2867 1492 2932 iu

318 2979 443 3046 uinculo
467 2979 608 3047 caritatis
632 2978 816 3064 conligatus.

357 3095 390 3162 ·1·
406 3095 559 3182 Suseepta
581 3099 687 3162 veroa
710 3095 875 3180 alcmonia,
899 3101 1010 3162 sancta
1030 3103 1144 3164 cuncta
1165 3101 1371 3184 congregatio
1389 3119 1494 3167 mena·

318 3212 448 3279 ohomm
470 3217 651 3279 nostrorum
673 3230 731 3297 pre
754 3232 810 3277 vos
834 3212 974 3296 singulos
997 3213 1164 3300 spalterios
1183 3214 1320 3282 Domine
1346 3217 1498 3284 decanta·

319 3333 447 3412 rerunt,
478 3333 510 3398 et
538 3328 715 3394 sacerdotes
744 3328 856 3412 quinas
884 3330 998 3396 missas
1024 3330 1168 3396 iecerunt
1188 3351 1246 3418 per
1268 3332 1437 3418 singulos:
1464 3335 1501 3398 ut

319 3443 408 3511 vobis
431 3443 587 3510 Dominus
616 3445 783 3532 pristinam
808 3445 976 3512 sanitatem
999 3446 1161 3514 tribueret
1200 3447 1244 3514 Et
1265 3447 1334 3514 diri
1359 3450 1406 3516 ad
1428 3449 1500 3516 illos

318 3565 425 3627 vestm
447 3558 618 3646 voluntate,
642 3561 797 3646 quomodo
820 3561 910 3628 nobis
933 3561 1119 3646 mandastis,
1142 3569 1178 3630 ut
1199 3563 1253 3656 hic
1271 3585 1331 3652 pro
1350 3571 1503 3654 tempore

319 3677 467 3744 devenire
494 3677 660 3744 iubebatis.
697 3676 760 3744 Sed
788 3697 896 3744 omnes
924 3691 1062 3746 consona
1084 3699 1147 3746 una
1170 3681 1337 3748 concordia
1361 3703 1503 3773 respou-

319 3793 448 3877 derunt,
472 3793 555 3878 quod
577 3798 687 3860 nostra
709 3793 854 3861 voluntas
877 3795 909 3860 in
933 3795 1077 3862 omnibus
1101 3802 1165 3882 est,
1191 3797 1291 3884 ipsius
1313 3797 1507 3868 infirmitati

319 3915 541 3995 compatescere
564 3915 597 3976 et
619 3911 700 3977 sicut
722 3909 887 3997 proprium
909 3909 1039 3978 fratrem
1062 3912 1108 3979 ita
1129 3913 1214 3980 eirca
1229 3913 1318 3981 illum
1335 3918 1438 3984 omni
1454 3936 1508 3984 ca-

319 4026 414 4094 ritate
436 4026 616 4113 inpendere.
653 4024 715 4092 Sed
737 4046 793 4092 vos
817 4026 927 4110 mode,
955 4028 982 4095 si
1005 4029 1117 4114 vultis,
1147 4031 1193 4096 sic
1215 4030 1322 4098 venire
1344 4035 1508 4118 potestis,

320 4143 475 4230 quomodo
497 4143 532 4208 in
554 4147 660 4208 vestm
681 4144 813 4230 propria
835 4163 922 4227 casa3
953 4150 985 4212 et
1007 4165 1064 4212 nos
1086 4145 1120 4212 in
1144 4145 1304 4230 omuibus,
1331 4147 1372 4213 in
1400 4169 1511 4235 quan·

319 4265 387 4326 tum
416 4277 600 4346 possumus,
631 4260 762 4327 caritate
790 4261 927 4350 pristina
956 4261 1100 4346 exigente
1123 4267 1226 4330 vestre
1248 4261 1404 4332 volumus
1430 4285 1512 4336 con·

391 4412 412 4452 a.
432 4417 462 4448 ιτ
479 4401 503 4448 7
515 4401 573 4450 oio.
595 4403 648 4450 Seu
663 4404 773 4455 immuta,
