3176 4846
320 329 400 378 vrrs
423 329 577 380 mouns
598 329 858 382 saomumsoorr
880 329 1078 380 uoouurmr
1213 313 1278 380 655

202 467 375 538 Celebratia
397 469 495 554 igitur
516 471 708 540 sauctiedmi
730 471 924 558 precursoris
946 472 1076 539 Domini
1098 491 1169 540 curn
1193 472 1278 540 omni
1307 481 1377 538 1160

113 583 278 652 devotione
300 605 337 652 ao
359 585 589 673 supplicatione
611 586 815 675 sollempniis,
839 587 1074 674 compositionis
1095 593 1278 676 procurato·
1294 555 1386 604 m

112 719 163 768 res
175 700 214 768 de
229 701 390 769 obsidibus
405 709 438 770 et
452 702 568 770 civium
583 703 796 770 sadalaotioue
811 703 938 770 domiuo
953 704 1146 771 referebant:
1163 705 1277 790 ipsos·,

112 822 239 900 agentes
262 816 375 903 super*
398 817 457 886 luoc
478 817 584 903 verbo,
606 824 759 886 tractasse
782 819 910 902 diutius,
934 823 966 886 et
986 819 1111 888 obsides
1126 839 1277 906 prepara·

111 937 161 998 tos
183 933 266 1014 lore3
290 932 346 1000 sed
369 932 507 1020 plebeios
531 940 563 1001 st
584 933 737 1017 ignobiles
753 953 877 1020 pueros,
901 934 1008 1021 quales
1024 935 1063 1002 de
1078 935 1193 1021 populo
1210 934 1278 1002 adi·

111 1048 193 1134 pisci
215 1049 391 1134 quiverunt,
415 1050 562 1134 quicum
586 1049 730 1118 comitari
752 1069 816 1117 non
838 1055 968 1136 possent
989 1068 1047 1118 nec
1067 1050 1172 1137 ipsum
1188 1051 1278 1117 dece-

111 1171 197 1245 rent3
221 1170 438 1232 verumtamen
456 1165 608 1232 interesse
623 1185 691 1250 sua,
715 1171 746 1232 et
760 1167 838 1234 istos
853 1166 1111 1252 qualescumque·
1128 1167 1277 1253 recipere,

111 1279 384 1365 quandoquidemd
413 1281 603 1348 concivium·
631 1282 735 1348 vultus
769 1287 801 1350 et
834 1283 955 1348 animos
984 1283 1153 1349 admodum
1182 1303 1278 1369 super

110 1393 170 1462 hoo
191 1395 375 1462 immutatos
396 1397 494 1464 fuisse
516 1404 748 1465 concernerent
829 1397 873 1465 Et
886 1398 1025 1484 primum
1040 1419 1104 1466 non
1119 1399 1278 1466 modicum

111 1529 206 1597 super
228 1511 289 1578 hiis
312 1519 496 1596 commotus,
521 1515 611 1599 quasi
633 1513 690 1580 hec
711 1514 880 1580 minatoria
902 1519 1053 1600 reputans
1076 1519 1108 1580 et
1130 1513 1276 1600 superba,

110 1627 187 1694 Non
209 1627 313 1711 iuquit
333 1630 410 1695 talea
438 1630 559 1696 obsideo
580 1653 637 1696 neo
659 1631 751 1696 colem
773 1635 1026 1717 omnpositdooem
1048 1632 1128 1696 miti
1146 1632 1276 1717 pollice·

110 1744 234 1824 beatur,
258 1747 314 1810 aad
335 1743 457 1832 quoles‘
479 1749 547 1832 apso
569 1748 731 1812 wmdtero
751 1747 869 1829 vellem,
887 1749 1029 1834 prects'to'a
1049 1750 1233 1812 iuramento
1249 1759 1278 1814 et

109 1861 326 1926 commeritus
344 1863 505 1948 plurimis.
540 1863 641 1928 Nemo
664 1865 710 1928 cic
730 1865 808 1949 petit
829 1875 864 1928 oc
877 1865 1022 1942 mindae,
1045 1885 1134 1928 neoto
1148 1885 1208 1949 per
1222 1886 1276 1930 cc·

108 1977 344 2063 productionem
363 1981 424 2044 ra'to
445 1981 601 2064 impetrat.
638 1977 740 2059 Quasi
751 1979 849 2066 ¹nodie
867 1981 1029 2044 minentur
1045 1990 1073 2044 ct
1087 1989 1204 2044 terere
1218 2000 1276 2044 acc

111 2093 321 2158 aecclesiam
348 2106 489 2158 noenum
512 2094 707 2159 ordinantur
729 2092 912 2180 depromere.
950 2091 1016 2160 Hec
1039 2098 1071 2158 et
1092 2092 1193 2159 multa
1215 2091 1277 2160 alia

110 2207 149 2276 de
171 2207 355 2294 deceptione
376 2209 528 2294 ipsorum,
552 2207 591 2274 de
612 2207 818 2274 instabilitate
840 2213 881 2291 et,
905 2209 988 2293 quod
1010 2208 1137 2275 fallaces
1161 2212 1276 2292 essent,

86 2322 201 2391 'heroa
224 2343 414 2410 proponens,
436 2328 510 2410 post
530 2323 699 2410 prandium
721 2343 819 2408 usque
842 2329 874 2390 et
895 2343 990 2411 super
1012 2323 1070 2392 hec
1093 2345 1126 2392 se
1146 2344 1276 2411 respou-

108 2456 218 2506 aurum
240 2439 382 2506 consulto
404 2440 565 2526 promisit3
591 2439 695 2524 simul,
719 2440 773 2524 qui
795 2447 957 2524 venerant,
981 2445 1069 2508 tauto
1091 2441 1124 2506 in
1141 2440 1277 2527 solemp-

107 2555 160 2622 nio
184 2549 288 2622 locum
312 2554 494 2642 epulaturos
516 2560 625 2622 suetas
647 2554 810 2624 honestate
825 2556 973 2624 invitans.
1051 2555 1277 2641 Suspicabatur

108 2671 239 2738 etenim:
264 2671 347 2756 qood
369 2671 433 2740 tale
454 2672 576 2740 lacinus
593 2671 628 2738 iu
644 2671 749 2758 ipsum
765 2691 936 2758 numquam
951 2677 1179 2758 presumerent,
1203 2693 1275 2740 cum

107 2788 285 2872 presertim,
309 2787 525 2874 multipliciter
548 2785 683 2854 offensus
707 2787 746 2855 ab
768 2788 858 2874 ipsis,
882 2808 935 2856 eos
950 2808 1120 2873 numquam
1136 2788 1274 2870 iecissem

106 2901 172 2987 vel,
201 2903 229 2971 si
261 2902 301 2970 ad
329 2902 410 2970 lianc
431 2903 649 2970 inmanitatem
673 2909 931 2988 prorumperent,
962 2903 1045 2988 quod
1067 2905 1274 2971 munitionem

106 3018 195 3088 illam
219 3025 251 3086 et
271 3019 508 3102 monasterium,
531 3019 565 3085 in
588 3039 649 3103 quo
671 3024 748 3104 erat,
771 3019 855 3086 iufra
869 3019 1009 3086 triduum
1025 3025 1275 3105 quantocumque

106 3135 272 3202 conamine
300 3153 510 3221 preoccupare
538 3153 600 3202 non
623 3142 767 3221 possent3
797 3137 845 3202 et¹¹
874 3137 921 3202 sio
942 3135 1069 3202 taudem
1092 3135 1197 3221 aliquo
1218 3135 1275 3203 ho-

105 3256 196 3318 nesto
219 3250 365 3334 consilio,
392 3271 455 3318 uon
477 3252 680 3338 perfugam,
704 3250 872 3320 eraderetl
963 3251 1144 3318 Cucullatus
1168 3257 1273 3322 autem

106 3364 260 3449 diabolus,
284 3385 378 3452 quem
400 3387 498 3453 supra
518 3367 735 3451 meminimus,
758 3367 938 3434 hesternam
959 3367 1075 3435 luroris
1097 3368 1274 3455 parricidii·

106 3503 169 3569 que
191 3484 352 3571 crapulam
375 3482 568 3567 lllaguutinis
591 3483 781 3551 eructabat¹.

196 3599 258 3668 Vix
287 3599 474 3668 venerabilis
504 3605 595 3685 pater
621 3599 823 3668 relectionem
845 3599 1072 3686 compleveram
1103 3606 1273 3687 occupatus

106 3715 204 3784 euim¹
225 3717 311 3784 circa
331 3714 576 3783 innumerabiles
599 3735 763 3802 pauperes,
787 3716 897 3782 uiduae
914 3720 946 3782 et
963 3715 1178 3803 orphanos-
1195 3735 1272 3801 quos

105 3833 140 3900 iu
162 3833 293 3900 instanti
316 3851 411 3919 opere
432 3831 663 3914 misericordie,
687 3831 840 3918 eopiosam
862 3831 1008 3900 videlicet
1030 3831 1212 3915 elemosina,
1235 3837 1272 3898 ut

105 3949 167 4018 sibi
190 3969 314 4035 semper
336 3949 434 4016 moria
450 3954 528 4031 erat,
552 3945 743 4014 sufficienter
758 3946 940 4033 expleverat
955 3983 997 3994 --
1013 3948 1116 4015 tuerat
1131 3947 1272 4032 aliquan·

104 4066 207 4152 tisper
236 4065 396 4147 detentum
425 4065 479 4129 vix
500 4063 534 4129 in
558 4069 699 4131 extrema
721 4062 828 4130 lectuli
850 4069 941 4150 parte
963 4064 1063 4131 fessos
1086 4069 1118 4130 et
1140 4063 1272 4130 seniles*

178 4292 199 4325 ι
219 4278 270 4338 lpse
288 4280 309 4325 1.
401 4277 424 4324 b.
445 4275 543 4336 desuper
558 4276 584 4334 1,
600 4277 624 4322 2.
716 4289 736 4323 c.
757 4275 927 4342 qualiacumque
943 4277 965 4322 1.
1053 4275 1076 4322 d.
1098 4275 1233 4338 quaudoque
1249 4277 1271 4324 1.

104 4372 126 4405 a.
147 4369 199 4404 cum
215 4357 298 4403 civium
314 4359 336 4404 1.
413 4356 429 4404 l.
449 4355 522 4417 qualia
540 4358 561 4404 1.
638 4367 659 4415 g.
680 4358 789 4403 consueta
804 4357 826 4403 2
904 4355 928 4402 h.
948 4353 990 4402 aed
1007 4356 1029 4402 l.
1100 4355 1116 4402 l.
1137 4356 1233 4404 evadere
1249 4359 1271 4414 1,

103 4437 213 4485 eraderet
228 4438 250 4483 2.
311 4435 335 4484 k.
354 4439 459 4484 amatam
476 4440 497 4484 1.
559 4433 631 4483 Lei
648 4438 669 4483 1.
731 4449 761 4483 m.
782 4437 860 4495 copisa
876 4437 899 4483 1.
959 4451 983 4483 u.
1004 4435 1076 4484 ullas
1092 4437 1114 4494 1,
1131 4438 1153 4484 2.
