3148 4846
472 311 660 360 nrrsuonan
683 309 911 360 uoouurrusu
935 309 964 358 ar
1240 291 1305 360 ult

134 453 170 518 iu
202 453 315 520 custus
344 453 473 520 Domini
500 453 686 522 militamus.
724 451 889 520 Immundis
916 451 1080 540 spiritibus
1107 453 1224 520 erroris
1240 472 1306 520 ex·
1325 459 1411 516 lose.

135 567 231 655 positi
255 573 287 635 et
307 568 510 636 immunditia
530 570 687 637 hereticae
709 568 927 635 fornicationis
949 567 1123 656 profanati,
1145 568 1210 634 iam
1234 587 1306 636 oum

134 683 238 751 llario
251 683 354 752 Iesum
370 685 523 769 videmus,
547 685 681 753 videndo
700 684 1000 771 appropinquamus,
1024 683 1307 771 apprepinquaudo

135 800 268 886 pedibus
296 801 364 867 eius
391 821 455 868 uon
483 804 551 868 sine
579 800 682 868 offitio
711 799 901 868 iuberemus.
935 799 1035 866 Nemo
1063 800 1155 868 nobie
1177 800 1308 870 insultet

135 915 175 984 de
202 915 365 1004 sepultura
391 917 593 1002 quatriduani
602 913 619 983 ¹.
653 917 735 984 Eous
763 915 924 982 miseratio
948 915 1122 998 Altissimi;
1152 917 1207 1002 qui
1228 917 1306 984 iete-

134 1032 190 1099 bat
211 1033 245 1098 in
267 1038 481 1117 monumento,
504 1033 679 1100 resurrexit
699 1030 878 1098 vivilimnte
893 1031 1030 1098 Domino
1053 1052 1100 1116 ao,
1124 1030 1228 1099 solutu
1249 1051 1307 1120 per

136 1147 295 1236 apostolos
322 1149 434 1216 mortis
460 1149 576 1232 insuia,
606 1149 724 1234 absque
754 1147 916 1234 sepulture
937 1147 1070 1232 iuditio,
1099 1147 1245 1214 exultans
1268 1147 1307 1216 de

134 1263 247 1348 salute,
270 1265 440 1332 discumbit
456 1265 490 1330 in
506 1265 649 1332 oonriuio
665 1264 832 1330 duminiuo.
867 1263 951 1346 Fuit,
974 1263 1035 1330 tuit
1050 1263 1219 1350 aliquando
1235 1283 1307 1351 per·

135 1386 259 1447 eeuutor
282 1386 314 1447 et
336 1380 537 1468 blasphemus
559 1381 749 1468 impugnans
773 1379 857 1446 dam
873 1378 1012 1462 Domini,
1037 1378 1091 1465 qui
1113 1385 1225 1467 postea
1241 1381 1307 1448 fau·

134 1503 187 1564 tus
210 1501 259 1564 est
281 1497 346 1562 dux
368 1496 472 1581 verbi,
497 1498 550 1582 qui
572 1515 647 1563 mox
671 1495 832 1583 apostolus
854 1515 914 1582 pro
937 1515 971 1561 ee
994 1514 1090 1579 egens
1113 1496 1210 1562 dixit:
1242 1497 1308 1564 Sed

135 1607 192 1679 beo
213 1614 289 1680 olim
301 1615 448 1700 sua'mue3
477 1615 532 1679 red
555 1614 669 1692 abluti,
693 1615 749 1678 aed
771 1613 958 1694 euacbflcati
978 1607 1112 1678 summi
1148 1611 1255 1696 Gerre,
1279 1613 1306 1679 si

134 1749 269 1813 mugnus
290 1729 345 1796 ille
366 1727 527 1816 apostolus
550 1749 614 1794 uon
636 1732 791 1794 mutasset
812 1728 999 1794 senteutiam
1023 1727 1216 1811 negationis,
1242 1747 1306 1794 non

135 1845 230 1932 paulo
259 1851 332 1932 post
359 1850 544 1912 oouseoutus
575 1851 659 1912 esset
686 1841 809 1910 eulmen
840 1842 1010 1930 apostoliea
1037 1843 1216 1928 dignitatis,
1251 1843 1306 1910 sod

133 1981 194 2028 neu
210 1963 375 2030 evasisset
402 1981 517 2049 penam
546 1967 653 2028 emme
681 1959 924 2046 dampnationis.
966 1957 1036 2026 Non
1065 1964 1114 2026 est
1142 1957 1227 2026 euim
1256 1977 1307 2026 re-

134 2078 234 2145 missa
256 2083 312 2145 aut
333 2075 479 2144 inefficax
499 2077 610 2144 divina
624 2075 797 2160 miseratio,
819 2079 865 2158 ut,
889 2093 960 2142 oum
977 2073 1087 2162 eulpae
1102 2075 1306 2158 padusimas

134 2195 285 2278 remittit,
314 2213 353 2260 ex
382 2192 673 2280 superhabundauti
700 2191 803 2275 gratia
824 2189 1005 2275 largissima
1027 2189 1123 2258 etiam
1145 2209 1209 2258 non
1232 2211 1306 2258 uon-

133 2311 218 2378 terat
245 2309 372 2396 pietatis
400 2329 541 2376 munera.
586 2309 659 2396 lpse
686 2306 742 2374 ille
770 2305 930 2389 columba,
962 2306 1037 2374 lieet
1062 2326 1148 2391 uero,
1181 2308 1306 2396 uesperi

133 2426 210 2493 lieet
233 2421 273 2494 ad
297 2447 401 2494 areum
425 2426 467 2494 sit
488 2445 626 2508 reuersa,
649 2425 773 2508 siguum
798 2424 895 2510 pauiu,
919 2424 1044 2506 siguum
1060 2423 1236 2490 dilectionis
1252 2443 1306 2492 ore

134 2543 284 2626 referens,
308 2562 365 2629 per
388 2542 503 2609 orbum
527 2543 719 2624 introgressa
740 2546 796 2607 est
832 2539 944 2608 Preseo
960 2540 1042 2606 enim
1059 2559 1131 2608 arou
1147 2541 1305 2626 antonus,

134 2661 215 2726 ustio
239 2664 359 2746 aperto,
382 2677 510 2725 manum
534 2657 676 2724 extendit
697 2660 730 2723 et
751 2675 810 2742 per
831 2655 1047 2722 diversitatem
1071 2655 1224 2724 donorum
1240 2657 1305 2744 epi·

133 2775 275 2842 ritualium
301 2780 460 2862 reueptam
487 2774 522 2840 in
544 2771 759 2860 superioribus
782 2791 873 2838 ureae
895 2771 1067 2838 eollooavit
1102 2770 1158 2838 Fal
1181 2778 1213 2839 et
1234 2791 1304 2840 aoe-

133 2897 203 2959 tum
226 2891 382 2958 Dominus
406 2889 500 2976 bibit,
524 2890 599 2976 quia
619 2890 654 2954 in
676 2887 778 2956 llarie
800 2891 832 2953 et
852 2886 976 2954 latrone
998 2891 1179 2974 pensatores
1201 2887 1305 2955 diuer-

134 3029 187 3076 sos
210 3007 271 3075 sibi
294 3007 516 3094 incorporavit.
552 3005 701 3092 Spineam
724 3023 871 3070 eoronam
895 3003 1048 3089 portavit,
1077 3004 1153 3090 quia
1172 3023 1304 3089 regnum

132 3123 365 3192 nobilissimum
387 3122 422 3189 in
444 3121 620 3206 gentilitate
642 3120 790 3186 vitiorum
814 3118 931 3186 aculeis
954 3120 1128 3207 asperrima
1150 3120 1210 3187 sibi
1232 3139 1306 3208 pre-

132 3241 269 3328 paravit
304 3241 336 3306 A
359 3241 467 3306 dubus
490 3237 593 3322 iuquit
607 3237 760 3303 lobannis
782 3257 913 3322 repetam
936 3238 1072 3303 uelorum
1092 3240 1157 3302 uim
1167 3240 1302 3325 patitur,

133 3371 165 3426 et
190 3357 320 3424 uiolmti
347 3358 505 3443 dimplens
532 3347 639 3420 illudi
676 3350 710 3418 Si
737 3349 919 3417 meretrices
948 3356 980 3418 et
1006 3350 1167 3438 publicani
1189 3373 1247 3419 nus
1269 3353 1303 3420 iu

132 3493 267 3558 regnum
282 3471 343 3540 Dei
366 3465 612 3558 prooesseruut⁴,
635 3487 694 3553 que
716 3467 781 3533 ianr
804 3465 978 3534 diffidentia
999 3468 1091 3535 nobis
1114 3467 1175 3535 erit
1197 3468 1236 3535 de
1252 3487 1302 3536 ea·

131 3590 219 3658 luto?
254 3588 379 3656 Ostium
401 3587 434 3654 in
458 3585 524 3654 oelu
548 3589 692 3672 apertum
712 3587 770 3666 est,
794 3601 872 3649 uena
892 3582 946 3650 diu
965 3584 1120 3650 instruatu
1138 3589 1196 3668 eet,
1219 3585 1303 3651 tauri

133 3715 168 3774 et
189 3703 291 3772 altilia
304 3705 366 3772 Dei
388 3704 453 3772 iem
475 3702 594 3768 dudum
609 3695 740 3781 oooiea⁸,
764 3717 912 3765 vocamur
927 3698 1046 3766 debiles
1061 3700 1126 3768 caui
1142 3707 1174 3768 et
1188 3699 1301 3786 olaudi,

132 3823 232 3890 immo
259 3827 309 3888 tot
335 3839 505 3908 preounum
528 3815 717 3884 elamoribus
741 3814 781 3880 ad
803 3813 917 3882 celeste
939 3815 1118 3884 conuiuium
1141 3815 1302 3904 compelli·

132 3959 216 4006 mur.
257 3935 471 4024 Quapropter,
506 3935 539 4000 in
568 3931 692 4000 Christo
719 3932 833 3998 fratres
860 3931 1029 4015 camerini,
1062 3953 1125 4000 non
1153 3933 1301 4002 erubeseo

133 4073 185 4122 me
206 4055 426 4134 immutatum3
450 4049 506 4118 sed
528 4049 647 4134 gratias
671 4067 729 4132 ago
752 4047 862 4114 dexbe
877 4047 1045 4133 Altisaimi,
1069 4049 1157 4117 ouius
1181 4047 1237 4116 beu
1254 4054 1302 4116 est

207 4239 231 4294 1.
256 4237 313 4294 lob.
328 4239 369 4306 12,
382 4237 431 4291 39:
452 4233 598 4306 ,Domine
617 4232 672 4288 iam
689 4229 783 4302 foetet,
801 4232 999 4302 quatriduanus
1017 4233 1090 4289 ast“.
1172 4235 1198 4288 2.
1221 4235 1235 4288 1
1250 4231 1300 4290 Co

134 4327 214 4384 riutlu
230 4327 256 4398 6,
269 4329 317 4382 11:
347 4325 406 4396 „ut
428 4323 497 4379 baeu
519 4321 629 4392 quidem
652 4319 756 4392 bristis3
780 4321 830 4376 sed
853 4321 939 4378 abluti
963 4322 1043 4392 ostia,
1068 4321 1116 4378 aod
1139 4319 1301 4379 mestificati

135 4417 232 4474 eatis“.
321 4415 347 4470 3.
372 4411 467 4470 llattb.
481 4413 523 4483 11,
538 4412 580 4467 12.
668 4411 695 4466 4.
718 4409 813 4465 llattb.
826 4412 869 4480 21,
882 4411 925 4466 ³1.
1015 4413 1040 4466 b.
1062 4409 1158 4467 Mattb.
1171 4411 1213 4484 22,
1226 4413 1252 4468 4.
