3176 4846
308 305 373 370 644
509 321 591 370 rma
612 319 767 371 saroam
788 319 1050 368 aaommscorr
1070 317 1267 368 noousrnu

220 469 289 524 1160
306 483 364 549 per
385 461 565 550 superbiam
588 462 826 544 commiserant,
849 481 907 548 par
930 459 1177 528 satisfactionem
1200 480 1306 528 eoram
1329 457 1473 526 omnibus

223 542 290 592 m*
306 578 484 649 humilitate
518 578 683 645 diluerem
781 575 997 644 Absolutionis
1024 577 1122 660 igitur
1150 580 1182 643 at
1211 573 1474 644 reconciliationis
1584 669 1585 672 Ἴ

306 694 418 762 modus
441 694 493 760 hie
513 694 590 761 fuit:
614 698 650 760 ut
672 692 777 760 clerici
800 693 969 760 seeundum
993 693 1136 759 ordinem
1151 711 1254 776 suum,
1278 691 1331 776 qui
1346 709 1476 777 presen-
1581 771 1585 784 ι

306 815 354 879 tes
385 811 531 894 adorant,
560 815 633 896 post
660 808 887 876 absolutionem
910 829 968 895 pro
992 808 1109 876 honoro
1131 808 1238 875 domni
1261 807 1402 894 episcopi
1425 807 1475 872 in·

306 926 378 1012 ipra
399 927 529 994 civitate
543 925 729 1009 Maguotina
745 924 846 992 laneis
861 924 975 992 tunicis
990 923 1145 1009 nudisque
1160 924 1277 1011 plantis
1292 922 1474 1007 vindictam,

306 1061 366 1127 que
388 1042 482 1126 vulgo
506 1041 620 1109 dieitur
641 1041 832 1108 hamschare
841 1036 858 1124 ¹,
882 1039 922 1106 de
944 1039 1059 1107 Sancto
1082 1039 1175 1106 Petro
1199 1060 1298 1125 usque
1321 1040 1362 1106 ad
1378 1039 1476 1106 Sano-

305 1163 374 1224 tum
395 1157 554 1226 Albanum
583 1175 640 1244 per
669 1158 828 1224 civitatem
854 1156 992 1224 mediam
1022 1155 1194 1241 deferrent,
1225 1157 1332 1223 etsie
1360 1154 1476 1222 domno

307 1274 454 1360 episcopo
477 1273 754 1340 reconciliarentur
775 1293 833 1359 par
856 1271 1015 1354 oscinum
1043 1273 1089 1338 ita
1111 1277 1227 1357 tamon,
1251 1271 1334 1356 quod
1355 1270 1476 1337 iustitia

308 1395 443 1472 sterant,
467 1389 495 1455 si
517 1409 611 1475 super
635 1389 738 1474 aliquo
762 1407 816 1456 eos
838 1389 992 1475 impetere
1014 1388 1125 1470 vellet3
1215 1387 1289 1454 laici
1310 1405 1402 1456 raro:
1424 1406 1476 1452 ca-

308 1503 426 1590 pitanei
450 1509 522 1590 post
543 1505 647 1591 ipsam
670 1504 915 1588 absolutionem,
944 1510 976 1572 et
999 1505 1108 1589 quiin
1132 1505 1362 1591 presentiarum
1387 1506 1478 1569 erant

308 1626 340 1688 et
361 1621 415 1704 qui
438 1621 522 1686 domi
545 1625 777 1704 remanserant,
800 1641 899 1705 usque
923 1621 963 1687 ad
985 1621 1167 1688 mandatum
1192 1621 1300 1688 domni
1323 1620 1478 1707 archiepi-

307 1736 394 1822 scopi
423 1736 582 1804 civitatem
613 1741 645 1802 et
672 1737 777 1822 ipsum
806 1737 1022 1823 episcopatum
1053 1737 1197 1804 abiurare
1225 1742 1272 1821 ot,
1307 1736 1478 1822 cumipse

306 1851 439 1935 iuberet,
463 1853 623 1920 civitatem
645 1853 768 1936 ingredi
794 1887 835 1900 -
860 1858 892 1919 et
913 1872 976 1920 uon
1000 1858 1073 1920 ante
1096 1889 1139 1900 -
1162 1853 1322 1936 deberent,
1345 1870 1478 1938 raspon-

308 1968 375 2044 auri
397 1968 592 2055 superbiis,
623 1987 683 2053 que
707 1967 875 2036 advorsusb
897 1969 984 2054 ipsos
1007 1969 1146 2053 haberet,
1170 1968 1221 2037 vol
1242 1969 1276 2035 in
1298 1969 1478 2036 misericor·

306 2084 361 2150 dia
392 2084 441 2150 vol
468 2085 583 2152 iudicio
612 2105 740 2151 suorum
769 2086 979 2170 comparium,
1009 2091 1041 2152 et
1068 2085 1114 2152 sie
1142 2085 1278 2169 matiam
1306 2091 1339 2151 ot
1359 2085 1478 2152 bonam

307 2201 500 2268 voluntatem
515 2205 754 2288 raouperarout3
778 2201 861 2268 cives
878 2206 994 2286 autem,
1013 2207 1180 2288 postquam
1195 2201 1388 2268 vindictam·
1401 2219 1479 2287 por·

306 2321 441 2400 osana,
471 2315 599 2385 domum
628 2316 855 2403 episcopalem,
885 2321 921 2382 ut
950 2301 1045 2384 ante'a
1071 2318 1175 2384 luerat
1203 2317 1254 2408 vol
1282 2315 1413 2400 melius,
1443 2316 1479 2382 in

307 2431 451 2499 omnibus
481 2432 546 2498 suis
574 2432 761 2500 utensilibus
790 2438 1014 2519 repararem,
1044 2433 1192 2518 quioquid
1220 2454 1260 2500 ex
1286 2432 1400 2500 ablatis
1424 2431 1479 2500 ds-

308 2552 406 2630 assot‚
435 2565 516 2632 equa
543 2550 799 2634 compensatione
828 2549 954 2615 domino
978 2569 1035 2616 suo
1058 2549 1294 2637 archiepiscopo
1317 2553 1481 2636 oporteret

306 2681 557 2750 recompensare.
648 2663 714 2732 Hoc
736 2683 842 2732 coram
865 2665 1057 2752 imperatore
1080 2671 1112 2732 et
1133 2665 1328 2753 principibus
1351 2670 1426 2732 acta
1447 2669 1480 2732 et

307 2778 491 2866 privilegiod
505 2779 665 2866 imperiali
688 2779 873 2848 confirmata
895 2801 932 2850 ao
953 2802 1011 2868 par
1033 2783 1163 2849 nuncios
1183 2781 1375 2870 imperiales,
1399 2790 1479 2866 quo·

307 2916 402 2982 super
424 2895 477 2964 his
496 2896 641 2964 omnibus
664 2897 767 2966 vicem
788 2898 904 2966 cesaris
927 2904 1160 2986 cognoscerent,
1186 2898 1381 2982 Magantinis
1404 2917 1481 2966 con·

307 3017 372 3085 aaut
393 3031 462 3080 esse
485 3012 598 3080 dolata.

396 3127 521 3206 Quanta
547 3135 653 3204 autem
682 3129 879 3197 auctoritatis
908 3130 1062 3214 dignitate
1088 3131 1172 3198 inter
1200 3129 1278 3198 ulios
1305 3129 1478 3198 eatlrolioos

307 3250 415 3332 petras
443 3245 477 3313 in
505 3251 675 3332 conspectu
703 3245 800 3312 totius
823 3245 947 3314 concilii
971 3245 1136 3330 effulserit3
1166 3247 1272 3332 qualia
1293 3266 1418 3333 quoquo
1440 3245 1480 3314 de

308 3360 477 3429 christiane
503 3361 665 3446 roligionis
690 3362 812 3430 unitate
833 3361 1013 3430 referenda‘
1034 3368 1145 3430 eontra
1167 3363 1341 3434 divisionis
1353 3363 1481 3450 impiis-
1583 3341 1585 3360 ¹

309 3479 423 3545 simum
447 3478 563 3544 scisma
584 3497 672 3544 more
695 3477 916 3546 declamatorio
939 3484 972 3546 et
991 3499 1086 3565 quam
1101 3479 1275 3566 profundas
1290 3479 1480 3567 disputarit3

309 3593 463 3681 quomodo
487 3599 519 3660 et
540 3595 719 3662 universam
736 3595 900 3662 aeclesiam
915 3595 966 3662 in'¹
981 3595 1076 3662 verbo
1092 3595 1320 3664 exhortationis
1336 3595 1377 3663 ad
1392 3615 1482 3664 emu-

308 3710 458 3776 lationem
481 3708 616 3777 indivise
639 3712 811 3778 armaverit
832 3712 963 3778 unimtis
987 3716 1019 3778 et
1037 3717 1241 3799 paternarum
1255 3712 1481 3794 traditionum

309 3831 460 3912 quantum
493 3845 551 3913 pro
580 3827 667 3913 pacis
695 3826 793 3910 bono,
825 3833 979 3912 quantum
1007 3828 1047 3895 ad
1075 3827 1322 3896 reformandam¹
1350 3846 1482 3896 coneor-

309 3941 394 4011 diam
416 3941 501 4010 inter
522 3962 654 4026 regnum
677 3948 710 4010 ct
730 3943 939 4010 sacerdotium
954 3943 1173 4028 desudaverim
1197 3950 1230 4016 ot
1245 3951 1397 4032 quantum
1411 3943 1483 4012 Mar

381 4169 402 4203 a.
421 4156 447 4204 a
462 4119 684 4206 aaaaaserma.
746 4155 770 4204 o.
791 4156 934 4204 massaeo·
950 4159 972 4206 1.
1035 4170 1055 4204 a.
1075 4157 1177 4206 rausa
1192 4160 1214 4208 r.
1277 4158 1440 4220 ‹14st
1456 4160 1481 4206 a

310 4247 330 4280 a.
351 4235 413 4294 quod
427 4238 449 4292 1,
465 4237 487 4282 2.
563 4235 688 4282 cumaea
703 4235 823 4284 referenda
836 4239 975 4297 senissimo
990 4237 1085 4286 unitatis
1100 4238 1231 4288 reumata
1246 4241 1306 4298 aa
1383 4252 1406 4298 g.
1424 4251 1481 4300 pm-

310 4313 379 4361 tunda
395 4315 417 4361 2.
494 4312 518 4362 h.
537 4315 621 4382 laena
633 4317 655 4363 1.
732 4317 748 4363 l.
767 4316 936 4366 reformandum
952 4321 974 4364 1.

383 4418 406 4471 l.
430 4415 472 4472 Ol.
490 4433 574 4488 supra
590 4435 617 4488 p.
631 4421 684 4475 615
701 4421 767 4490 ιι.,3.
