3110 4844
440 307 631 354 nrrsnoasrr·
649 305 877 355 moounnnann
902 307 932 353 rr
1204 287 1269 357 tat

108 451 169 512 tam
201 445 388 514 catholicam
421 454 454 516 et
484 448 705 537 apostolicam,
740 455 836 536 caput
865 446 1007 514 omnium
1036 447 1269 532 aecclesiarum,
1289 455 1431 514 aei-⁹39

107 561 275 628 Romanam
303 563 422 631 scilicet
450 564 651 647 aecclesiam,
683 583 763 649 quae
791 583 917 650 semper
940 569 1119 630 sanctorum
1143 569 1271 651 patrum

106 677 330 745 sincerissimas
354 681 556 747 auctoritates
578 681 612 746 in
636 679 782 746 omnibus
805 681 871 746 suis
895 679 1016 746 actibus
1039 681 1191 764 sequitur,
1214 700 1270 746 no—

106 797 262 879 strumque
287 796 493 882 apostolicam
523 795 630 863 sedem
658 794 821 862 consulere
849 794 1009 879 voluistis,
1036 795 1147 882 procul
1175 795 1269 862 dubio

105 927 181 993 quae
204 911 327 994 agenda
347 911 437 978 uobis
460 917 549 995 sunt,
572 910 850 978 inretractabiliter
871 911 1023 978 mandare
1046 931 1201 979 curamus.

188 1025 288 1110 Igitur
311 1027 385 1112 quia
407 1027 441 1094 in
464 1027 577 1094 vestris
599 1026 716 1094 littaris
735 1033 879 1093 nostrum
895 1027 1107 1114 apostolatum
1123 1033 1270 1115 expetere

103 1141 254 1226 voluistis,
278 1149 431 1228 quatenns
454 1141 564 1211 nostra
586 1143 772 1210 anctoritate
794 1143 932 1210 vicarius
956 1149 988 1210 et
1010 1144 1126 1210 missus
1141 1149 1270 1211 nostrae

102 1259 289 1343 apostolicae
312 1259 395 1326 sedis
417 1261 514 1326 totius
530 1257 718 1326 Gemanica
740 1280 797 1326 uos
813 1259 1021 1326 concedamus
1037 1280 1116 1343 csse,
1140 1265 1172 1327 et
1186 1259 1270 1347 quod

102 1375 255 1459 assentis,
284 1377 358 1461 quia
385 1376 482 1463 prisci
504 1375 705 1461 hlogontinae
733 1375 817 1442 sedis
845 1375 1082 1462 metropolitani
1113 1383 1270 1443 anostra

101 1489 273 1576 apostolica
295 1492 369 1558 sede
392 1512 431 1558 ex
455 1493 641 1559 auctoritate
657 1491 831 1558 beatissimi
848 1490 934 1558 Petri
951 1493 1165 1579 apostolorum
1181 1493 1269 1580 prin·

99 1607 177 1692 ripis
200 1608 310 1674 vicarii
333 1613 365 1674 ot
387 1609 477 1674 missi
498 1609 661 1696 apostolici
676 1607 773 1675 totius
789 1605 977 1674 Germaniae
993 1607 1061 1674 lieri
1076 1613 1269 1695 meruerunt,

99 1725 220 1807 scitote,
244 1743 302 1790 uos
325 1721 492 1808 diligenter
513 1725 547 1790 in
569 1725 685 1790 scrinio
709 1729 837 1790 sanctae
861 1723 1030 1790 aecclesiae
1054 1729 1182 1791 nostrae
1204 1725 1270 1810 pri·

98 1838 284 1924 vilegicrum
308 1841 426 1926 scedas,
450 1861 530 1926 quae
551 1839 879 1926 apraedecessoribns
894 1840 1022 1924 nostris,
1046 1839 1167 1906 duobus
1182 1839 1269 1908 vide-

1 2005 2 2012 .
97 1953 170 2022 licet
185 1955 357 2041 Gregoriis,
380 1955 532 2039 Zacharia
555 1962 588 2023 et
610 1955 773 2042 Stephani,
796 1962 833 2022 ut
855 1956 1006 2039 asseritis,
1029 1955 1191 2022 Bonilacio
1213 1977 1268 2022 ue-

98 2076 180 2139 strae
210 2072 295 2138 sedis
323 2073 457 2138 antistiti
486 2074 659 2161 apostolica
688 2073 887 2140 roboratione
915 2091 983 2138 ease
1010 2091 1174 2156 concessa,
1211 2072 1269 2139 snb

97 2185 259 2272 diligenti·
274 2207 351 2256 curu
373 2193 405 2255 et
419 2189 597 2258 vehementi
614 2189 824 2256 sollicitudine
839 2188 1024 2271 investigari
1039 2187 1268 2275 praecepimus,
1371 2185 1375 2194 '

97 2302 171 2370 sed*
196 2323 292 2370 unam
322 2303 447 2372 scedam
471 2325 541 2372 cum
565 2305 621 2372 illa
643 2306 831 2372 auctoritate
852 2308 975 2371 tantum
999 2304 1159 2391 potuimus
1181 2303 1268 2370 inve·

95 2418 173 2486 nire.
222 2419 312 2487 Unde
341 2421 394 2506 qui
422 2422 496 2488 totis
525 2421 717 2509 praecordiis
741 2427 773 2488 et
795 2420 907 2487 humili
930 2421 1160 2508 supplicatione
1182 2417 1269 2488 effla·

94 2537 216 2619 gitatis,
239 2542 275 2602 nt
297 2541 406 2602 nostra
428 2537 603 2624 apostolica
625 2537 811 2604 auctoritate
835 2542 1037 2624 praeceptum
1061 2542 1093 2603 et
1108 2537 1269 2604 licentiam

95 2652 183 2719 vobis
209 2657 318 2718 nostra
339 2653 491 2720 concedat
513 2653 689 2738 clementia,
713 2659 868 2739 quatenus
892 2654 959 2718 vice
976 2658 1085 2719 nostra
1099 2652 1267 2720 sceleratos

94 2773 125 2834 et
152 2788 274 2856 pravae
309 2769 393 2835 sitae
421 2769 563 2836 homines
593 2769 735 2837 habeatis
764 2775 953 2856 potestatem
981 2770 1139 2855 corripere
1168 2775 1199 2836 et
1229 2769 1269 2835 ad

94 2885 178 2951 viam
204 2885 347 2951 ueritatis
373 2885 487 2951 vestris
514 2885 784 2952 exhortationibus
815 2904 973 2968 revocare,
997 2884 1197 2952 concedimus
1214 2903 1268 2951 vo-

93 2999 141 3066 bis
171 3001 243 3067 vice
266 3005 375 3067 nostra
397 3000 575 3086 licentiam,
607 3021 643 3068 eo
666 3001 750 3088 quod
773 3021 828 3068 vos
851 3001 924 3067 huic
947 3007 1074 3067 sanctae
1100 3001 1168 3067 sedi
1195 3001 1268 3068 sub·

92 3115 263 3183 lectionem
293 3122 325 3183 et
354 3137 480 3183 omnem
502 3115 685 3183 fidelitatem
710 3115 857 3183 exhihere
879 3117 1074 3204 promittitis.
1121 3115 1171 3184 Ex
1195 3137 1267 3184 auo-

91 3233 224 3300 toritate
252 3233 337 3299 beati
359 3231 445 3300 Petri
469 3233 682 3318 apostolorum
707 3233 859 3320 principis
883 3233 994 3299 damus
1017 3233 1106 3300 vobis
1129 3239 1268 3320 potesta-

91 3355 172 3434 tem,
206 3353 242 3414 ut
270 3349 338 3416 sitis
369 3354 476 3415 noster
505 3349 641 3415 vicanus
673 3356 704 3415 ct
731 3349 847 3415 missus
875 3349 908 3415 in
937 3350 1058 3416 cunctis
1087 3349 1266 3432 regionibus

91 3465 190 3532 totius
209 3462 413 3547 Germaniam
437 3469 474 3531 ut
496 3465 673 3550 ubicunque
696 3466 870 3551 episcopos,
894 3465 1095 3552 presbiteros,
1119 3465 1267 3532 diaconos

90 3581 142 3649 vel
170 3581 359 3647 monachos·
382 3586 492 3648 contm
519 3601 655 3648 macces
683 3587 715 3647 et
743 3581 914 3647 constituta
937 3587 1117 3647 sauctorum
1138 3587 1267 3668 patrum

90 3698 158 3766 sive
181 3695 562 3764 contraaeclesiastioam
589 3696 731 3781 regulam
760 3697 932 3763 excessisse
959 3698 1163 3785 repperietis‚
1191 3717 1267 3786 apo·

91 3813 206 3882 stolica
234 3814 420 3881 auctoritate
442 3814 532 3880 iuxta
554 3832 689 3880 canones
714 3817 746 3879 et
767 3813 914 3880 instituta
935 3819 1116 3880 sanctorum
1139 3819 1267 3901 patrum

89 3929 163 3998 illos
187 3929 346 4014 corrigere
368 3934 401 3996 at
423 3929 463 3995 ud
487 3929 570 3995 viam
593 3929 737 3996 ueritatis
761 3929 910 3996 reducere
933 3949 997 3996 non
1019 3929 1182 3996 omittatis.

181 4045 232 4114 De
253 4045 377 4113 ludaeis
399 4049 515 4130 autem,
537 4044 621 4112 unde
637 4049 742 4112 vestra
756 4045 939 4112 fraternitas
955 4050 1096 4114 nostram
1111 4064 1266 4130 conquae-

89 4161 168 4230 sivit
191 4162 427 4246 uuctoritatem‚
455 4167 561 4228 utrum
589 4161 703 4228 melius
730 4160 773 4228 sit
795 4181 848 4228 eos
871 4181 980 4229 sacrae
1002 4161 1172 4246 subiugata
1192 4161 1267 4228 reli-

88 4279 190 4363 gioni,
213 4299 254 4344 an
276 4278 316 4345 de
338 4278 518 4345 civitatibus
540 4279 654 4344 vestms
678 4276 847 4364 expellere,
869 4276 929 4345 hoc
951 4276 1040 4345 vobis
1060 4281 1266 4364 praeceptum

163 4435 186 4468 a.
208 4421 305 4480 tiligantl
322 4423 348 4470 C.
425 4418 448 4468 b.
470 4419 511 4468 sed
527 4423 615 4467 anama
628 4436 702 4480 paea«
718 4421 821 4468 &aban
837 4429 878 4467 aar.
955 4433 976 4467 c.
995 4419 1078 4467 monui
1093 4423 1119 4468 C.

132 4504 218 4559 ἔκη’.
232 4509 373 4554 Bibliotheca
388 4509 426 4553 lll.
1017 4507 1053 4562 22
