3144 4852
183 432 251 486 1183

169 507 226 562 Aug.
236 505 265 550 25

191 2625 260 2679 1190

181 2697 229 2744 lun.
240 2699 270 2744 10

284 261 350 326 694
532 277 729 326 onarsrmm
751 276 952 326 ennoureou
975 274 1210 326 uounuumunr

285 439 449 503 assurgere
471 439 535 486 nen
557 419 686 486 valeret.
721 417 819 486 Furta
841 439 914 502 ergo
938 419 1132 486 armauere
1155 437 1278 486 summo
1300 416 1451 504 pontifici,

285 535 323 602 de
339 555 436 602 manu
458 536 525 602 eins
541 536 856 602 communicationem
872 540 1012 602 sanetum
1030 536 1150 620 ueuepit
1165 533 1289 620 aliaque
1303 534 1453 602 eeclesiae

284 657 490 718 sacramanta.
525 651 569 717 Et
595 651 740 718 dominus
768 670 866 736 papa,
895 650 980 716 faeta
1008 655 1040 717 et
1068 650 1152 718 dieta
1176 638 1390 735 ‘indulgentia‚
1418 651 1453 716 in

284 787 362 854 pane
391 767 484 850 abiit3
514 772 546 833 at
573 767 717 834 dominus
740 765 937 834 Christianus
960 766 1027 834 Deo
1051 767 1189 834 unimam
1212 767 1346 834 reddens
1369 785 1452 832 mer·

283 891 349 949 tem
371 883 458 949 obiit.
542 883 661 949 Audita
684 889 785 948 morte
808 881 927 949 domini
942 881 1124 964 Christiani,
1148 883 1319 968 imperator
1342 883 1453 950 intima

284 998 399 1079 doluit;
423 1004 456 1066 et
477 999 624 1064 uniuersa
646 998 712 1064 eius
735 998 823 1064 euris
845 1002 877 1064 et
899 1017 1017 1080 omnes,
1046 1004 1199 1084 quotquot
1220 997 1452 1080 intellexerunt,

284 1114 431 1196 gravibus
461 1113 606 1199 suspiriis
635 1121 710 1180 sunt
736 1113 865 1180 turbati.
900 1112 1035 1180 Rursum
1066 1114 1161 1181 aliam
1183 1115 1300 1181 misera
1321 1113 1454 1180 ecelesia

284 1229 533 1314 Maguntinensis
561 1229 690 1316 plorans
713 1227 865 1316 ploravit,
894 1229 977 1314 qued
1000 1229 1091 1297 dolor
1113 1230 1180 1296 eius
1202 1237 1371 1297 renovatus
1393 1235 1451 1296 esi.

362 1326 448 1410 ¹Post
476 1344 553 1411 haee
584 1337 764 1432 principes·
780 1331 924 1430 'quidam
952 1345 1113 1412 dominum
1141 1345 1322 1414 Cauradum
1349 1345 1453 1412 Saltu-

284 1461 471 1544 burgensem
499 1461 769 1548 arehiepiscopum
797 1461 997 1548 imperaturis
1020 1459 1191 1532 Fridariuib
1213 1463 1332 1546 gratie⁶
1354 1462 1453 1528 reior-

284 1576 400 1659 00011,
424 1577 471 1642 itu
492 1581 528 1643 nt
549 1577 618 1663 ipse
640 1577 812 1663 imperatur
835 1578 968 1644 eundem
990 1577 1258 1664 arehiepiscopum
1274 1576 1453 1644 Conradum

284 1693 324 1758 ad
346 1691 619 1776 maguntinensem
649 1693 811 1760 eeclesiam
839 1693 943 1760 redire
971 1693 1161 1780 postularem
1191 1693 1274 1779 quud
1301 1694 1370 1779 ipse
1397 1691 1454 1759 du-

283 1811 388 1876 minus
418 1807 580 1874 Corradus
609 1808 747 1874 maximo
776 1808 946 1876 desideriu'
960 1808 1136 1877 affeetabat.
1173 1807 1349 1895 Suscipitur
1378 1829 1452 1892 erge

285 1925 428 1992 dominus
445 1922 608 1990 Comedus
629 1923 665 1990 in
688 1923 819 1992 00010010
833 1923 1075 2010 Muguntinensi‚
1099 1931 1249 2010 tanquam
1271 1925 1384 1992 luisset
1396 1945 1453 1992 sn·

285 2039 372 2124 gelus
395 2039 465 2106 Dei.
506 2039 543 2106 ln
573 2041 762 2107 continenti·
786 2045 891 2107 autem
920 2046 1031 2126 postea
1051 2061 1180 2125 gravem
1202 2039 1339 2127 ponebat
1360 2060 1453 2108 exau-

284 2158 403 2222 tlunem
426 2155 458 2220 in
482 2154 610 2222 clerum.
645 2156 689 2224 Et
710 2158 817 2224 mirati
840 2161 914 2224 sunt
933 2157 1082 2240 universi,
1107 2160 1139 2223 et
1153 2177 1261 2224 omnes
1277 2157 1330 2242 qui
1346 2157 1453 2224 nudie-

286 2271 364 2338 bant
390 2271 551 2338 dicebant:
583 2273 695 2354 Qualia
726 2287 769 2340 eu
796 2275 861 2354 tic,
897 2276 955 2359 qui
981 2275 1182 2339 0010100000
1201 2273 1291 2358 sarit
1317 2273 1454 2339 ulman?

288 2387 349 2454 Sed
372 2386 532 2453 eonvaluit
553 2388 630 2455 haee
651 2407 814 2474 pressura3
844 2395 875 2454 et
897 2390 969 2455 exin
993 2388 1051 2454 buu
1074 2389 1140 2454 suis
1163 2388 1308 2476 deineeps
1331 2407 1454 2456 000000-

287 2502 410 2569 auribus
432 2502 639 2586 relinquebat.

375 2617 497 2686 Modico
519 2623 662 2706 tempure
684 2623 757 2705 post
771 2621 945 2706 imperatur
959 2619 1147 2704 Friderieus‚
1171 2618 1246 2686 dum
1261 2619 1452 2686 transiturus

287 2739 370 2800 esset
391 2734 528 2800 rivulum
551 2735 728 2822 parvulum,
753 2735 807 2820 qui
827 2735 959 2822 pedibus
974 2740 1099 2822 poterat
1112 2735 1309 2820 transmeari,
1331 2737 1454 2822 impetu

288 2872 387 2936 aquae
422 2852 512 2935 quasi
539 2851 719 2918 submersus
748 2855 805 2917 est.
845 2851 916 2937 Ipse
944 2850 1106 2918 dicebatur
1132 2850 1229 2918 fuisse
1257 2851 1454 2936 aliquantum

287 2967 393 3050 gravis
417 2967 587 3034 venarabili
612 2969 679 3034 viru
700 2967 827 3033 dominu
842 2967 978 3034 Henrieo
999 2966 1233 3054 archiepiscopo
1250 2973 1283 3033 et
1296 2967 1336 3034 ad
1352 2969 1454 3053 ipsius

287 3081 515 3167 depositionem
542 3081 661 3148 oauulte
684 3082 849 3148 consilium
872 3083 1078 3150 ministrasse.
1168 3081 1250 3148 Hnie
1271 3082 1355 3150 filius
1378 3103 1455 3150 suns

287 3197 441 3264 Haurieus
465 3203 572 3264 sextus
596 3199 760 3279 suecessit3
785 3197 964 3284 quievitque
987 3205 1072 3264 terra
1094 3219 1113 3265 a
1134 3198 1272 3285 proeliis.

375 3313 440 3379 lam
471 3313 621 3398 sperabat
648 3314 778 3380 eeclesia
804 3313 1054 3398 Maguntinensis
1082 3319 1156 3399 pust
1182 3318 1231 3380 tut
1258 3311 1455 3382 aulnmitates

286 3429 430 3495 miserias
458 3449 622 3516 pressuras
649 3431 786 3496 iacturas
815 3449 980 3496 aerumnas
1007 3427 1098 3496 fletus
1128 3434 1160 3496 et
1181 3429 1312 3497 vulnera
1332 3431 1365 3496 in
1389 3437 1456 3498 sta-

287 3552 355 3612 tum
378 3565 506 3628 surgere
534 3546 704 3632 potiorem,
734 3551 766 3612 et
787 3544 924 3630 pastoris
948 3546 1068 3631 proprii
1090 3547 1285 3632 protectione
1308 3553 1341 3614 et
1361 3567 1456 3634 prae-

288 3663 389 3728 sentia
411 3660 575 3728 eunsolari.
612 3660 674 3728 Sed
689 3660 791 3728 adhue
806 3660 914 3727 divina
928 3660 987 3728 hoe
1003 3659 1079 3728 ultio
1094 3681 1157 3728 non
1174 3662 1310 3728 admisit
1371 3661 1457 3730 Nam

286 3777 368 3860 ignis
393 3797 536 3860 egressus
560 3776 622 3843 est‘
638 3777 677 3844 de
693 3778 761 3844 foro
781 3777 876 3862 fauni,
899 3797 991 3862 quem
1008 3778 1136 3845 veniens
1151 3784 1262 3845 ventus
1279 3778 1318 3844 ab
1333 3778 1456 3846 oriente

287 3893 401 3960 detulit
425 3913 519 3979 super
542 3892 704 3978 templum.
739 3893 971 3977 Combuetuque
993 3893 1134 3976 ecelesia,
1158 3898 1191 3960 et
1212 3892 1286 3960 libri
1308 3893 1401 3960 multi
1422 3899 1457 3960 et

286 4008 376 4092 boni,
407 4009 574 4095 privilegia
602 4029 724 4094 quoque
752 4007 853 4075 multa
875 4015 908 4076 et
929 4009 1020 4076 valde
1043 4007 1134 4076 utilia
1156 4014 1230 4076 sunt
1252 4015 1455 4098 cousumpta

287 4126 383 4192 etiam
411 4145 486 4210 pars
515 4129 643 4190 ornatus
673 4145 803 4208 magna,
837 4125 954 4211 partim
982 4125 1107 4210 ignibus
1137 4123 1300 4210 devorata,
1338 4127 1456 4213 partim

359 4315 380 4347 0.
399 4303 506 4361 prinaeps
519 4303 545 4348 Y.
639 4302 662 4347 b.
683 4303 815 4360 recuperata
830 4303 878 4358 ed,
899 4301 1009 4350 Fridarlei
1025 4307 1048 4350 T.
1142 4318 1163 4352 0.
1182 4305 1256 4363 grafia
1271 4305 1319 4360 ed,
1340 4305 1412 4363 unua
1427 4309 1455 4354 1.

288 4381 310 4425 d.
331 4379 460 4426 reformavit
476 4383 501 4426 Τ.
578 4395 599 4427 0.
621 4399 650 4426 an
666 4381 849 4428 Ineuntinanteri
926 4382 999 4429 lant
1014 4383 1106 4430 addidi.
