3090 4848
179 409 231 464 '122

162 481 218 530 Dee.
231 483 244 528 1

264 245 305 312 78
511 263 538 311 s.
556 262 732 311 normann
752 263 798 309 sn
819 261 922 310 uuum
943 261 1130 310 nrrsnonun
1152 261 1181 308 re
1283 305 1289 322 ,

262 423 348 471 rare:
378 404 468 488 quasi
490 403 548 471 sub
570 401 730 487 relegione
752 401 925 470 ohristiauu
944 402 1101 470 idolomm
1124 401 1266 468 oulturae
1289 419 1342 468 eos
1365 419 1430 466 ser·

262 521 345 605 rire,
374 521 592 604 eognovimns3
629 517 750 603 aliquos
773 539 863 604 vero,
894 519 948 604 qui
976 519 1109 585 neudum
1137 515 1349 601 eognitionem
1371 515 1431 582 Dei

260 635 411 702 hahentes
434 656 492 704 nee
513 636 715 723 baptismatis
738 636 821 702 sauri
843 634 929 701 unda
950 638 1025 700 sunt
1044 633 1113 718 loti,
1136 633 1192 701 sed
1208 632 1432 719 conparatione

260 750 426 818 brutorum
438 751 623 819 animalium
638 752 755 838 pagani
765 749 930 818 Faotorem
944 769 1009 816 non
1023 754 1251 834 recognoseunt
1266 784 1307 796 -
1324 767 1432 814 neees-

263 868 347 933 sario
369 887 428 954 pro
452 874 595 935 utromm
616 867 857 934 inluminatione
880 866 921 933 ad
935 865 1161 953 predicandum
1175 869 1260 932 reete
1273 863 1348 931 fidei
1362 883 1432 930 ver·

261 981 338 1049 hum
372 983 484 1050 harum
517 984 702 1070 portitorem
730 981 943 1068 Bonifatium,
978 982 1268 1049 reverentissimum
1301 981 1433 1046 tratrem

261 1104 405 1165 nostmm
429 1099 628 1187 episeopum,
658 1099 743 1186 apud
772 1100 890 1166 eisdem
911 1097 1055 1187 partibus
1079 1097 1215 1181 dirigeto
1238 1096 1431 1163 studuimus:

262 1219 299 1281 ut
321 1219 353 1282 et
373 1213 438 1281 illis
461 1215 652 1301 predicando
675 1214 806 1282 verbum
830 1213 940 1282 salutis
963 1216 1063 1282 sitam
1085 1213 1252 1301 provideat
1266 1212 1433 1300 sempiter-

263 1350 338 1398 uem
367 1334 413 1415 et,
442 1331 470 1396 si
498 1350 576 1415 quos
598 1331 680 1398 torte
703 1329 753 1397 vel
775 1329 964 1416 ubionmquo
987 1349 1007 1398 a
1027 1335 1112 1398 reete
1133 1328 1208 1396 fidei
1229 1329 1357 1396 tramite
1379 1327 1434 1396 de-

264 1445 382 1512 stitisse
405 1447 588 1530 cognoverit
611 1452 666 1513 eut
688 1447 806 1514 astutia
828 1445 984 1514 diabolica
1006 1467 1116 1514 suasos
1139 1464 1286 1513 erroneos
1307 1465 1435 1532 repere-

263 1561 334 1646 rit·,
362 1562 500 1646 corrigat
527 1567 621 1647 etque
650 1563 700 1629 sui
729 1562 910 1630 edoeutioue
942 1563 983 1629 ad
1010 1569 1137 1650 portum
1160 1566 1301 1648 reportet
1322 1549 1436 1628 salutis

265 1697 380 1763 eosque
404 1698 443 1744 ex
466 1677 675 1766 apostoheael
692 1679 775 1746 sedis
796 1678 890 1745 huius
906 1677 1050 1746 doctriua
1064 1678 1214 1745 informet
1229 1682 1261 1745 et
1275 1678 1309 1743 in
1324 1677 1436 1744 eadem

265 1791 420 1861 oetholioa
440 1792 502 1860 fide
524 1813 711 1882 permanere
733 1795 888 1862 instituet.

355 1908 424 1994 Cui,
449 1909 630 1995 hortamur,
653 1911 693 1979 ob
717 1931 856 1978 amorem
879 1909 999 1976 domini
1021 1908 1091 1976 Iesu
1113 1907 1232 1975 Christi
1254 1914 1287 1975 et
1309 1913 1438 1995 aposto·

264 2024 369 2093 lorum
391 2025 458 2092 eius
480 2027 690 2094 reverentiam
711 2031 748 2093 ut
769 2027 803 2093 in
826 2026 972 2093 omnibus
992 2025 1144 2092 solaoinre
1157 2024 1278 2092 nisibus
1293 2025 1369 2091 totis
1382 2024 1438 2093 de-

267 2141 368 2210 beatis
397 2161 530 2227 eumque
557 2143 592 2208 in
621 2143 747 2210 nomine
774 2142 846 2210 Iesu
868 2141 987 2210 Christi
1014 2141 1192 2229 recipiatis,
1219 2147 1255 2208 ut
1282 2141 1440 2227 seriptum

267 2263 316 2325 est
338 2256 378 2324 de
400 2257 466 2324 suis
489 2256 668 2345 discipulis:
694 2259 760 2342 Qut
780 2283 835 2326 ooe
856 2264 980 2347 recipit,
1003 2281 1052 2324 ote
1068 2253 1210 2345 reeipit¹3
1234 2255 1439 2344 providentes

266 2373 398 2460 insuper
420 2373 598 2440 neeessaria
620 2373 743 2441 itineris
766 2376 844 2460 eius,
868 2376 998 2442 eomites
1013 2372 1197 2457 tribuentes,
1220 2374 1325 2439 eibum
1340 2373 1441 2440 otiam

268 2507 305 2556 ao
326 2494 437 2576 potum
463 2488 511 2555 vel
534 2490 562 2554 ei
585 2487 661 2574 quid
684 2490 806 2574 eguerit
827 2490 1012 2575 largientes:
1036 2495 1073 2556 ut
1094 2509 1157 2556 uno
1180 2487 1288 2555 labore
1304 2493 1336 2555 et
1351 2489 1443 2556 sooia

267 2603 429 2672 voluntate
457 2623 536 2691 opus
563 2605 624 2673 sibi
647 2606 801 2674 oreditum
824 2606 952 2694 pietatis
975 2612 1008 2672 et
1029 2606 1190 2690 negotium
1212 2604 1324 2672 salutis
1348 2604 1445 2672 anui-

267 2725 354 2788 tente
376 2719 443 2786 Deo
466 2719 659 2807 proficiatur,
684 2727 778 2807 etque
800 2721 922 2808 premia
943 2721 1061 2788 laboris
1077 2722 1239 2808 pereipere
1254 2720 1446 2788 mereamini

269 2835 369 2921 deque
392 2837 594 2903 conversione
617 2839 790 2904 errantium
812 2857 931 2904 meroes
954 2836 1043 2905 vobis
1067 2837 1242 2904 ascribetur
1269 2837 1303 2903 in
1332 2835 1444 2903 oaelis.

270 2950 305 3019 Si
333 2951 404 3038 quis
432 2952 539 3038 itaque
566 2952 640 3020 huie
669 2952 730 3021 Dei
757 2951 892 3038 famulo,
928 2953 968 3021 ad
996 2953 1270 3020 inluminationem
1297 2953 1447 3037 gentium

270 3067 311 3135 ad
332 3067 393 3135 hee
415 3068 588 3156 apostoliea
617 3073 711 3154 atque
739 3067 893 3136 eathoiiea
914 3067 976 3136 Dei
1004 3069 1156 3137 aeeclesia
1185 3068 1356 3153 destinato,
1385 3069 1448 3136 ed·

271 3203 398 3250 sensum
419 3183 471 3250 uel
493 3203 680 3252 eoneursum
702 3183 873 3271 prebuerit,
897 3185 1100 3252 exorantibus
1124 3185 1336 3272 apostolorum
1350 3185 1449 3272 prin-

271 3299 408 3386 eipibus,
440 3301 600 3368 oonsortie
628 3306 787 3367 mereatur
815 3305 996 3367 sanctorum
1018 3306 1195 3388 martyrum
1218 3301 1288 3368 lesu
1311 3299 1447 3369 Christi.

272 3414 307 3482 Si
335 3417 406 3501 quis
434 3435 527 3501 sero,
555 3417 640 3501 quod
667 3436 731 3485 non
754 3422 917 3503 optamus,
946 3415 1141 3484 adversando
1164 3418 1232 3484 eius
1254 3417 1453 3504 praepedire

271 3535 402 3599 eonatus
437 3531 533 3599 fuerit
567 3530 669 3599 labori
697 3539 751 3599 aut
778 3531 955 3599 contrarius
984 3533 1143 3600 exstiterit
1170 3533 1347 3601 ministerio
1379 3533 1453 3603 sibi

272 3647 390 3715 oredito
412 3667 689 3734 successorumque
710 3649 776 3716 eius
793 3647 926 3715 eundem
941 3647 1082 3716 laborem
1097 3648 1294 3734 intrantium,
1316 3669 1355 3717 ex
1370 3669 1455 3718 seu-

271 3763 373 3830 tentia
394 3763 502 3831 diviua
523 3765 732 3832 anathematis
755 3764 879 3831 vinoulo
903 3763 1109 3851 percellatur,
1136 3769 1309 3852 perpetuae
1331 3767 1456 3854 damp-

272 3879 410 3947 nationi·
433 3880 603 3948 subiaceat
637 3879 723 3948 Beue
745 3881 857 3948 valete.
893 3880 977 3948 Data
999 3881 1149 3948 Kalendis
1164 3881 1359 3966 Deoembris,
1382 3881 1457 3950 im-

272 3996 421 4083 peranted
444 3996 560 4064 domno
582 3997 727 4084 piissimo
751 4001 884 4083 augusto
903 3995 1008 4064 Leone
1031 3997 1133 4064 oDeo
1155 4003 1305 4065 ooronuto
1328 4017 1458 4082 magno

345 4187 366 4220 a.
386 4175 536 4233 repererim.
620 4173 642 4221 b.
664 4174 847 4235 apostolieum.
931 4187 950 4221 r.
971 4173 1139 4233 dampnationis
1157 4179 1191 4222 M.
1274 4173 1297 4221 d.
1318 4174 1462 4236 imperante

272 4253 356 4300 domno
372 4255 395 4300 tn
410 4255 480 4298 tuum
497 4257 523 4302 C.

346 4356 370 4412 1.
394 4355 490 4412 lletth.
505 4357 547 4427 10,
559 4357 603 4412 40.
