3024 4864
292 289 359 356 212
515 305 542 356 s.
559 305 737 356 somnum
757 307 803 355 un
823 307 927 356 nunni
948 305 1239 356 nummulorum

132 456 273 514 tae-‘151
293 443 365 516 see¹
381 447 562 517 Bonifatius
586 449 764 538 episeopus,
787 449 910 534 legatus
925 448 1066 516 Romane
1089 447 1248 532 eeclesiae,
1272 445 1307 514 iu
1321 445 1443 514 Christo·

293 565 435 633 salutem.

380 679 568 748 Dileotionis
590 685 715 748 vestrae
731 680 931 748 elementiam
946 681 1068 748 intimis
1083 679 1290 768 imploramus
1306 677 1445 767 pratibus,

291 802 327 864 ut
353 816 412 885 pro
445 797 537 865 nobis
566 797 761 864 iuteroedore
790 797 874 885 apud
902 795 1081 864 auetoremb
1110 797 1252 862 omnium
1280 793 1446 880 dignemini.

291 911 350 978 Ut⁶
375 932 440 980 nou
469 915 621 998 ignoretis
649 931 779 980 oausam
809 912 901 979 huius
924 911 1044 998 praeis,
1075 911 1198 978 solatis:
1229 912 1319 996 quie,
1346 909 1449 976 nostris

290 1029 429 1114 peooatis
459 1029 673 1114 exigentibus,
702 1028 899 1096 conversatio
929 1027 1196 1115 peregrinationis
1218 1031 1346 1094 nostrae
1367 1023 1449 1091 ιιιιιι

290 1145 532 1231 tempestatibus
555 1145 708 1212 inliditur.
754 1145 901 1230 Undique
922 1143 1028 1227 labor,
1051 1143 1191 1229 undique
1214 1160 1328 1209 meror.
1373 1139 1451 1207 Foris

290 1279 430 1347 pugnae,
454 1261 540 1327 intus
562 1255 721 1328 timores².
769 1260 873 1348 Super
895 1259 1003 1326 omuia
1026 1259 1265 1344 gravissimum:
1290 1257 1374 1344 quod
1392 1255 1452 1321 riu·

292 1381 368 1442 eunt
388 1376 541 1444 insidiaed
564 1376 716 1445 falsorum
730 1376 866 1444 fratrum
880 1375 1055 1443 malitiam·
1069 1373 1243 1442 infidelium
1259 1389 1451 1460 paganorum

292 1491 412 1575 Rogata
441 1511 515 1576 ergo
538 1493 626 1579 pium
649 1492 845 1559 defensorem
868 1492 953 1558 vitae
975 1497 1104 1558 nostrae
1123 1495 1155 1556 et
1175 1491 1303 1557 unitum
1324 1488 1453 1555 salutare

291 1606 503 1675 laborantium
525 1607 693 1692 refugium,
718 1627 835 1692 agnum
850 1607 921 1690 Dei
945 1608 999 1692 qui
1022 1605 1154 1674 abstulit
1175 1611 1305 1692 peooata
1319 1597 1452 1671 mundi:

292 1727 328 1790 ut
356 1741 429 1808 uos,
458 1724 541 1791 inter
568 1722 681 1790 talium
709 1723 857 1810 luporum
886 1722 1003 1790 cubilia
1029 1721 1218 1806 lustrantes,
1247 1721 1379 1788 dextera
1405 1735 1455 1784 soa

291 1843 475 1927 protegente
497 1840 614 1908 inlesos
637 1841 808 1921 custodiam
831 1845 877 1923 ιιι,
901 1838 956 1905 ubi
978 1837 1153 1905 debuerunt
1171 1857 1241 1904 esse
1259 1836 1456 1924 speeiosipe-

291 1955 346 2022 des
375 1957 571 2042 portantium
598 1956 761 2022 lucernam
788 1954 890 2040 paois‘
916 1949 1147 2038 euangelioae‘,
1176 1973 1240 2020 non
1262 1953 1457 2020 inveniantur

289 2071 458 2138 tenebrosa
484 2072 675 2138 ιιιιιιιιιίιιιιιΒ
704 2071 938 2158 apostatarum'¹
967 2069 1117 2154 restigIa3
1152 2069 1208 2136 sed
1242 2070 1346 2154 magis
1374 2072 1458 2156 pater

289 2187 463 2274 piissimus,
488 2188 637 2254 eoeinetis
659 2187 775 2255 lumbis
798 2187 926 2270 nostris,
950 2183 1093 2272 perficiat
1107 2184 1251 2252 luoeruas
1268 2182 1459 2252 ardenteein

290 2302 436 2369 manibus
458 2304 575 2369 nostris
598 2309 631 2370 et
651 2302 821 2369 inluminet
839 2301 935 2369 eorda
950 2301 1115 2385 gentilium
1130 2301 1172 2368 ad
1186 2299 1460 2388 oontemplandum

291 2418 491 2502 euangelium
514 2416 634 2502 gloriae
658 2417 785 2486 Christi

380 2533 466 2602 Inter
488 2553 675 2620 eaproter,
703 2538 740 2599 ut
761 2533 955 2601 iuteroedore
977 2534 1080 2620 pietas
1102 2537 1210 2600 rostra
1231 2551 1289 2620 pro
1312 2532 1387 2599 istis
1409 2547 1461 2618 pa·

290 2650 391 2736 genis,
415 2651 470 2736 qui
491 2651 582 2718 nobis
606 2651 645 2717 ab
669 2648 843 2736 apostoliea
864 2649 938 2717 sede
961 2649 1121 2717 commissi
1136 2655 1220 2734 sunt,
1244 2649 1410 2734 dignetur:
1431 2651 1465 2712 ut

291 2786 345 2833 eos
380 2765 519 2834 salvator
552 2765 662 2832 mundi
690 2765 729 2831 ab
757 2763 925 2830 idolorum¹
953 2765 1078 2832 oultura
1105 2766 1227 2852 eripere
1256 2765 1409 2850 dignetur
1435 2765 1466 2828 et

292 2881 463 2967 adgregare
491 2881 621 2949 anime*
643 2881 754 2947 mamis
777 2880 948 2948 oatholioae
970 2879 1045 2948 liliis
1073 2881 1239 2966 eooleeiae,
1269 2881 1310 2947 ad
1338 2880 1466 2948 laudem

292 3003 324 3066 et
345 2997 480 3082 gloriam
502 2997 639 3065 nominis
662 2997 726 3079 sui3
751 2999 805 3082 qui
827 2997 896 3065 uult
918 3015 1027 3064 omnes
1050 2996 1193 3064 homines
1216 2996 1320 3064 saluos
1344 2993 1469 3064 lieriet

293 3113 333 3180 ad
356 3113 550 3198 agnitionem
572 3112 716 3180 veritatis
739 3111 875 3180 venirel.
922 3112 1011 3181 Volo.

296 3272 357 3344 73.
381 3275 566 3361 Bonafate'aa
587 3275 780 3360 Eadbargae
802 3275 977 3340 abbatissae
1003 3273 1194 3341 Theneteaei
1214 3277 1253 3340 de
1275 3273 1369 3340 libres
1393 3275 1469 3338 mie·

383 3386 427 3448 aie
447 3386 570 3468 prateae
593 3380 681 3468 apel
1197 3378 1232 3462 (S
1251 3383 1301 3464 14,
1324 3377 1400 3447 WG
1419 3379 1473 3458 18)

134 3517 276 3574 tae-751
382 3505 615 3572 Dilectissimae
637 3506 739 3571 sorori
753 3511 785 3572 et
804 3504 870 3571 iam
886 3505 1004 3572 dudum
1019 3505 1173 3593 spiritalis
1188 3503 1381 3574 clientelae·
1398 3523 1473 3592 pro-

293 3623 472 3709 pinquitate
493 3639 630 3688 oonexae
652 3620 822 3705 Eadburge
849 3620 1028 3689 abbatissae
1049 3621 1230 3689 Bonifatius
1259 3640 1374 3690 servus
1407 3641 1475 3687 ser·

293 3759 406 3806 vorum
428 3738 490 3804 Dei
512 3756 683 3824 perennem
705 3736 740 3802 in
763 3735 889 3804 Christo
912 3721 1056 3806 salutem.

366 3885 387 3918 a.
406 3871 504 3918 Domino
521 3874 555 3918 Μ.
634 3871 656 3917 b.
678 3872 778 3918 autorem
796 3871 823 3917 V.
902 3883 922 3918 a.
942 3869 1164 3931 sesemetipsum
1184 3879 1218 3917 eet
1237 3873 1260 3917 tn
1283 3871 1309 3918 C.
1394 3871 1419 3918 d
1441 3871 1476 3918 iu·

293 3952 353 3998 sidiu
370 3952 398 3999 V.
477 3965 497 3998 e.
518 3953 582 3998 llaec
601 3955 624 3996 ta
641 3953 710 3998 Ceio
730 3961 783 3998 sunt
801 3959 916 3996 eemceo:
936 3951 1037 3997 timores.
1062 3949 1173 4010 Quodque
1189 3953 1225 3997 est
1240 3963 1309 4009 super
1324 3949 1410 3997 omnia
1426 3963 1479 4009 gra·

292 4031 418 4088 desimam,
434 4031 532 4078 insidiae
547 4029 655 4077 remorum
670 4029 773 4084 fratrum,
789 4041 833 4090 que
849 4029 942 4078 dosunt
957 4029 1067 4078 malitiam
1083 4040 1124 4076 ut.
1175 4029 1192 4076 ι
1212 4029 1289 4090 paneis
1304 4032 1341 4077 Ι.
1399 4043 1425 4088 g.
1442 4044 1480 4076 er·

292 4112 367 4158 rantis
384 4111 440 4165 MV,
459 4129 516 4160 corr.
531 4113 554 4156 r'a
570 4110 694 4156 errantium
710 4112 736 4158 C.
806 4109 830 4156 h.
851 4111 1006 4170 aposhtorum
1023 4113 1056 4157 Μ.
1125 4109 1142 4156 i.
1162 4108 1277 4156 idolorum
1294 4109 1322 4156 V.
1400 4109 1428 4156 k.
1444 4109 1481 4157 rt·

293 4191 357 4238 elme
375 4193 401 4239 C.
478 4190 494 4237 l.
515 4207 544 4235 ιε
560 4192 588 4236 Μ
604 4191 738 4244 eo-ste,
760 4189 836 4246 068,
860 4190 918 4237 Va.
945 4192 1050 4237 Louma-
1069 4189 1127 4236 Item
1148 4187 1246 4249 epistola
1262 4186 1379 4235 Bonlfnaii
1399 4188 1484 4236 trehi-

294 4271 396 4332 episeopl
412 4271 491 4319 MCV.
569 4282 599 4315 nn
619 4267 746 4316 edentellae
764 4269 792 4316 V.

366 4350 391 4402 1.
409 4346 592 4417 Theneteusi3
611 4363 637 4402 v.
651 4345 819 4417 euprepii
831 4347 895 4400 ui.
948 4347 974 4400 2.
994 4345 1146 4402 icorinth.
1160 4346 1185 4416 7,
1197 4345 1223 4401 5.
1268 4344 1295 4400 3.
1313 4342 1377 4400 lolr.
1390 4348 1421 4416 1,
1435 4347 1485 4402 ΞΘ.

293 4436 321 4491 4.
344 4432 596 4504 ct.Rom.1o,1o.
669 4435 695 4490 o.
720 4433 867 4491 l'liunotlr.
880 4433 945 4504 2,4.
