3148 4846
435 317 622 364 brisuensis
644 317 871 364 uocurrmss
895 317 925 364 14
1198 301 1261 368 ecl

97 505 242 524 ......
262 479 298 526 11
325 459 514 543 certissime,
550 467 734 544 quacunque
915 458 1431 592 (11111111111111111111Ιῃῒ81111ί1ι1ἑ11

97 579 150 642 tua

185 689 370 758 Condictum
394 692 458 757 iam
480 690 580 758 habeo
602 689 780 775 concilium,
804 692 844 758 ad
869 691 951 776 quod
974 689 1109 759 confluet
1129 691 1263 759 usuum

95 827 238 874 meorum
260 807 474 893 venerandum
496 806 687 891 conlegium3
712 806 931 892 ematqueibi
954 807 1076 874 consilii
1094 808 1194 874 nostri
1212 828 1263 874 co-

1 905 2 916 *
95 927 277 1010 operatores
294 921 476 1006 Piligrimus
492 921 687 989 Coloniensis
698 919 715 1008 ¹,
731 921 840 1009 Poppo
853 918 1077 1006 Trevirensis’,
1093 923 1263 992 venerandi

94 1038 358 1126 protopraesules.
406 1037 468 1105 Sed
503 1040 577 1123 quia
610 1039 649 1105 de
682 1045 797 1126 nepote
825 1033 912 1105 meo⁸
940 1036 1129 1122 Pliligrimo)
1157 1040 1263 1124 timeo,

94 1159 130 1222 nt
164 1154 298 1222 senioris
326 1151 405 1221 mei‘
435 1153 604 1221 artificioso
632 1155 810 1222 retardetur
838 1155 983 1238 consilio,
1018 1155 1202 1222 commendo
1231 1157 1263 1224 id

93 1277 168 1338 tuae
190 1269 394 1338 fidelissimae
418 1271 538 1357 pietati,
562 1275 597 1336 ut
619 1275 655 1336 tu
675 1270 767 1337 illum
785 1271 979 1355 aggrediaris
994 1291 1136 1338 seorsum
1152 1277 1184 1338 ct
1198 1272 1265 1339 sive

93 1388 251 1454 volentem
280 1388 346 1453 sive
372 1386 530 1454 nolentem
553 1386 586 1452 in
611 1387 791 1453 ascensione
815 1383 958 1453 Domini‘
983 1387 1023 1452 ad
1045 1393 1189 1454 nostrum
1206 1407 1264 1467 Ι11-

94 1503 163 1570 nire
186 1503 283 1570 iacias
310 1503 486 1569 concilium.
576 1502 726 1586 Proinde,
750 1502 919 1569 karissima
941 1502 1078 1587 domina,
1201 1525 1263 1570 non

94 1639 223 1707 possum
254 1618 356 1686 celare
383 1623 431 1702 te,
461 1617 542 1704 quod
575 1618 676 1684 adhuc
699 1669 728 1684 ..
753 1618 968 1685 absconditum
993 1618 1092 1686 habeo
1116 1619 1155 1686 ab
1179 1621 1264 1686 omni

96 1786 214 1803 ......
244 1742 276 1803 et
304 1734 455 1821 quidquid
479 1734 637 1817 desidero,
668 1740 800 1801 utute
823 1735 925 1801 verbis
948 1735 1123 1802 minacibus
1146 1736 1264 1820 audiat,

95 1853 185 1938 quasi
209 1873 260 1918 me
280 1851 447 1918 nesciente.
484 1899 514 1916 ..
539 1849 733 1918 boloniensis
749 1852 915 1938 episeopus
929 1853 999 1938 ipse
1014 1873 1056 1918 na
1067 1899 1164 1919 .....
1188 1871 1263 1919 con-

95 1968 242 2052 stitutus,
266 1968 408 2052 quamvis
430 1988 493 2034 non
515 1969 689 2051 ignoraret,
717 1987 811 2053 quam
835 1967 1097 2034 inrationabiliter
1119 1989 1170 2036 mc
1192 1969 1265 2035 illu·

96 2103 164 2150 sum
190 2084 320 2150 baberet
342 2080 561 2170 apostolicusl,
584 2090 690 2150 tamen
714 2089 746 2150 et
767 2083 965 2150 familiariter
988 2085 1055 2150 eius
1078 2084 1161 2151 dona
1177 2105 1264 2152 acce-

95 2202 144 2287 pit
166 2204 200 2267 et
221 2199 428 2266 amicabiliter
451 2199 517 2265 suis
539 2199 629 2266 illum
652 2199 834 2266 muneribus
858 2200 1009 2267 oneravit.
1045 2199 1089 2267 Et
1110 2199 1163 2266 ubi
1186 2200 1265 2268 mibi

95 2316 199 2382 honor
219 2315 323 2402 pallii,
348 2315 491 2400 quamvis
514 2316 640 2400 iniuste,
664 2321 712 2381 est
733 2316 935 2400 interdictus,
958 2317 1003 2383 ibi
1025 2315 1114 2403 pallii
1137 2317 1186 2383 sui
1209 2318 1265 2384 bo-

96 2451 154 2498 nor
176 2451 240 2498 non
264 2431 365 2498 solum
388 2435 436 2498 est
458 2431 657 2515 melioratus,
680 2432 750 2516 sed,
773 2437 810 2498 ut
831 2433 934 2517 aiunt,
959 2432 1189 2517 quodammodo
1212 2433 1265 2500 de-

98 2553 243 2629 auratus3
275 2549 364 2633 quasi
387 2549 447 2614 sibi
470 2548 543 2614 inde
567 2548 610 2614 sit
632 2554 723 2614 aucta
746 2547 882 2632 dignitas
906 2549 973 2615 sive
996 2547 1156 2636 duplicata
1177 2551 1265 2617 festi-

98 2665 189 2748 vitas,
214 2664 296 2741 unde
317 2664 396 2730 mihi
412 2663 641 2750 aliquantulum
657 2683 792 2750 oppres.
807 2714 814 2730 .
829 2715 836 2729 .
851 2715 858 2730 .
882 2665 999 2751 perditi
1014 2665 1141 2731 honoris
1158 2687 1266 2732 amara

98 2780 333 2848 calamitas
373 2779 416 2846 Et
446 2780 519 2864 quia
546 2780 666 2865 pudore
693 2800 756 2846 non
779 2781 867 2866 potui
890 2786 980 2867 perte
1101 2782 1191 2867 quasi
1213 2803 1265 2849 me

96 2898 255 2964 nesciente
279 2945 397 2962 ......
410 2895 477 2962 rius
500 2895 659 2982 imputari.

184 3011 321 3079 Proinde
431 3011 647 3079 celsitudinem
675 3017 763 3077 tuam
792 3011 937 3079 obnixius
967 3012 1131 3099 deprecor:
1160 3019 1211 3098 ut,
1237 3015 1266 3081 si

97 3129 245 3196 fratem·
266 3135 371 3212 tuum,
402 3129 562 3194 dominum
591 3127 736 3194 videlieet
757 3126 930 3195 Metensem
953 3125 1162 3215 episcopum⁷,
1193 3135 1266 3198 ante

98 3265 192 3331 quam
215 3265 272 3329 ego
295 3245 419 3329 videas,
447 3244 486 3311 de
508 3263 580 3310 mea
602 3249 691 3330 parte
713 3245 869 3310 maximas
891 3245 1009 3328 gratiss
1032 3245 1165 3330 referas,
1190 3265 1266 3331 quo-

97 3363 183 3428 niam
215 3362 298 3448 apud
327 3361 431 3428 sedem
464 3379 553 3426 suam
581 3365 670 3426 tanta
698 3366 861 3447 susceptus
890 3382 959 3428 sum
987 3361 1196 3448 benignitate,
1230 3369 1267 3429 ut

96 3499 154 3546 nco
177 3477 287 3544 utilius
310 3497 368 3544 nec
390 3471 589 3544 honorificias
613 3475 731 3561 aliquid
753 3475 831 3542 mihi
852 3483 961 3563 posset
979 3477 1119 3544 exhiberi
1136 3478 1265 3563 Mogon-

97 3595 170 3662 tiae.
213 3593 301 3661 Illius
336 3593 475 3661 consiliis
509 3593 583 3677 quia
614 3598 687 3679 post
714 3591 816 3659 Deum
845 3598 877 3659 ot
905 3599 937 3659 te
965 3593 1103 3661 maxime
1132 3595 1265 3680 conlido,

98 3711 246 3798 quoniam
274 3709 308 3776 id
336 3709 537 3778 devotissimo
561 3709 732 3795 promereri
756 3757 852 3774 .....
880 3709 979 3777 habeo
1009 3711 1152 3795 servitio,
1183 3711 1265 3779 solo-

97 3833 188 3894 tenus
218 3831 396 3914 prostratus
425 3825 580 3910 efflagito:
611 3830 648 3891 nt
674 3825 736 3891 tuis
764 3824 851 3892 illurn
881 3825 1027 3912 precibus
1055 3828 1153 3894 iacias
1181 3827 1265 3915 apud
1314 3859 1317 3866 ·

99 3943 224 4010 Hastati
247 3942 337 4008 iuxta
351 3941 546 4026 blogumtiam
566 3943 718 4008 interesse
733 3943 899 4009 conventui
915 3947 1022 4010 nostro
1046 3991 1097 4010 ...
1123 3943 1177 4029 qui
1191 3963 1264 4010 con·

169 4090 190 4124 ι.
209 4075 303 4123 {rabum
318 4077 353 4124 ed.

169 4155 194 4208 1.
218 4155 402 4209 1011-1036.
493 4155 519 4209 2.
545 4153 728 4208 1017-1047.
821 4155 846 4208 0.
871 4152 913 4209 (ll.
931 4153 1056 4224 Wiponis
1073 4151 1263 4209 1111011111-

97 4243 157 4298 11ᾶί
176 4244 240 4313 imp.
260 4243 341 4304 (lton.
361 4243 453 4300 Germ.
472 4241 521 4298 ss.
540 4241 580 4296 Xl
591 4241 668 4304 ldsst:
689 4241 860 4311 ,Pilegrinus
880 4273 911 4282 -
931 4241 1150 4312 consanguineus
1168 4240 1263 4297 Aribo

98 4333 140 4388 uls
158 4331 386 4401 archiepiscopi“.
493 4331 519 4385 4.
542 4329 662 4386 Heinriei
674 4331 700 4384 Π
716 4331 895 4401 imperatoris.
1001 4333 1026 4388 5.
1052 4331 1086 4386 14
1103 4330 1167 4386 Maii
1186 4331 1264 4388 1024.

101 4421 126 4476 6.
148 4420 315 4476 Benedictus
327 4419 402 4476 v111.
492 4421 517 4476 7.
539 4418 738 4476 Theodericum
749 4419 784 4475 H.
