3164 4842
328 287 395 355 526
675 305 849 355 rumunur
871 307 950 354 vrrs
972 305 1145 354 nnnnoure

329 448 525 531 guntincnsis
552 447 709 534 prefectos
733 483 772 494 -
799 447 930 533 ideoque
959 447 1062 514 dicam
1088 447 1250 530 inmerito,
1279 446 1353 532 quia
1379 447 1414 512 in
1435 445 1487 513 dc-

329 569 471 648 speotum
500 570 532 631 st
552 563 773 632 contumcHem
797 562 1018 650 archipresulis
1041 563 1200 629 mitissimi
1223 581 1345 629 omnem
1368 561 1490 630 iniusti·

328 680 407 746 tiam
429 685 462 746 et
475 678 721 746 dominationem
735 679 876 764 iniquam
892 680 1033 746 exercuit
1046 679 1079 744 in
1096 677 1271 745 hominibus
1287 678 1395 746 Sancti
1409 677 1491 744 Mar·

328 793 389 862 tini
405 831 446 842 -
462 815 559 860 unum
583 815 623 862 ex
645 796 800 862 iudicibus
822 795 970 878 civitatis,
994 794 1072 862 benc
1094 800 1204 862 natum
1227 799 1259 860 ct
1278 794 1490 862 honorabilem

329 912 442 994 virum,
465 911 702 997 comprehendit
724 917 756 977 ct
777 911 876 994 virgis
897 929 1005 976 cesam
1026 910 1192 976 tutundit.
1229 909 1368 976 Tribuno
1390 909 1491 997 plebis

329 1027 460 1094 insidias
487 1026 604 1092 multas
627 1027 764 1112 paravit3
794 1027 840 1092 sic
860 1026 989 1092 tandem
1013 1025 1092 1092 nihil
1114 1025 1296 1112 perficiens,
1325 1025 1411 1112 apud
1433 1027 1492 1092 im·

329 1149 507 1228 pcrctorsm
533 1142 615 1208 falsa
642 1142 729 1208 illum
759 1144 956 1210 accusatione
984 1141 1136 1229 pulsavit,
1168 1142 1267 1208 donec
1289 1142 1382 1209 homo
1405 1141 1492 1210 dives

329 1265 362 1325 ct
381 1258 558 1342 grandevus
581 1257 664 1343 ipse,
692 1257 726 1324 in
754 1277 867 1342 aquam
890 1257 1112 1324 miserabiliter
1135 1259 1264 1342 missus,
1294 1257 1354 1325 Dei
1376 1257 1491 1324 iudicio

327 1374 477 1441 iniectum
499 1375 617 1440 crimen
633 1373 768 1440 Domino
792 1373 963 1440 auxiliante
985 1374 1141 1458 purgavit
1181 1373 1320 1441 Tertium
1336 1373 1492 1458 quendum

328 1510 368 1556 ex
390 1489 509 1556 civibus
529 1488 819 1574 Mogontiuensibus
843 1490 909 1556 cius
932 1490 1083 1555 instincta
1104 1490 1276 1575 imperator
1298 1489 1364 1556 suis
1386 1489 1492 1556 cuthe-

327 1605 377 1672 nis
398 1606 540 1690 involvit
563 1607 662 1674 donoc
684 1606 810 1673 tandem
833 1605 965 1691 pecnnia
987 1604 1200 1672 membrorum
1222 1625 1350 1671 suorum
1373 1605 1492 1672 sunita-

327 1726 391 1788 tcm
413 1722 556 1788 redemit
592 1722 706 1790 Multos
730 1721 869 1788 ciusdem
892 1721 1029 1788 civitatis
1052 1721 1130 1787 alios
1153 1720 1237 1786 idem
1259 1720 1490 1804 Erkenbnlduc,

326 1836 449 1904 malitia
475 1837 604 1924 plenus,
637 1836 788 1904 diversisb
817 1837 890 1902 lesit
916 1835 1033 1922 ubique
1059 1835 1218 1923 periculis.
1253 1837 1358 1921 Atque
1386 1838 1491 1924 ipsum

327 1953 543 2021 beatissimum
559 1952 620 2020 Dei
641 1951 958 2035 immunitatum,
983 1952 1145 2019 dominum
1168 1973 1269 2036 suum,
1293 1951 1377 2038 apud
1400 1971 1492 2018 aures

326 2069 527 2155 imperatoris
555 2069 702 2153 frequens
736 2088 864 2134 susurro
897 2068 1116 2135 detractionis⁰
1146 2087 1265 2136 veneno
1300 2067 1431 2153 polluit;
1464 2073 1494 2133 et

326 2205 401 2271 sepe
423 2205 522 2270 usqne
545 2185 585 2250 ad
607 2185 851 2251 sathtacttonem
873 2185 963 2251 illnm
985 2183 1140 2268 neqcrumd
1155 2183 1433 2250 contaminationis
1448 2184 1494 2248 in·

327 2299 470 2386 pulsione
492 2301 603 2384 coegit.
693 2299 764 2386 lpse
793 2321 867 2366 vero
896 2301 1095 2367 beatissimus
1117 2299 1221 2366 Bardo
1251 2299 1414 2386 propriam
1440 2319 1493 2385 pa·

327 2417 442 2482 tientes
470 2417 620 2482 iniuriam
645 2416 734 2498 tuht3
769 2435 959 2500 suorumque
988 2415 1182 2502 calumpnias
1211 2393 1338 2499 lugens,
1368 2413 1493 2482 fletibus

326 2532 520 2598 incessanter
548 2533 664 2598 amaris
691 2542 741 2598 se·
764 2531 911 2618 pertudit
947 2530 1082 2598 Surorum
1110 2531 1230 2598 cladem
1253 2549 1342 2598 sunm
1365 2532 1495 2598 estimo·

327 2648 388 2730 vit3
411 2647 500 2714 illam
521 2647 632 2732 doluit,
653 2649 742 2715 illam
764 2648 831 2716 Deo
855 2652 888 2714 ct
909 2649 1026 2714 sanctis
1050 2649 1117 2714 eius
1140 2648 1265 2714 cosidtm
1286 2647 1319 2712 in
1342 2648 1495 2714 orah'oni·

327 2763 385 2830 bus
408 2763 586 2830 inculcavit
916 2851 919 2861 Ι

417 2879 559 2958 Quadam
587 2899 661 2946 vcro
690 2886 796 2964 nocte,
826 2880 901 2948 dum
929 2881 978 2946 vir
1005 2885 1131 2946 sanctus
1155 2879 1253 2964 quieti
1275 2877 1420 2946 membra
1442 2878 1495 2945 dc·

327 2995 440 3080 disset,
470 2995 614 3062 arborem
643 3016 747 3062 coram
771 2997 912 3083 sompnis
935 2995 1060 3061 adstare
1084 2995 1176 3076 vidit3
1200 3002 1232 3060 et
1254 3015 1311 3081 per
1335 2996 1496 3080 quandam

327 3131 436 3178 vocem
457 3111 537 3178 illud
559 3112 660 3177 sancti
682 3111 844 3178 Iohannis:
868 3113 924 3176 Ad
944 3115 1083 3178 radicem
1104 3113 1228 3178 artata
1249 3116 1315 3176 iam
1326 3115 1437 3198 posita
1451 3123 1497 3177 eat

326 3223 460 3294 secaris¹
482 3226 591 3294 audire
621 3229 802 3313 promeruit
841 3226 886 3294 Et
912 3228 1031 3294 factum
1060 3233 1122 3311 cst,
1151 3232 1246 3314 prout
1273 3227 1306 3292 iu
1330 3226 1495 3309 euangeho

326 3343 535 3430 promittitur:
572 3345 667 3410 Beati
698 3349 755 3430 qui
787 3345 905 3430 turpent,
942 3347 1092 3430 quantiam
1124 3347 1190 3430 ipsi
1223 3337 1495 3410 somonam&

326 3459 404 3526 Post
435 3459 593 3526 modicum
629 3480 702 3526 vero
730 3467 853 3546 tempus
881 3477 985 3526 comes
1014 3479 1112 3546 supra
1139 3458 1256 3541 dictus,
1292 3463 1328 3524 ut
1356 3457 1496 3524 Domino

326 3573 525 3662 complacuit,
548 3577 582 3641 in
598 3577 796 3661 presentiam
818 3575 902 3642 beati
925 3574 1147 3661 archipresulis
1165 3574 1205 3640 ad
1219 3575 1371 3641 iudicium
1385 3578 1497 3642 venire

327 3693 494 3760 consensit
529 3692 576 3759 lbi
599 3713 673 3760 vcro
699 3691 947 3760 commilitonum
976 3710 1105 3758 suorum
1127 3691 1243 3757 iudicio
1266 3689 1497 3758 abiudicatum‘

328 3807 531 3875 beneficium⁸
553 3808 693 3895 perdidit
721 3813 768 3892 et,
796 3807 955 3874 fidelitatis
987 3827 1112 3874 rursum
1141 3808 1307 3874 securitate
1337 3806 1496 3890 adiurute,

327 3923 412 3992 idem
439 3922 623 3992 beneficium
651 3925 837 4011 repetitione
865 3925 1018 4011 probrosa
1044 3924 1171 4010 recepit
1263 3923 1327 3990 Nec
1355 3922 1411 3988 diu
1432 3921 1497 3990 ruit

399 4152 420 4184 ι.
439 4137 540 4184 totundit
556 4155 576 4184 a.
648 4136 670 4184 b.
691 4138 788 4185 diversit
799 4103 893 4198 ¹sarr'pm't
911 4137 1063 4184 Wasontact
1077 4153 1120 4194 pro
1136 4137 1240 4184 dimouit
1254 4137 1306 4184 cod.
1376 4148 1396 4181 c.
1416 4135 1495 4182 demo

328 4216 401 4264 donis
416 4235 436 4263 c.
514 4217 536 4264 d.
555 4231 653 4277 unquam
669 4235 689 4264 a.
767 4233 787 4264 e.
809 4231 834 4266 sc
850 4219 941 4266 addidi.
1018 4217 1034 4264 t
1055 4216 1198 4264 cbiudicutus
1213 4235 1233 4262 c.
1305 4229 1327 4273 g.
1346 4213 1450 4264 benefici
1466 4233 1494 4271 ις

328 4300 360 4356 cf.
376 4297 439 4358 (μοί
453 4301 564 4360 sequitur:
580 4297 639 4344 idem
656 4296 796 4344 beneficium.

400 4402 424 4454 1.
446 4400 581 4472 uacua,
594 4403 637 4456 10.
727 4403 752 4456 o.
776 4401 870 4456 hato.
883 4403 909 4472 5,
921 4403 947 4457 a.
