3164 4842
320 304 409 372 514⁴
676 323 866 372 nmronsus
888 323 934 371 on
957 323 983 372 s.
1000 323 1131 372 snvnno

319 471 426 533 utrum
447 465 539 532 mam
561 484 620 532 neo
641 485 692 548 ne,
714 485 778 532 non
802 471 851 532 est
872 485 978 534 meum
1000 465 1148 532 iudicare.
1184 465 1294 550 Quem,
1318 466 1391 533 dum
1404 487 1477 553 puer

320 601 430 665 essem,
453 602 505 648 me
528 581 645 649 vidisse
668 581 807 648 memini.
842 581 924 648 Huio
946 585 1015 647 erat
1036 581 1243 668 consuetudo,
1266 602 1324 668 per
1346 581 1477 648 diversas

318 698 427 781 uagari
443 698 620 784 provincias
637 703 668 764 et
683 703 866 764 sanatorum
881 697 1039 782 reliquias,
1057 697 1244 784 ubicumque
1259 697 1372 784 potuit,
1387 697 1479 764 furari

319 819 448 898 questus
464 833 568 880 eausa.
592 813 652 880 Hie
667 815 706 881 ad
721 815 918 901 praedictum
933 814 1169 898 monasterium,
1186 813 1269 899 quod
1284 813 1367 878 inter
1377 812 1479 880 urbem

318 927 502 996 &vennam
529 935 562 996 et
590 929 741 997 Sanctum
762 931 983 1017 Apollinarem
1012 930 1108 996 situm
1136 949 1205 996 esse
1233 929 1387 1012 diximus,
1414 949 1480 994 eum

318 1045 506 1132 quibusdam
529 1046 622 1112 sooiis
645 1046 741 1114 venit.
775 1045 884 1133 Ibique
906 1045 1068 1130 religionis
1090 1047 1209 1129 gratia·
1233 1045 1324 1130 quasi
1349 1045 1481 1131 peregrl-

319 1181 379 1227 nus
402 1167 565 1248 susceptus
589 1168 652 1245 est3
676 1168 859 1248 tanmmqne
882 1161 1009 1229 illorum
1030 1162 1164 1228 fratrum
1188 1167 1336 1248 expertus
1360 1167 1409 1227 eet
1429 1160 1481 1226 bu·

317 1277 519 1362 manitatem,
547 1283 584 1344 ut
604 1279 778 1346 cottidiana
797 1277 905 1362 mihil,
930 1279 1020 1363 quasi
1042 1297 1123 1344 unns
1146 1299 1185 1344 ex
1208 1277 1301 1364 ipsis,
1332 1277 1483 1362 aooiperet

318 1393 485 1479 stipendia
520 1391 581 1472 Qui
604 1397 710 1478 etiam,
734 1416 773 1462 ne
796 1395 844 1461 illi
865 1395 980 1460 fratres
1003 1393 1123 1479 aliquid
1145 1395 1184 1460 de
1201 1414 1236 1460 eo
1252 1393 1482 1480 suspioarentur

317 1509 498 1592 sinistrum,
529 1515 726 1577 sacramento
748 1507 903 1595 firmavit,
933 1531 966 1576 se
988 1529 1159 1594 numquam
1183 1509 1221 1575 de
1245 1509 1355 1575 eodem
1379 1527 1482 1575 mona·

316 1626 412 1693 sterio
436 1625 674 1693 discessurum.
709 1624 871 1712 Cumque*
892 1633 958 1693 tam
981 1625 1181 1692 familiariter
1203 1645 1239 1692 eo
1256 1625 1318 1692 loei
1333 1624 1482 1710 aliquam·

316 1741 371 1807 diu
393 1742 574 1808 eonversari
596 1742 780 1828 eoepissotq
803 1743 909 1810 iunxit
931 1763 965 1809 se
987 1741 1109 1809 eustodi
1129 1741 1308 1825 aeoolesiae‚
1332 1741 1425 1828 eique
1439 1759 1482 1806 ss-

316 1855 426 1923 dulum
450 1857 619 1925 exhibebat
640 1859 834 1944 obsequium.

405 1973 543 2061 Tempus
566 1981 673 2042 autem
695 1979 885 2062 oportunum
909 1972 949 2038 ad
972 1972 1004 2038 id
1024 1979 1155 2060 propter
1170 1973 1252 2058 quod
1267 1977 1483 2040 veneratnae-

316 2095 378 2173 tos,
402 2111 475 2156 ossa
495 2092 730 2176 praedictorum
753 2091 875 2157 iuratus
899 2095 948 2156 est
969 2095 1160 2173 sanctorum,
1185 2095 1216 2155 et
1234 2109 1306 2155 oum
1321 2089 1390 2156 suis
1405 2108 1483 2156 oom-

316 2205 451 2291 plioibns
472 2205 581 2290 fugam
603 2207 683 2273 iniit
720 2206 809 2285 Quod
832 2225 903 2272 aum
925 2205 1039 2273 nabes
1062 2206 1305 2291 comperissent,
1333 2207 1484 2272 miserunt

317 2322 445 2388 nuntios
469 2323 509 2388 ad
531 2325 699 2409 optimates
723 2323 849 2407 ltaliae,
872 2329 908 2388 ut
930 2341 1039 2388 omnes
1062 2323 1166 2388 exitus
1188 2321 1311 2386 viarum
1334 2321 1376 2388 de
1399 2319 1484 2387 Italia

317 2444 594 2524 praeooonparent,
617 2449 674 2504 ne‘
697 2437 870 2506 ullatenus'
884 2438 958 2504 inde
977 2437 1041 2504 labi
1063 2438 1227 2525 potuisset.
1262 2437 1308 2503 At
1327 2436 1396 2521 illo,
1418 2457 1484 2503 eum

317 2553 388 2618 looa
409 2553 469 2621 sibi
492 2552 660 2637 effugiendi
682 2555 837 2638 denegata
858 2555 1069 2638 agnovisset,
1093 2573 1151 2640 per
1172 2553 1265 2620 devia
1285 2559 1384 2620 nootn
1406 2555 1486 2620 inoe

319 2668 396 2735 dens
420 2668 564 2735 Ticinum
586 2669 688 2752 venit,
711 2669 817 2756 ibique
841 2670 1000 2755 aliquanto
1023 2669 1116 2735 latuit
1138 2675 1290 2756 tempore.

248 2797 300 2852 836
407 2785 532 2852 Interea
553 2785 775 2852 Hludowions⁸
797 2787 971 2873 imperator
986 2785 1150 2870 Otgarium
1166 2784 1418 2870 Mogontiensem
1440 2805 1487 2851 ar·

319 2901 553 2988 ohiepisoopum
581 2907 614 2968 et
642 2901 739 2968 Hilti'·
768 2898 1039 2969 viridunensem*¹
1067 2901 1240 2968 antistitem
1269 2901 1412 2986 duosque
1439 2921 1487 2967 eo-

318 3017 426 3102 mites‚
462 3039 595 3103 quorum
629 3017 710 3085 alter
739 3017 887 3086 Warinus
916 3019 996 3086 alter
1025 3017 1196 3100 Adalgisns
1229 3018 1417 3102 vocabatur,
1450 3015 1487 3082 ad

319 3129 558 3200 Hlutharium¹²
573 3133 672 3200 filium
695 3155 797 3219 suurn,
822 3136 875 3220 qui
892 3155 928 3202 eo
944 3141 1086 3220 tempore
1102 3133 1203 3200 Tioini
1219 3132 1413 3218 morabatur,
1437 3131 1489 3200 de-

319 3246 466 3316 stinavit³
488 3270 546 3336 pro
569 3269 647 3336 paee
669 3255 702 3316 et
724 3253 871 3317 amicitiis
894 3251 977 3317 inter
1000 3271 1054 3317 eos
1077 3249 1288 3333 renovandis'‚
1311 3269 1395 3335 quae
1415 3269 1488 3336 pra·

319 3385 430 3431 vorum
452 3365 615 3432 hominum
637 3367 868 3434 machinatione
891 3387 931 3433 ex
953 3366 1059 3451 aliqua
1081 3372 1172 3452 parte
1194 3371 1286 3432 erant
1306 3365 1464 3432 turbatae.

408 3480 476 3559 Quo
509 3501 581 3548 eum
613 3483 845 3568 pervenissent,
880 3483 1060 3569 praediatus
1088 3481 1179 3548 Felix
1207 3501 1279 3548 oum
1307 3489 1491 3548 sanatorum

253 3669 257 3678 r
318 3597 477 3683 reliqniis,
508 3617 585 3683 quas
607 3599 729 3665 furatum
752 3600 870 3683 fuerat,
894 3600 934 3666 ad
956 3597 1131 3684 hospitium
1155 3597 1277 3682 Otgarii
1299 3617 1334 3664 se
1356 3597 1491 3664 eontulit

191 3714 195 3724 '
319 3720 360 3797 et,
384 3713 519 3799 qualiter
541 3713 677 3799 iecisset,
700 3714 860 3782 indicavit
896 3715 979 3794 Quas
995 3716 1143 3800 Otgarins
1166 3735 1236 3781 eum
1259 3714 1374 3797 gaudio
1391 3715 1490 3781 susei-

319 3830 409 3918 piens
432 3831 497 3896 suis
521 3830 685 3897 absoondit
706 3831 738 3898 in
763 3832 886 3898 seriniis
909 3837 951 3916 et,
975 3853 1014 3899 ne
1037 3833 1131 3900 alieni
1145 3832 1186 3900 ad
1200 3831 1297 3897 illas·
1311 3835 1490 3918 patesoeret

391 3996 412 4029 a
431 3982 550 4041 religionis
565 3983 639 4041 grstia
654 3999 696 4029 on.
713 4001 732 4028 o.
795 3982 817 4030 b.
839 4001 881 4031 on.
895 4002 915 4030 o.
977 3997 1006 4030 e·
1018 3997 1159 4031 maessurum
1176 3985 1212 4030 ed.
1274 3982 1296 4029 d
1318 3981 1402 4029 Postea
1419 3947 1490 4041 ope·

320 4061 419 4123 dumque
434 4086 457 4094 -
471 4064 593 4122 coepisset.
660 4077 680 4110 e.
697 4064 774 4110 autre
785 4064 822 4110 ed.
888 4061 904 4108 i.
921 4080 964 4110 om.
976 4082 995 4110 c.
1057 4077 1079 4122 g.
1095 4063 1229 4110 Ludowiens
1240 4063 1277 4108 ed.
1339 4061 1362 4108 lr.
1377 4059 1490 4108 Eildied.

319 4142 335 4188 1.
356 4141 529 4190 wodorensem
544 4144 580 4190 ed.
657 4142 680 4190 k.
700 4142 831 4190 Leiberium
847 4144 883 4190 ed.
961 4143 976 4190 1.
997 4143 1130 4204 reparandis
1147 4144 1183 4190 ed.
1261 4155 1291 4188 m.
1310 4141 1352 4188 illa
1366 4160 1386 4188 c.

391 4249 416 4301 1.
434 4246 634 4302 virdunensem
646 4246 813 4316 episoopum,
832 4247 991 4303 sal-847.
1063 4247 1088 4301 2.
1107 4247 1308 4317 imperatorem
1378 4245 1489 4314 apost

320 4335 356 4389 ib
373 4335 440 4388 Deo.
458 4335 519 4390 885.
547 4335 581 4392 V.
599 4335 740 4390 Prudentii
758 4336 902 4392 Treeensis
920 4337 1033 4392 annales
1055 4337 1122 4407 836,
1146 4337 1218 4392 lion.
1231 4335 1322 4394 Germ.
1336 4333 1384 4391 SS.
1399 4334 1485 4390 1429.

321 4419 362 4478 Gi.
381 4421 521 4477 Dtimmler
538 4422 637 4479 (iasab.
656 4424 706 4480 des
724 4423 857 4480 ostfriinlr.
876 4425 975 4480 Reiohs
986 4425 1001 4480 1
1013 4427 1065 4480 112
1084 4441 1110 4480 u.
1124 4427 1150 4481 3.
