3110 4844
372 300 399 348 s.
416 301 590 348 normann
612 301 657 349 rr
678 301 781 350 nunu
802 301 990 352 maronia
1013 303 1059 349 res
1234 287 1298 353 801

6 395 7 478 l
127 439 249 506 seilioet
275 447 405 528 propter
433 441 533 526 frigus
562 462 667 510 meum
698 463 828 530 eorpus,
863 445 989 512 misisti
1036 444 1126 523 Quod
1154 445 1301 514 videlieet
1318 453 1459 511 111-181

127 557 339 643 omnipotenti
361 557 428 624 Deo
452 563 485 624 et
506 558 599 626 beato
622 558 719 626 Paulo
743 560 886 646 apostolo
909 560 949 628 ad
971 560 1166 628 induendum
1189 562 1299 646 altare,

127 671 212 758 quod
234 673 268 740 in
292 672 359 740 eius
383 674 514 741 ecelesia
536 674 604 742 Deo
627 681 842 743 oensematum
866 683 931 761 eet,
955 697 1026 744 oum
1048 697 1163 761 magno
1184 677 1299 761 gaudio

126 788 215 871 dedi3
247 791 322 874 quia
349 794 381 857 et
402 811 459 874 ego
482 791 540 857 sub
563 792 631 858 eius
655 791 849 879 protectione
871 793 905 860 in
927 793 987 860 hoe
1008 793 1199 861 monasterio
1222 813 1299 880 qua·

125 905 276 989 draginta
298 910 331 972 et
352 925 407 972 aex
431 925 530 973 annos
553 907 628 973 vixi.

217 1021 308 1089 Nune
336 1043 426 1107 vero,
456 1023 532 1108 quia
553 1025 673 1108 rogasti
696 1023 816 1108 aliquid
837 1025 878 1092 de
899 1024 1058 1112 opusculis
1081 1025 1166 1092 beati
1188 1025 1298 1112 patris,

127 1156 201 1204 eum
223 1139 303 1205 meis
325 1139 432 1225 pueris
454 1139 544 1206 iuxta
565 1141 660 1224 11100,
684 1141 769 1226 quod
790 1143 891 1228 potui,
915 1147 988 1208 tuae
1010 1140 1171 1208 dilectioni
1185 1161 1300 1228 prepa-

124 1255 212 1322 ravi:
243 1253 366 1322 libellos
388 1255 428 1322 de
449 1257 518 1323 viro
541 1255 600 1324 Dei
624 1255 800 1325 Gndbereto
809 1254 828 1342 ¹,
857 1263 959 1325 metro
982 1262 1015 1323 et
1036 1276 1133 1344 prosa
1155 1259 1300 1345 oonposi-

125 1365 204 1454 tos',
230 1377 303 1436 tuae
326 1370 480 1438 voluntati
503 1372 614 1440 direxi.
650 1371 706 1457 Et,
730 1375 758 1439 si
780 1373 851 1460 plus
875 1374 1063 1460 potuissem,
1087 1374 1222 1440 libenter
1243 1394 1299 1439 vo-

124 1486 265 1554 luissem.
312 1487 392 1566 Quia
424 1490 600 1574 presentia·
628 1489 772 1576 preteriti
798 1489 912 1556 hiemis
942 1489 1077 1557 multum
1107 1488 1300 1557 horribiliter

127 1604 265 1672 insulam
293 1611 420 1672 nostrae
447 1605 567 1690 gentis,
596 1605 769 1690 infrigere
793 1613 824 1672 et
846 1605 918 1690 gelu
942 1611 1161 1674 attentorum
1186 1612 1217 1674 et
1240 1607 1299 1672 im-

128 1719 233 1787 brium
255 1720 413 1808 prooellis,
435 1722 490 1788 diu
512 1721 637 1807 lateque
660 1720 825 1809 depressit,
847 1721 981 1807 ideoque
996 1723 1160 1810 scriptoris
1176 1742 1298 1807 manus,

127 1857 168 1904 ne
191 1838 225 1904 in
248 1837 456 1924 plurimorum
479 1837 632 1902 librorum
654 1857 819 1904 numerum
848 1839 1043 1925 perveniret,
1073 1838 1296 1905 retardaretur.

218 1953 282 2021 Sed
309 1959 343 2020 et
369 1959 442 2020 ante
470 1973 526 2020 aex
555 1973 654 2020 annos
682 1973 739 2040 per
762 1952 902 2020 Hunviui
933 1975 1038 2022 meum
1067 1953 1297 2040 presbyterum,

127 2070 203 2138 illue
226 2070 267 2138 ad
288 2075 394 2138 vestra
415 2070 485 2136 looa
505 2069 725 2136 advenientem
740 2075 773 2136 et
786 2069 918 2137 Romam
934 2071 1041 2138 videre
1056 2069 1298 2152 desiderantem,

128 2187 236 2273 eliqua
257 2207 358 2274 parva
380 2187 506 2271 exenia,
530 2185 673 2254 cultellos
696 2185 842 2254 videlieet
865 2191 909 2254 20
932 2192 964 2254 et
986 2207 1125 2270 gunnam
1148 2187 1188 2252 de
1207 2184 1298 2272 pelli·

1 2313 2 2368 l
127 2303 186 2370 bus
208 2301 365 2370 lutrarum
386 2301 521 2386 laetam,
544 2307 618 2370 tuae
640 2303 833 2370 fraternitati
855 2303 938 2370 misi.
985 2301 1040 2371 llle
1063 2322 1187 2389 quoque
1210 2321 1299 2389 pres·

1 2445 2 2460 ¹
127 2419 219 2506 byter
242 2418 398 2503 Huuvini,
428 2419 467 2484 ad
496 2418 606 2486 urbem
635 2439 695 2504 qne
717 2425 848 2487 voeatnr
870 2419 1077 2488 Beniventum
1100 2419 1298 2506 perveniens,

126 2536 171 2602 ibi
194 2535 234 2602 de
256 2535 315 2602 hae
336 2535 407 2602 luee
429 2536 586 2618 migravit.
631 2536 831 2624 Quapropter
861 2555 963 2622 neque
991 2555 1049 2622 per
1075 2534 1165 2602 illum
1196 2553 1299 2621 neque

125 2673 184 2739 per
206 2657 333 2719 tuorum
356 2651 503 2737 aliquem,
526 2657 633 2720 utrum
657 2653 698 2719 ad
720 2658 752 2721 te
774 2653 837 2719 ista
851 2653 1061 2739 pervenirent
1085 2652 1152 2718 ulla
1165 2670 1297 2738 raspon-

1 2805 2 2842 ;
126 2769 175 2836 sio
197 2787 348 2854 umquam
369 2768 449 2835 mihi
471 2767 596 2836 reddita
623 2774 680 2835 eet.
770 2769 841 2836 Duo
872 2789 947 2836 vero
974 2767 1073 2855 pallia
1100 2767 1298 2835 subtilissimi

1 2915 2 2940 2
127 2885 249 2972 operis,
276 2905 374 2950 nuum
397 2883 460 2952 albi
484 2883 564 2952 alter
586 2885 678 2952 tineti
700 2885 831 2969 eoloris,
855 2905 927 2952 oum
949 2884 1082 2969 libellis,
1112 2883 1296 2967 0101001111,

126 2999 253 3087 qualem
276 2999 336 3066 adb
359 3021 488 3068 manum
511 3000 617 3084 habui,
641 3007 714 3068 tuae
736 3001 921 3088 paternitati
942 3001 1070 3068 mittere
1092 3001 1296 3066 curavimus&

214 3115 409 3202 Preoorque,
437 3123 603 3188 utineam
632 3117 684 3184 et‘
712 3117 898 3204 petitionem
928 3123 960 3184 et
986 3117 1206 3184 necessitatem
1233 3135 1297 3182 non

125 3253 269 3321 spernas.
309 3232 343 3299 Si
367 3233 481 3318 aliquis
503 3233 596 3300 homo
619 3233 652 3300 in
675 3238 731 3299 tua
753 3233 796 3300 sit
818 3233 994 3319 parrochia,
1018 3233 1072 3318 qui
1096 3233 1297 3298 1111011100

125 3351 206 3418 bene
230 3349 332 3438 possit
352 3350 465 3434 faeere,
489 3369 561 3417 oum
584 3355 709 3436 tempus
733 3349 885 3434 adsideat,
909 3349 986 3416 mihi
1003 3350 1130 3416 mittere
1146 3347 1295 3433 digneris.

124 3468 193 3535 Aut
221 3467 249 3533 si
276 3467 411 3533 fumasse
438 3465 522 3532 ultra
551 3464 628 3532 lines
657 3471 705 3534 est
732 3467 766 3533 in
794 3471 952 3553 potestate
982 3465 1145 3532 ouiusdam
1168 3466 1297 3532 alteriue

125 3583 195 3651 sine
218 3588 275 3650 tua
296 3582 478 3670 parroehia,
501 3602 594 3667 rogo,
617 3587 653 3648 ut
674 3583 856 3649 fraternitas
879 3587 935 3650 tna
956 3581 1004 3649 illi
1027 3583 1173 3665 suadeat,
1198 3587 1234 3650 nt
1256 3581 1297 3648 ad

124 3721 185 3768 nos
214 3719 314 3786 usque
341 3700 512 3787 perveniat
560 3698 640 3777 Quia
668 3698 808 3766 eiusdem
831 3697 909 3766 artis
931 3699 1035 3783 ignari
1058 3703 1090 3764 et
1111 3698 1222 3785 inopes
1245 3717 1297 3764 eu-

125 3837 207 3884 mua
253 3815 346 3883 Etsi
370 3816 429 3882 hoe
450 3817 584 3883 fortasse
612 3817 780 3900 mutingit,
812 3821 848 3882 ut
875 3815 988 3900 aliquia
1012 3815 1051 3882 de
1073 3815 1148 3880 vitri
1171 3814 1298 3882 laeteri-

124 3933 185 4000 bus
213 3951 286 4000 oum
314 3937 371 3998 tna
399 3931 563 4016 diligentia
584 3931 652 4000 Deo
681 3930 806 3999 volente
828 3931 868 3999 ad
891 3951 949 3998 nos
973 3951 1071 4016 usque
1094 3933 1202 3998 venire
1225 3951 1298 4018 per-

124 4051 281 4134 mittatur,
304 4068 376 4116 enm
391 4048 527 4133 benigna
540 4048 791 4134 mausuetudine,
815 4049 881 4115 rita
895 4049 1019 4134 ensuite,
1042 4047 1133 4115 illum
1149 4049 1295 4136 suscipio.

198 4235 220 4268 a.
241 4239 272 4267 aa
287 4215 471 4280 perseverantia?
547 4218 570 4265 lt.
589 4217 636 4266 had
653 4219 680 4266 V.
759 4231 779 4265 e.
799 4217 928 4266 mutinae
946 4219 973 4266 7.
1050 4219 1073 4265 d.
1093 4221 1119 4264 nt
1137 4218 1165 4265 V.

197 4327 223 4382 1.
247 4325 378 4395 episeopo
397 4321 619 4393 Lindisiarnensi,
636 4322 684 4392 qui
701 4319 770 4378 obiit
787 4337 811 4377 a.
824 4323 885 4378 687.
957 4324 983 4378 2.
1004 4322 1038 4380 V.
1058 4319 1151 4378 Bedae
1169 4337 1232 4392 opp.
1251 4321 1295 4378 ed.

124 4414 202 4472 (11100
219 4413 260 4472 lV
278 4415 331 4471 202
343 4429 403 4484 squ.
