3024 4864
141 806 282 864 tet—too

301 275 366 344 238
549 293 577 343 s.
593 295 770 346 nosnosnn
791 295 836 344 nn
857 295 960 344 nunnr
981 295 1168 346 nemronan
1191 295 1222 344 co

304 434 366 506 90.
388 435 575 523 Bomi‘atiua
591 436 781 504 Aldten'am
802 437 944 506 abbatem
965 452 1068 525 repat,
1090 453 1127 507 ot
1147 462 1213 506 rata
1235 461 1306 505 cam
1319 461 1374 504 asc
1386 459 1447 504 coo·

386 557 570 640 prapatioaa
590 577 652 640 pro
672 557 755 641 ipae,
775 577 838 642 pro
856 552 1033 638 Gemuere,
1053 579 1118 642 pro
1132 559 1265 622 mortuis
1279 555 1450 642 qubusdam

389 671 460 736 Deo
483 672 664 758 supplicet⁸.
1086 669 1122 752 (S
1138 673 1192 755 24,
1215 668 1255 737 W
1272 671 1346 753 100,
1367 667 1451 748 689)

387 801 574 870 Venerando
596 804 690 870 tratri
704 802 857 870 Aldherio
881 801 988 870 abbati
1002 801 1183 872 Bonifacius
1205 803 1337 888 exiguum
1358 820 1452 869 seruus

299 937 462 986 servorum
484 918 544 987 Dei
566 920 601 985 in
623 917 749 986 Christo
773 919 916 986 salutem.

388 1031 539 1102 Caritatis
567 1041 692 1104 vestme
714 1035 914 1102 clementiam
937 1033 1118 1102 medullatis
1146 1039 1179 1103 et
1199 1034 1323 1102 intimis
1344 1051 1455 1121 precor·

299 1148 423 1216 dicrum
445 1149 647 1219 obsecramus
670 1151 827 1238 precibus,
850 1155 886 1216 ut
908 1151 943 1216 in
964 1150 1080 1218 uestris
1096 1149 1304 1217 sacrosanctis
1320 1148 1456 1217 orationi·

298 1264 357 1332 bns
385 1266 606 1334 intercedendo
634 1267 735 1334 nostri
763 1286 918 1334 memores
952 1287 1021 1333 esse
1057 1265 1229 1350 dignemini
1257 1275 1290 1332 et
1319 1263 1457 1332 almitatis

297 1387 422 1450 vestrae
444 1381 590 1470 precibus
612 1383 794 1470 inploretis:
817 1387 854 1449 ut
874 1383 947 1469 pius
962 1381 1129 1466 Dominus,
1152 1382 1206 1468 qui
1223 1399 1322 1449 causa
1335 1387 1383 1448 est
1396 1399 1457 1468 per-

299 1497 503 1580 egrinationis
536 1503 680 1583 nostrae,
715 1519 831 1566 narem
862 1497 1044 1582 fragilitatis
1078 1503 1220 1582 nostrae,
1255 1518 1297 1565 ne
1325 1496 1458 1565 flnctibm

299 1611 557 1681 Germanicarum
572 1619 798 1703 tempestatum
814 1613 1043 1698 submergatur,
1067 1614 1198 1681 dextera
1212 1633 1270 1680 sua
1285 1617 1460 1700 protegente

299 1733 332 1796 et
352 1729 558 1816 gubernante,
579 1731 714 1798 inlesam
738 1729 940 1798 custodiendo
964 1730 1005 1796 ad
1020 1729 1164 1797 caelestis
1179 1727 1380 1797 Hierusalem
1394 1729 1460 1794 litus

297 1845 504 1931 tranquillum
525 1848 687 1935 perducat
735 1846 896 1915 Salutate*
919 1865 1026 1913 omnes
1049 1846 1164 1912 iratres
1187 1849 1318 1913 saumae
1340 1863 1460 1929 conpe-

297 1961 433 2046 gationis
456 1968 590 2047 rosnae,
612 1967 737 2030 nostros
761 1963 795 2029 in
810 1961 878 2029 Deo
900 1962 1090 2046 carissimos,
1114 1961 1146 2027 in
1170 1959 1275 2029 osculo
1291 1959 1461 2028 dilectionis

298 2095 336 2144 ac
357 2078 533 2146 devotionis
556 2085 692 2146 nostrae
734 2077 998 2146 Commendamus
1021 2077 1142 2144 scilieet
1162 2097 1221 2144 nos
1244 2077 1379 2146 smum·
1401 2095 1463 2143 cra·

296 2193 446 2280 tionibus,
469 2200 515 2278 ut,
539 2195 605 2262 sive
627 2195 769 2262 viventes
793 2195 860 2262 sive
882 2194 1068 2278 morientes,
1091 2197 1216 2260 uestme
1238 2189 1463 2261 communioni*

298 2310 439 2376 canimtis
463 2312 628 2377 sociemur.
673 2310 717 2377 Et
738 2315 775 2377 ut
796 2311 856 2378 hoe
876 2311 924 2376 ita
944 2307 1103 2394 firmetur,
1125 2309 1291 2378 deuotione
1313 2311 1465 2380 fraternae

298 2426 439 2492 caritatis
463 2447 482 2492 a
503 2427 593 2493 vobis
611 2427 702 2493 iuxta
716 2427 911 2493 voluntatem
927 2425 1113 2493 clementiae
1127 2430 1267 2493 vestrae·
1282 2421 1467 2514 promereri¹

298 2541 452 2627 volumus,
475 2543 510 2608 in
533 2546 686 2628 qnantum
702 2545 843 2629 potestas
858 2541 1035 2628 profectum
1051 2541 1248 2609 adtribuerit.
1330 2541 1466 2610 Petimus

299 2676 433 2743 quoque,
457 2663 493 2724 ut
514 2678 573 2745 pro
592 2656 788 2725 Germanicis
810 2657 985 2742 gentibusss,
1008 2656 1163 2724 idolorum
1187 2656 1331 2724 culturae
1348 2658 1467 2740 deditis,

296 2772 492 2842 intercedere
521 2774 653 2854 curetis3
683 2779 830 2858 rogantes
854 2773 1041 2858 Dominum,
1071 2774 1125 2858 qni
1154 2793 1212 2860 pro
1240 2774 1340 2840 totins
1363 2771 1469 2841 mundi

298 2889 399 2958 salute
421 2891 587 2978 proprium
610 2890 795 2973 sanguinem
818 2889 901 2955 fudit
922 2895 954 2955 et
976 2889 1046 2955 uult
1071 2909 1181 2956 omnes
1201 2889 1348 2957 homines
1370 2889 1469 2956 saluos

297 3003 367 3072 fieri
389 3011 421 3072 et
444 3006 484 3072 ad
507 3005 700 3089 agnitionem
729 3005 871 3075 veritatis
900 3005 1008 3070 venire
1017 2999 1035 3090 ¹,
1065 3009 1103 3071 ut
1131 3023 1184 3072 eas
1212 3005 1253 3071 ad
1276 3007 1470 3090 agnitionem

298 3121 449 3188 creatoris
472 3124 505 3188 et
527 3120 567 3187 ad
589 3119 745 3204 gremium
767 3121 879 3186 matris
902 3119 1073 3186 aecclesiae
1095 3126 1266 3188 convertat
1355 3120 1471 3188 Simili·

297 3241 357 3321 ter,
380 3242 416 3304 ut
437 3256 496 3323 pro
519 3236 746 3303 dormientium
767 3235 904 3302 fratrum
927 3225 1103 3320 animabus,
1127 3235 1182 3322 qui
1204 3237 1373 3304 nobiscum
1387 3237 1472 3303 labo

297 3353 412 3420 rabant
432 3354 466 3419 in
482 3352 630 3436 Domino,
655 3350 832 3418 orationum
856 3352 1059 3419 adiummina
1074 3358 1107 3419 et
1120 3353 1291 3419 missarum
1306 3352 1474 3421 sollemnis

297 3468 458 3535 celebrare
484 3468 625 3552 iacietis,
661 3487 842 3553 precamen
879 3488 1014 3554 quornm
1041 3469 1174 3535 nomina
1201 3467 1329 3553 gemilus
1360 3469 1472 3536 harum

296 3583 475 3651 litterarum
497 3581 754 3652 demonstrabit.
790 3582 902 3652 Valere
924 3584 1154 3652 beatitudinem
1168 3589 1307 3652 renuam
1330 3591 1368 3653 et
1384 3603 1474 3654 sanc·

297 3699 340 3766 tis
363 3699 558 3768 successibus
580 3697 733 3788 proficere
755 3699 789 3765 in
812 3699 938 3767 (ibn-isto
960 3701 1130 3785 diligenter
1152 3707 1308 3788 optemus.
1398 3733 1403 3747 =

370 3892 392 3924 a.
412 3896 441 3924 aa
458 3881 478 3926 C
492 3877 648 3935 toto-10⁵1,
671 3879 694 3924 V
709 3877 827 3924 lt—l'to.
852 3881 984 3926 Lemaasa:
1003 3878 1108 3940 Epistola
1122 3878 1231 3926 bonifatii
1249 3878 1279 3926 ad
1294 3879 1429 3926 lltbarinm
1445 3881 1475 3934 0,·

298 3958 354 4005 Item
373 3958 472 4018 epistola
485 3956 596 4004 Bonilacii
613 3956 779 4017 archiepiscopi
797 3959 824 4006 V.
895 3958 919 4004 b.
940 3949 1018 4005 sanct
1035 3961 1061 4006 C.
1132 3972 1151 4006 c.
1172 3960 1257 4006 metris
1274 3961 1300 4007 C.
1375 3959 1400 4007 d.
1417 3972 1477 4006 com·

298 4050 360 4084 mom
378 4037 405 4086 V.
483 4051 504 4084 a.
524 4035 626 4083 cadatis
643 4037 700 4084 add
718 4039 744 4084 c.
822 4037 838 4086 t
859 4038 980 4098 promeriri
997 4040 1052 4087 MC.
1130 4051 1152 4097 g.
1173 4039 1248 4098 ganh's
1266 4039 1313 4086 70.
1389 4038 1415 4085 Ιι.
1438 4038 1478 4084 ds-

298 4116 433 4162 monstnarit
449 4115 478 4171 V,
494 4131 552 4162 aon.
568 4118 590 4161 s'a
607 4113 772 4162 demonstrabit
788 4119 814 4165 ι’.

370 4219 395 4275 1.
421 4221 436 4274 1
449 4217 567 4276 dimaon
580 4219 606 4288 2,
618 4218 645 4274 4.

778 4337 991 4348 n—
