3090 4848
317 255 381 320 110
577 271 605 320 s.
620 271 795 320 normann
815 272 860 318 nr
882 273 985 320 uuuur
1006 271 1193 319 nrrsuouar
1214 271 1245 317 41

147 433 171 476 c.
185 417 458 480 rea-aranoscrae·
480 412 708 500 pauperculae*
723 411 830 480 vilitas
852 412 1023 498 praevalet
1057 411 1150 479 Nunc
1171 410 1277 496 itaque
1300 431 1341 478 ex
1361 409 1467 477 iub'mis

314 529 570 615 praecordiorum
591 528 674 596 iliis·
696 528 881 616 suppliciter
903 527 1097 612 flagitamus:
1125 531 1162 593 nt
1183 527 1322 611 digneris
1344 545 1401 592 uos
1422 525 1467 590 ba

313 645 388 712 bere
408 645 444 711 in
465 649 540 712 tuae
562 663 671 712 sacrae
692 644 943 728 congregationis
966 643 1194 729 communione,
1219 647 1250 710 et
1267 647 1407 709 posnam
1418 641 1469 706 lin-

313 765 410 845 trem,
434 761 618 848 procellosis
640 760 786 829 fluctibns
808 759 902 826 brim
924 759 1035 826 mundi
1057 760 1237 844 fatigatam,
1261 763 1388 824 tuorum
1409 775 1469 822 ora·

313 877 436 944 minum
462 877 621 964 praesidio
651 877 690 943 ad
719 875 864 964 portumd
893 875 1004 942 salutis
1034 875 1188 942 deducere
1211 881 1243 942 st
1266 879 1337 941 atra
1356 877 1469 939 cunta·

313 991 510 1080 piaculorum
534 993 656 1081 spicula
677 1013 789 1079 parma
811 997 885 1060 tuae
907 992 1059 1058 orationis
1081 995 1246 1078 protegere
1265 1010 1330 1056 nou
1342 1007 1471 1069 recusem

314 1109 397 1176 dent
421 1129 480 1174 nos
502 1128 641 1194 quoqne,
668 1108 743 1176 licet
770 1106 976 1195 peccateres‘,
1005 1127 1063 1194 pro
1086 1112 1159 1176 tuae
1181 1105 1377 1173 celsitudinis
1399 1107 1473 1170 statu

314 1223 421 1290 divino
437 1223 597 1308 subfragio
613 1224 745 1308 singulis
760 1224 929 1292 momentis
944 1224 1149 1309 deprecantes
1163 1241 1281 1289 sumus.
1316 1220 1385 1288 Hoc
1398 1238 1473 1302 rere,

315 1341 342 1407 si
365 1339 548 1426 corporibus
570 1344 771 1427 praesentes⁸
785 1341 964 1426 fuissemus,
987 1338 1078 1406 lieris
1094 1338 1250 1422 [periurumh
1264 1336 1435 1424 poplitibus
1448 1337 1475 1401 et

315 1455 407 1523 salsis
435 1455 640 1523 lacrimarum
662 1456 816 1524 imbribus
838 1457 1014 1541 rogitantes
1038 1455 1181 1539 diligenti
1202 1454 1355 1541 petitione
1377 1471 1475 1541 spera-

315 1591 385 1638 mns
408 1590 501 1658 posse
522 1572 702 1658 impetrari;
727 1579 760 1640 et
780 1592 864 1639 nnnc
887 1572 1032 1640 absentes
1053 1572 1114 1638 hoc
1136 1571 1220 1638 idem
1243 1569 1368 1638 obnixis
1384 1567 1475 1657 preci-

315 1689 373 1755 bus
388 1687 593 1774 postulamns.
621 1687 704 1754 lllnd
718 1689 812 1755 etiam
829 1689 910 1755 scire
924 1688 1138 1756 desideramus
1152 1692 1226 1753 tuae
1241 1686 1422 1770 sagacitatis
1435 1685 1478 1751 iu·

315 1803 488 1871 dnstriamz
512 1804 605 1890 qnod,
627 1803 657 1869 si
671 1804 722 1870 cui
736 1808 881 1870 noenum
897 1805 1051 1887 contingit
1064 1804 1157 1870 huius
1173 1801 1378 1870 Brittanicae*
1394 1800 1478 1869 tellu-

315 1921 360 1987 ris
383 1925 508 2007 sceptra
522 1919 661 2003 visitem,
686 1919 771 2005 quod
784 1919 902 1987 nulline
916 1919 1053 1986 hominis
1068 1919 1298 1986 oboedientiam
1313 1923 1346 1984 et
1359 1917 1479 1984 institu-

314 2037 433 2103 tionem
454 2040 548 2102 antea
566 2034 756 2120 quaerimus,
775 2055 870 2120 quam
887 2039 961 2103 tuae
978 2033 1227 2102 benivolentiaek
1244 2034 1479 2112 subiectionem

317 2152 382 2238 qni¹
404 2152 439 2218 iu
460 2157 492 2219 te
514 2150 730 2217 firmissimam
753 2170 842 2238 spem
864 2153 980 2219 mentis
1001 2156 1153 2218 nostraem
1168 2151 1306 2237 positam
1324 2149 1479 2218 habemns.

407 2265 560 2334 Similiter
592 2266 809 2334 obsecramus:
844 2271 879 2333 nt
906 2268 1056 2355 puerulos
1083 2268 1161 2334 duos
1187 2267 1334 2333 uomina·
1360 2263 1481 2332 Beiloo·

318 2387 351 2451 et
369 2381 445 2448 Man
460 2401 596 2467 —qnos
620 2402 678 2467 ego
698 2381 758 2448 Lnl
781 2387 814 2450 et
834 2387 927 2470 pater
947 2389 1055 2451 noster
1075 2383 1191 2452 liberos
1214 2382 1405 2468 dimisimus,
1427 2380 1483 2448 Ro-

317 2517 404 2566 mam
432 2498 625 2566 destinantes
653 2503 687 2565 et
713 2498 884 2567 annnorrlo'
905 2503 1013 2566 nostro
1043 2499 1331 2568 commendavimus
1360 2533 1404 2545 —-
1430 2515 1484 2584 pro

317 2614 462 2682 mercede
494 2615 618 2682 animae
643 2619 749 2700 tnae⁴,
783 2622 816 2682 et
843 2617 887 2682 si‘
907 2615 999 2683 liberi
1027 2616 1151 2683 arbitrii
1178 2615 1257 2682 sint·
1284 2616 1330 2682 et‘
1359 2613 1485 2681 illorum

316 2731 463 2798 uoluntas
492 2731 535 2798 sit
562 2736 594 2799 et
621 2732 656 2798 in
684 2737 740 2798 tua
766 2737 924 2818 potestate
951 2733 1030 2816 siut,
1066 2733 1158 2800 uobis
1186 2731 1404 2800 transmittere
1432 2749 1487 2817 per

318 2847 431 2916 barum
452 2846 631 2916 litterarum
652 2847 778 2931 gerulos
801 2848 938 2916 studeas.
978 2846 1022 2914 Et
1044 2847 1073 2913 si
1095 2847 1209 2934 aliquis
1233 2848 1298 2915 eis·
1320 2847 1487 2935 prohibere¹

318 2963 430 3031 vellet'
451 2964 514 3030 iter
536 2963 688 3051 pergendi
711 2965 779 3031 sine
802 2964 934 3049 iustitia,
958 2963 1174 3051 deprecamur,
1196 2967 1234 3029 nt
1252 2983 1305 3030 ecs
1320 2959 1489 3030 defendere

319 3079 467 3164 digneris.
549 3077 653 3145 Parra
675 3099 800 3166 quoqne
820 3079 1078 3147 munusculorum
1091 3079 1314 3146 transmissio'
1329 3078 1488 3147 scedulam

318 3197 415 3262 istam
437 3194 622 3278 comitatum
646 3215 727 3279 quae
749 3199 824 3263 sunt
846 3198 919 3281 tria,
942 3196 975 3262 id
998 3201 1047 3262 est
1068 3194 1150 3262 turis
1171 3200 1204 3262 et
1226 3195 1345 3283 piperis
1368 3201 1403 3263 et
1425 3194 1490 3261 cin·

319 3311 460 3378 namomi
482 3310 680 3397 permodica*
694 3313 817 3397 xenia’,
840 3312 897 3380 sed
911 3312 996 3379 omni
1011 3311 1127 3378 mentis
1142 3309 1305 3378 affectione
1321 3311 1490 3379 destinata

319 3426 422 3494 Huius
450 3428 591 3494 muneris
619 3428 869 3512 magnitudinem
891 3433 928 3496 nt
948 3447 1012 3494 non
1034 3427 1228 3512 consideres,
1259 3427 1314 3495 sed
1336 3427 1492 3516 spiritalis

320 3543 462 3612 orium
493 3563 631 3610 amorem
659 3545 810 3630 edenda
839 3547 1022 3633 poscimns'.
1113 3543 1194 3610 lllnd
1222 3544 1320 3610 etiam
1341 3547 1493 3630 petimus,

319 3666 357 3727 ut
382 3660 593 3727 rusticitatem
620 3659 713 3727 buius
742 3659 969 3748 epistiunculas
999 3658 1146 3728 emendes
1155 3668 1176 3744 ¹,
1206 3664 1238 3726 et
1265 3659 1356 3727 nobis
1385 3661 1494 3748 aliqua

321 3775 418 3844 verba
452 3780 525 3843 tuae
553 3775 728 3843 dulcedinis
756 3796 819 3843 non
852 3776 1008 3844 reminasl
1036 3776 1190 3878 dirigere,
1224 3795 1304 3864 qnae
1331 3775 1495 3844 inhianter

393 3923 414 3957 a
433 3907 491 3957 no}
508 3912 539 3966 C,
561 3907 606 3956 no'a
624 3911 651 3957 V.
737 3909 760 3956 b.
781 3927 812 3958 οι
827 3910 1014 3971 paupertatulae?
1097 3923 1119 3956 c.
1138 3909 1185 3956 illis
1202 3913 1228 3959 c.
1313 3911 1336 3958 d.
1354 3913 1450 3970 portam
1468 3911 1496 3958 7.

321 4005 342 4038 e.
363 4007 406 4036 em.
423 3993 449 4039 C.
516 3989 532 4036 l.
552 3991 684 4049 pressores
701 3990 793 4037 addidi
855 4003 876 4049 g.
897 3991 999 4049 presenti
1017 3992 1044 4038 V.
1106 3989 1129 4036 b.
1150 4002 1257 4048 genuum
1275 3989 1303 4036 V.
1364 3989 1380 4036 i.
1402 3989 1495 4037 Brettn

320 4070 385 4116 nicae
403 4070 430 4116 V.
516 4067 539 4114 lu
558 4068 731 4116 benevolentiae
749 4070 777 4117 V.
861 4069 878 4116 l.
898 4071 953 4130 quia
968 4072 994 4118 C.
1074 4083 1104 4116 m.
1124 4070 1170 4116 ube
1188 4073 1214 4119 C.
1295 4083 1318 4116 u.
1334 4053 1370 4116 ll.
1387 4073 1416 4127 C,
1433 4069 1451 4116 ri
1469 4070 1497 4118 V.

321 4163 343 4196 ο.
362 4149 454 4208 begtloc
471 4151 504 4206 0,·
524 4149 869 4210 e.aepmp.12a18a4.
947 4162 970 4210 p.
987 4148 1097 4196 {brundulo
1116 4151 1143 4196 V.
1222 4161 1244 4210 q.
1260 4161 1323 4196 meae
1339 4152 1370 4204 C,
1391 4151 1450 4196 tuae
1469 4150 1498 4196 V.

321 4242 340 4276 r.
361 4229 382 4274 ri
397 4245 440 4274 om.
457 4231 484 4275 c.
560 4240 580 4274 s.
601 4229 654 4274 sunt
670 4231 696 4276 c.
774 4229 791 4274 t.
812 4229 833 4276 sl
849 4228 907 4276 add.
924 4231 950 4276 c.
1027 4243 1050 4275 u.
1072 4246 1127 4275 cerr.
1144 4230 1167 4275 ἰιι
1188 4241 1228 4276 eos
1245 4231 1271 4276 0.
1348 4242 1370 4274 r.
1390 4228 1453 4274 velit
1471 4231 1496 4277 C.

321 4320 349 4352 n.
368 4306 498 4354 bausmirlo
516 4309 543 4355 V.
606 4321 627 4354 1.
646 4306 766 4368 per-modia
781 4309 809 4356 V.
872 4321 893 4366 y.
914 4307 980 4354 uenia
995 4308 1022 4355 V.
1084 4321 1105 4354 r.
1125 4308 1272 4368 poposcimus
1285 4309 1312 4357 V.
1373 4321 1393 4353 a
1418 4321 1488 4355 emen

322 4385 364 4432 dar
381 4387 409 4434 V.
487 4385 510 4435 b.
530 4399 627 4433 rennues
645 4387 673 4434 V.
