3024 4864
312 286 340 335 s.
358 285 534 336 normann
555 287 600 334 rm
621 285 724 334 uuum
745 283 933 334 urmuousu
955 282 985 330 rs
1167 265 1232 332 217

67 433 212 495 aeternae
234 427 426 509 habundet·;
449 433 595 496 eruetuet
615 427 767 494 nimirum
783 425 951 494 laudabilis
966 425 1001 492 in
1015 425 1109 492 arvis.
1138 425 1165 492 Ο
1180 424 1234 492 be-
1243 449 1267 492 o.
1281 432 1401 490 tte-'151

66 544 207 610 atissime
229 545 263 611 iu
286 543 438 612 aetheria!
463 543 595 611 Talente
617 543 744 627 etenim,
765 547 840 610 tuae
862 542 982 611 eredita
1002 541 1146 626 egregiae
1161 540 1234 608 beo

66 659 209 744 titudiui,
236 679 302 726 nou
329 659 431 727 solum
459 659 558 746 dupla
584 679 693 726 verum
723 659 819 726 etiem
847 664 880 726 et
901 657 1046 744 sesoupla
1068 655 1235 722 Christoa

65 781 95 842 te
116 774 294 842 reddantur
316 775 350 842 in
379 775 489 857 astris3
519 795 697 860 arcanaque
719 793 780 842 vox
804 793 864 862 ope
886 773 1026 842 earmiue
1048 771 1166 840 Christi
1187 771 1235 838 di-

65 891 181 957 eeutis:
206 892 308 979 Eupo,
332 913 418 958 aeros
441 893 519 958 boae
540 904 570 958 et
584 893 702 976 fidelis,
728 895 805 978 quia
826 894 908 958 inter
925 912 1035 978 posaeo
1044 889 1235 975 fumtifids-

66 1009 120 1089 ru,
145 1029 245 1095 super
266 1008 366 1074 malta
386 1021 414 1074 te
437 1011 640 1085 coeatitaom3
663 1011 750 1073 intro
772 1011 807 1072 e'n
827 1009 983 1094 quodiam
1004 1005 1142 1070 Domini
1162 1007 1210 1071 toi
1217 999 1234 1069 ¹.

64 1122 210 1208 Denique
238 1123 277 1190 ob
305 1123 404 1190 vestri
433 1121 551 1189 laboris
578 1126 774 1190 aramentum
796 1119 924 1188 sedne*
947 1139 1011 1187 una
1033 1137 1104 1190 eum
1127 1124 1236 1186 saneto

64 1238 245 1323 euangelica
278 1245 370 1326 patre
399 1243 519 1323 vestro,
554 1239 670 1305 domno
700 1235 873 1324 apostolico
902 1235 999 1303 totius
1026 1240 1153 1302 sanetae
1180 1255 1236 1301 no-

65 1361 149 1422 strae
167 1355 340 1422 aeeolesiae
355 1353 571 1438 saeerdotulis,
588 1353 640 1420 rel
654 1352 772 1441 populo
787 1353 911 1419 naviter
926 1351 1046 1418 domini
1060 1351 1122 1418 Dei
1136 1351 1237 1419 nostri

65 1491 234 1538 exoramus
257 1471 472 1540 elementiam:
500 1475 537 1538 ut
564 1474 689 1538 vestrae
711 1469 910 1536 amatissime
932 1467 1132 1555 paternitatis
1154 1467 1237 1536 inlu·

64 1587 202 1654 minator
232 1587 383 1656 doctrinis
407 1591 501 1672 atque
524 1606 541 1653 e
564 1585 635 1653 viro
658 1589 784 1671 potatos
806 1585 893 1652 iente
916 1583 1011 1650 simul
1032 1603 1105 1652 amn
1125 1603 1238 1652 eorun-

64 1702 136 1771 dem
164 1707 272 1770 satore
299 1701 485 1770 eoufirmare
513 1720 551 1770 ao
572 1719 758 1770 eonservare
780 1702 815 1768 in
837 1705 964 1768 amotae
986 1719 1024 1768 aa
1046 1699 1238 1768 orthodoxae

66 1817 138 1886 fidei
169 1819 299 1886 tramite
327 1818 499 1886 elementer
525 1817 648 1900 iuheet3
676 1823 709 1884 et
736 1835 862 1900 eorum
891 1815 945 1902 qui
975 1816 1126 1884 eredituri
1153 1821 1238 1900 suut,

66 1935 162 2000 eorda
184 1935 310 2022 aperire
333 1939 428 2019 atque
451 1955 471 2000 a
492 1937 574 2000 tetro
597 1933 744 2017 detegere
765 1931 938 2013 velamina
961 1929 1239 2016 iudammeuteque

67 2051 194 2118 medem
216 2056 326 2117 saneto
350 2049 481 2137 Spiritu,
504 2049 654 2136 intrepidi
676 2048 830 2117 laetantes
854 2047 894 2116 ed
916 2047 1011 2115 fidem
1026 2047 1144 2115 Christi
1166 2068 1238 2136 per·

67 2167 174 2234 venire
196 2167 363 2251 iesdnent,
391 2165 654 2251 quemadmodum
677 2164 836 2232 dominica
856 2165 964 2232 sanxit
985 2163 1167 2232 elementia:
1195 2165 1239 2234 m

69 2285 149 2350 oliae
173 2305 244 2350 ovea
266 2283 380 2364 dobeo,
405 2304 486 2369 qaae
506 2304 572 2348 ooo
594 2295 667 2348 root
690 2304 727 2348 ee
750 2283 808 2347 hoo
830 2275 923 2348 ovili*
946 2284 1134 2348 attestare.

154 2398 282 2483 ltaque,
304 2397 431 2466 domine
453 2416 491 2464 ae
512 2397 709 2464 sauetissime
731 2401 837 2484 pater,
865 2415 1035 2482 quesumus
1057 2401 1197 2464 rosham
1220 2416 1240 2463 a

69 2513 134 2582 Deo
158 2515 349 2582 sautiatam·
365 2513 556 2580 ambrosiam
570 2512 759 2580 bonitatem:
783 2516 819 2578 ut
833 2511 1066 2580 sanctissimum
1082 2513 1240 2599 nimisque

70 2632 157 2698 nohis
181 2630 333 2698 dilectum
349 2627 487 2713 Lunum,
509 2629 708 2696 benediotmn
732 2627 986 2696 archidiaconum
1008 2634 1158 2714 restrum,
1182 2629 1239 2696 ira·

71 2747 232 2814 rhsimum
254 2751 349 2831 atque
372 2744 588 2812 duleissimum
612 2743 751 2812 sodalem
769 2749 802 2812 et
815 2745 946 2812 tratrem
961 2749 1115 2828 nostmm,
1139 2745 1239 2812 omni·

72 2862 125 2930 hus
158 2863 215 2949 pio
245 2861 347 2928 modis
376 2860 503 2930 farore‘
531 2864 661 2947 propter
689 2859 792 2927 Deum
826 2865 858 2928 et
884 2865 1011 2928 nostrae
1040 2859 1240 2946 pussillitatis

73 2979 242 3046 amieitiam
271 2977 524 3044 eommeudatum
546 2975 662 3045 habere
685 2975 867 3060 dignemini.
913 2975 1029 3044 Nostra
1052 2981 1100 3044 est
1121 2975 1241 3045 scilieet

73 3095 160 3162 ineo
183 3099 256 3160 rata
278 3092 405 3160 dileetio
427 3113 486 3179 pro
509 3112 561 3160 eo:
586 3092 670 3178 quod
685 3097 810 3160 vestrae
832 3091 935 3159 almae
955 3093 1150 3178 paternitati,
1172 3113 1240 3162 ma·

74 3213 138 3294 guis
161 3210 310 3278 decorate
332 3207 452 3292 intulis,
473 3207 618 3277 fidelibus
642 3225 679 3276 ae
700 3207 815 3295 lepidis
838 3207 999 3275 ministrat
1016 3209 1164 3276 servitiis.
1198 3209 1242 3277 Et

76 3326 109 3394 oh
129 3327 201 3410 hoo,
225 3324 346 3411 poplite
368 3324 541 3392 identidem
563 3322 662 3408 dexo,
690 3328 829 3391 vestram
852 3323 1079 3410 depraeeamur
1100 3330 1240 3410 togatam

76 3441 286 3527 prudentiam:
315 3447 353 3508 ut
380 3460 453 3507 enm
475 3439 574 3507 multo
598 3439 735 3526 amplius
756 3439 907 3507 talionem
930 3440 1046 3508 habere
1068 3459 1132 3508 non
1153 3441 1241 3509 dedi·

78 3559 209 3641 gnemini
232 3557 418 3644 pemieiter;
443 3556 483 3623 ob
504 3561 707 3640 nostramque
720 3556 921 3642 parvitatem,
944 3575 1016 3622 euru
1031 3557 1158 3624 domino
1172 3556 1240 3624 Deo

78 3675 178 3742 metro
201 3672 371 3740 retunditis
393 3691 533 3759 praenes,
556 3671 741 3738 memoriam
763 3671 867 3738 faeere
889 3691 953 3738 non
975 3673 1143 3755 omittatis3
1167 3673 1242 3759 quia

80 3791 223 3877 seriptum
239 3793 303 3855 esi:
328 3789 466 3855 Multum
480 3789 562 3855 valet
577 3791 754 3876 deprecatio
770 3791 848 3855 iuer·
860 3781 1024 3854 adsiduo.
1092 3788 1151 3856 His
1166 3809 1240 3856 vero

81 3904 265 3988 praelibatis,
289 3902 463 3971 salutemus
486 3909 625 3972 vestram
646 3903 748 3970 aDeo
762 3903 903 3972 iuratam
918 3905 1150 3972 amatissimam
1168 3925 1241 3972 nee·

81 4023 253 4108 tarsumque
282 4019 516 4106 paternitatem.
550 4019 594 4088 Et
616 4024 777 4108 optamus,
800 4027 837 4089 ut
856 4021 924 4088 Deo
946 4022 1072 4090 ferente
1094 4022 1241 4110 perenni·

147 4212 167 4243 r.
185 4215 242 4244 corr.
298 4197 387 4244 abunde
404 4201 431 4245 C.
507 4197 529 4244 b.
552 4197 629 4246 sedala
645 4215 702 4245 corr.
718 4201 741 4246 tn
757 4197 836 4246 sedulo
854 4202 889 4254 dl,
905 4199 984 4248 sedule
1000 4203 1027 4248 C.
1104 4213 1125 4246 o.
1146 4215 1201 4246 corr.
1217 4201 1240 4246 irr

85 4275 182 4324 sudhem
198 4281 224 4326 C.
302 4277 326 4324 d.
344 4276 420 4326 terere
436 4281 471 4334 Μ,
487 4295 544 4325 corr.
560 4281 582 4325 r’n
598 4277 675 4326 farore
692 4281 718 4327 c.

150 4381 172 4435 1.
194 4380 289 4437 nath.
301 4381 345 4451 25,
358 4383 402 4438 21.
491 4383 516 4438 2.
540 4379 597 4438 Ioh.
612 4383 710 4453 10,16.
800 4383 826 4438 3.
849 4383 904 4440 lae.
916 4382 942 4453 h,
956 4383 998 4438 16.
