3144 4852
228 472 297 525 1160

217 545 265 592 lun.
277 548 306 592 26

325 304 391 370 690
572 321 769 370 csmsrrsnr
793 321 993 370 canonicos
1016 321 1250 370 nocusrnrun

324 462 365 528 ad
388 461 510 529 Gradus
535 464 599 528 iam
622 462 898 546 incognoscibilem
921 469 953 528 st
975 461 1160 546 foetentem,
1188 463 1298 529 furtim
1320 461 1490 544 sublatum,

324 579 468 645 deferunt
488 579 521 644 in
543 579 646 665 ipsam
670 578 850 663 ecclesiam,
873 578 1049 644 lacrimosis
1072 578 1217 665 suspiriis
1240 576 1430 665 sepeliendo.

412 695 438 761 0
460 695 575 762 furium
599 693 826 779 Magantinam,
854 694 1063 760 omaledicta
1084 713 1161 778 gens
1184 693 1263 760 dura
1285 694 1390 777 corde,
1413 711 1490 776 genu

322 811 465 896 immitis,
489 831 565 895 gens
587 811 805 892 intractabihs,
829 830 905 893 gens
920 809 1131 894 indomabilis,
1154 830 1230 894 gens
1246 809 1365 894 iniqua,
1388 808 1493 876 inrisa

262 937 272 958 ‘
323 927 409 993 coslo
431 931 463 993 et
486 932 600 1010 terras,
623 926 723 1012 impis
745 927 778 992 in
793 925 906 1010 Deum,
930 925 1080 992 seditiosa
1101 927 1134 991 in
1154 926 1299 1009 invicem,
1322 925 1492 991 temeraria

322 1043 356 1110 in
380 1048 489 1110 sancta
510 1062 602 1129 pace3
627 1053 705 1127 qua·
728 1062 821 1107 nemo
836 1042 995 1108 neminem
1010 1041 1217 1109 honorantem
1232 1042 1374 1124 honoret,
1397 1059 1490 1106 nemo

322 1159 480 1225 nominem
502 1163 661 1224 amantem
684 1164 778 1241 amet,
801 1177 894 1225 nemo
916 1163 976 1224 eto.
1010 1157 1076 1224 Vae
1098 1158 1167 1242 tibi,
1190 1157 1298 1225 infelix
1315 1155 1490 1240 Magantia,

323 1294 383 1359 que
405 1275 570 1361 proprium
593 1279 717 1360 patrem
738 1279 867 1358 mactas,
892 1279 928 1340 ut
949 1278 981 1340 te
1002 1273 1037 1339 in
1060 1275 1240 1360 superbiam
1262 1293 1362 1360 ponas
1386 1277 1419 1338 et
1433 1290 1491 1357 pa

322 1390 386 1456 rias
408 1390 569 1474 genimina
591 1389 780 1475 viperarum.
815 1389 898 1456 Acta
919 1395 993 1456 sunt
1015 1390 1073 1456 hoc
1096 1409 1178 1456 anno
1201 1388 1367 1456 millesimo
1383 1393 1491 1455 cents·

323 1505 403 1571 simo
426 1505 633 1589 sexagesimo.

411 1619 438 1687 0
460 1620 646 1705 cardinales,
670 1620 763 1687 huius
786 1621 832 1686 rei
856 1639 911 1687 vos
935 1621 1010 1687 estis
1028 1621 1164 1688 initium.
1201 1619 1312 1687 Venite
1328 1639 1413 1702 ergo,
1438 1639 1491 1684 re-

322 1737 404 1822 nita,
431 1736 556 1803 haurite
584 1757 667 1803 nunc
695 1742 727 1803 et
754 1738 834 1802 ferte
865 1736 1077 1802 architriclino
1100 1742 1204 1802 vestro
1228 1736 1368 1818 diabolo,
1397 1736 1490 1819 eique

323 1851 431 1921 offerto
454 1873 524 1919 cum
550 1874 603 1936 ea,
632 1873 726 1937 quam
750 1851 942 1936 deglutistis,
974 1853 1108 1939 pecunia
1129 1852 1224 1918 stiam
1247 1852 1490 1936 vosmetipsos

410 1967 596 2056 Perpetruto
619 1969 677 2035 hoc
699 1968 832 2052 scelere,
855 1968 971 2035 aliumb
995 1967 1055 2034 sibi
1077 1977 1202 2033 creare·
1224 1971 1372 2050 sumant
1393 1967 1493 2033 scele-

321 2083 413 2168 ratil,
437 2082 556 2150 nullam
580 2085 712 2168 clericis,
736 2105 869 2170 quorum
891 2084 1052 2166 intererat,
1075 2083 1227 2168 eligendi·
1242 2083 1401 2150 licentiam
1418 2103 1493 2149 con-

322 2199 476 2266 cedentes.
512 2201 746 2288 Assumptoque
767 2200 901 2285 quodam
917 2199 1060 2284 Rudolfo,
1079 2199 1262 2283 cognomino
1277 2198 1493 2283 Clobelouch‘,

321 2315 440 2382 iratre¹
462 2315 598 2382 soiliaco
618 2315 704 2382 ducis
727 2311 929 2398 Zsringiss³¹,
957 2315 1048 2382 eum¹
1063 2316 1096 2381 iu
1119 2316 1225 2382 sedem
1247 2314 1412 2399 collocant,
1437 2315 1494 2380 ad·

322 2431 383 2496 huc
412 2431 506 2498 occisi
536 2431 690 2517 praesulis
718 2433 870 2515 sanguine
892 2431 1119 2514 fumigantem¹.
1154 2429 1223 2497 Hoc
1245 2435 1350 2498 autem
1372 2432 1493 2496 facturn

323 2552 386 2630 cst,
415 2552 450 2612 ut
471 2553 603 2634 possent
622 2545 773 2612 ultionem
796 2547 1049 2632 imperatoriam,
1077 2567 1171 2632 quam
1195 2547 1345 2632 quidem'
1368 2567 1493 2614 merue-

321 2668 405 2747 rant,
428 2663 556 2729 evitare.
595 2661 676 2729 Erat
697 2663 780 2729 enin]
804 2663 887 2728 idom
909 2661 1061 2728 liudolfus
1084 2663 1133 2728 vir
1154 2667 1266 2748 potens
1282 2663 1334 2728 in·²
1350 2663 1492 2747 amicis·,

321 2779 421 2865 ipsius
444 2779 646 2866 imperatoris
676 2779 925 2861 consanguineus
953 2779 1158 2865 propinquus.
1197 2777 1258 2845 Hic
1280 2799 1337 2865 pro
1360 2779 1494 2845 iuvesti-

322 2900 395 2960 tura
421 2895 575 2978 rcgalium
605 2898 637 2959 et
659 2894 892 2960 consecratione
915 2913 973 2960 sua
995 2914 1032 2960 ac
1054 2892 1150 2980 pallio
1174 2894 1379 2980 acquirendo,
1409 2895 1494 2979 quod

323 3017 372 3076 est
399 3010 588 3097 pontificalis
617 3009 744 3075 honoris
772 3009 910 3093 insigne,
941 3009 1139 3076 consultans⁹
1162 3029 1198 3077 ac
1225 3015 1425 3097 pertractans
1448 3045 1492 3057 —

323 3127 414 3211 quia*
442 3133 607 3212 sumptus·
635 3145 697 3191 non
726 3124 897 3191 habentur·
925 3125 959 3190 in
988 3125 1157 3212 promptu·
1186 3163 1227 3174 -
1255 3127 1338 3192 unde
1368 3127 1495 3213 possint

323 3263 374 3308 res
396 3242 595 3308 huiusmodi·¹
618 3241 754 3326 acquiri,
778 3239 891 3325 quibus
914 3242 947 3306 iu
972 3241 1087 3308 honore
1110 3261 1166 3308 suo
1191 3243 1367 3328 anquisita'
1390 3243 1494 3327 digni·

323 3363 373 3423 tas
402 3357 536 3425 obtineri
564 3365 596 3424 et
623 3359 752 3424 obtentu
778 3356 906 3422 raleat'
935 3359 1129 3440 conservari;
1160 3363 1192 3424 et
1220 3357 1260 3424 ad
1288 3359 1493 3424 nutriendum

323 3473 428 3556 ignem
452 3480 654 3560 sumptuosae
678 3473 868 3554 ambitionis,
892 3472 982 3557 quasi
1004 3473 1161 3556 lignorum
1184 3479 1319 3558 struem,
1343 3474 1494 3540 secretio·

323 3609 374 3655 res
397 3588 569 3656 consiliarii
584 3589 717 3656 consiha
731 3589 980 3657 subministrant
1015 3588 1194 3656 Thesaurus
1209 3589 1360 3656 ecclesiae
1374 3589 1495 3656 nimius

397 3851 417 3883 a
438 3850 505 3896 quam
520 3839 556 3884 ed.
655 3837 678 3885 b.
699 3837 761 3885 uliud
777 3839 825 3892 ert,
846 3837 916 3884 alium
933 3840 973 3892 W,
990 3842 1015 3886 F.
1109 3851 1129 3886 c.
1150 3849 1228 3886 curare
1243 3839 1292 3896 ert,
1313 3852 1390 3886 creare
1409 3842 1449 3894 17,
1466 3841 1495 3886 F.

325 3915 347 3962 d.
369 3916 475 3963 scelerati
490 3934 532 3963 om.
548 3917 584 3964 ed.
667 3931 687 3964 a.
707 3919 810 3977 potestus
827 3917 883 3962 add.
900 3917 935 3962 cd.
1016 3917 1033 3964 i.
1056 3917 1191 3964 Globslauch
1208 3919 1244 3964 ed.
1324 3931 1345 3977 g.
1366 3919 1437 3966 irater
1453 3921 1496 3966 17.

324 3995 347 4041 h.
367 3995 476 4042 Fridcrici
492 3997 540 4050 ad„
562 3995 649 4042 scilicet
666 3997 705 4052 W,
722 3999 747 4042 F.
830 3995 845 4042 i.
868 3995 972 4054 Toringie
991 3999 1031 4042 W.
1107 3997 1131 4044 k.
1153 4013 1203 4044 eum
1220 4015 1263 4044 aar.
1278 3998 1314 4044 sd„
1393 3998 1409 4044 1.
1429 3997 1496 4045 tumi-

324 4077 391 4133 gante
408 4077 448 4121 11.
526 4089 556 4120 m.
577 4076 668 4134 quidem
684 4093 725 4121 om.
742 4077 778 4121 ed.
855 4089 878 4121 n.
898 4077 923 4121 in
939 4093 980 4121 om.
998 4079 1034 4123 ed.
1112 4091 1134 4126 o.
1154 4079 1240 4124 amicus
1256 4079 1299 4132 ed„
1317 4078 1397 4124 amicir
1414 4080 1456 4132 17,
1468 4081 1496 4124 t.

324 4168 347 4214 p.
368 4154 489 4201 consilians
507 4157 581 4210 W,F.
659 4167 681 4214 q.
704 4154 793 4213 quando
809 4155 852 4208 ed„
869 4156 923 4214 quia
940 4158 1012 4212 W,F.
1091 4171 1109 4202 r.
1131 4160 1222 4218 sumpta
1236 4158 1280 4212 ed„
1297 4160 1403 4218 sumptus
1418 4160 1495 4212 17,ἒὶ

325 4247 344 4280 a.
365 4233 501 4280 haberentur
517 4237 540 4280 F.
614 4237 630 4280 t
652 4233 681 4280 ad
696 4237 824 4293 promptum
843 4235 882 4288 W,
892 4237 917 4280 F.
989 4249 1012 4281 u.
1034 4253 1076 4281 om.
1094 4239 1134 4291 11,
1144 4239 1168 4283 F.
1237 4249 1259 4282 r.
1280 4237 1396 4296 anquisite
1411 4239 1497 4296 scripsi

323 4329 365 4370 pm
381 4313 499 4372 acquisitis
514 4315 558 4366 ed..
573 4313 685 4372 acquisitu
699 4315 738 4368 W,
748 4316 773 4359 F.
850 4327 877 4358 w.
898 4313 983 4360 voleret
998 4315 1042 4368 ed„
1058 4315 1133 4362 meat
1144 4317 1184 4371 11,
1193 4317 1218 4363 B.

398 4416 422 4470 l.
446 4413 530 4470 fratre
547 4417 688 4472 Berthcldi
698 4417 738 4474 IV
757 4416 834 4471 ducis
852 4417 995 4488 Zaringias
1013 4417 1079 4484 (filio
1097 4419 1215 4476 Conradi
1232 4419 1333 4489 ducis).
