3090 4848
226 406 279 461 739

205 479 255 527 oce
264 480 293 526 nt

315 241 378 308 106
561 258 588 306 s.
608 257 783 306 normann
805 259 849 305 nn
870 257 974 306 cunm
995 257 1183 307 semeonis
1205 259 1235 305 ee

312 400 465 488 baptizati
488 405 572 484 sunt,
596 404 722 488 oportet
744 419 798 466 eos
820 421 879 488 per
899 419 1012 468 manus
1027 400 1247 488 impositionis·
1262 405 1296 469 et
1310 399 1393 468 sacri
1407 399 1478 466 cris

312 515 425 583 matisb
448 515 639 583 confirmari.

399 631 483 700 Nam
496 632 601 700 Vivilo
624 633 791 718 episcopus
815 651 835 698 a
856 631 947 698 nobis
970 636 1019 700 est
1042 631 1214 699 ordinatus.
1248 630 1341 699 Etsi
1365 630 1480 717 aliquid

311 749 436 817 excedit
464 754 555 816 extra
583 747 767 815 canonicum
793 746 951 833 regulam,
981 747 1058 816 doce
1086 754 1119 815 et
1145 747 1267 832 corrige
1294 766 1366 814 enm
1395 748 1481 814 iuxta

311 863 471 932 nominee
494 865 663 932 aecclesiae
685 863 907 949 traditionem,
931 883 1026 949 qnam
1049 863 1182 931 anobis
1205 863 1353 951 accepisti
1362 873 1384 930 ⁰.

400 980 449 1048 Dc
472 980 603 1047 concilio
625 998 711 1064 vero,
734 983 771 1045 ut
793 979 884 1046 iuxta
904 979 1009 1068 ripam
1025 977 1181 1048 Danuviil
1196 979 1310 1046 debeas
1325 978 1481 1047 celebrare

311 1101 421 1163 nostra
441 1096 520 1181 vioe,
543 1094 756 1184 praecipimus
778 1095 971 1163 fraternitati
992 1099 1077 1180 tuae,
1101 1093 1276 1184 apostolica
1297 1097 1482 1162 auctoritate

311 1217 344 1280 te
372 1212 490 1280 ibidem
512 1212 718 1298 praesentari.
765 1211 809 1279 Et
830 1213 864 1279 in
887 1219 1040 1298 qnantum
1063 1212 1219 1279 Dominus
1241 1211 1301 1279 tibi
1322 1211 1407 1278 vires
1430 1211 1482 1279 de·

312 1328 405 1412 derit,
428 1328 611 1416 praedicare
633 1327 763 1394 verbum
787 1326 898 1395 saluts
920 1347 982 1394 non
1000 1347 1113 1412 cesses,
1136 1333 1173 1395 nt
1186 1327 1296 1411 religio
1312 1325 1484 1395 christiana

312 1445 347 1511 in
369 1446 497 1512 nomine
518 1443 648 1510 Domini
671 1449 792 1510 crescat
814 1448 847 1510 et
868 1443 1104 1530 multiplicetur.

401 1559 468 1627 Nec
495 1561 580 1626 enim
605 1558 734 1627 habebis
764 1558 940 1644 licentiam,
969 1561 1084 1645 iramr,
1112 1559 1272 1648 percepti·
1294 1557 1431 1626 laboris‘
1451 1559 1485 1626 in

312 1696 375 1743 uno
398 1675 516 1744 morari
530 1674 608 1743 loco.
645 1675 707 1742 Sed
730 1673 881 1742 confirma
903 1675 1017 1742 corda⁸
1038 1677 1172 1743 benum
1196 1680 1229 1742 et
1250 1675 1392 1742 omnium
1407 1673 1485 1742 iide-

313 1793 409 1878 bnm,
433 1793 488 1878 qui
509 1792 619 1859 rures'·
642 1792 771 1858 suntin
793 1791 857 1858 illis
881 1791 1013 1879 Speriis'
1034 1792 1194 1879 partilium
1216 1791 1271 1859 ubi
1293 1791 1352 1858 tibi
1373 1789 1486 1858 Domi·

312 1929 373 1975 nus
403 1909 562 1996 aperuerit
589 1908 673 1975 viam
702 1907 831 1993 salutis,
860 1909 1044 1995 praedicare
1072 1925 1136 1974 non
1165 1905 1310 1974 desistas.
1356 1905 1402 1973 Et
1431 1906 1487 1974 nbi

312 2023 417 2092 locum
438 2023 595 2093 inveneris
618 2025 842 2110 necessarium,
866 2024 1039 2092 secundnm
1061 2024 1244 2090 canonicam
1259 2022 1401 2108 regulum
1418 2023 1489 2110 epi·

313 2159 425 2228 scopos
451 2139 565 2206 ordina
586 2159 626 2206 ex
648 2145 759 2208 nostm
780 2141 864 2225 rice,
894 2145 927 2206 et
954 2139 1160 2227 apostolicam
1183 2143 1277 2225 atque
1298 2139 1489 2206 canonicam

313 2255 519 2323 traditionem
542 2275 595 2322 eos
617 2259 725 2322 tenere
748 2255 922 2324 edocebis&
968 2255 1019 2322 Ex
1041 2255 1101 2323 hoc
1123 2255 1207 2323 enim
1229 2275 1378 2340 magnum
1401 2275 1490 2322 mer*

313 2373 398 2439 cedis
429 2371 605 2458 praemium
641 2372 699 2439 tibi
733 2372 954 2460 praeparabi13
989 2372 1138 2458 quoniam
1173 2371 1382 2460 omnipotenti
1417 2371 1489 2440 Deo

312 2493 420 2555 nostro
443 2487 540 2554 facies
562 2486 688 2575 plebem
710 2489 884 2575 perlectam
893 2483 910 2555 ¹.
956 2487 1027 2555 Non
1051 2489 1171 2574 pigeas,
1194 2487 1398 2556 dilectissime
1421 2488 1491 2555 fra·

312 2611 371 2689 ter,
394 2603 511 2671 itinera
533 2622 664 2691 carpere
686 2623 800 2692 aspera
822 2609 855 2671 et
876 2604 1017 2689 diversa,
1039 2609 1076 2671 ut
1098 2604 1270 2672 christiana
1290 2603 1368 2671 tides
1389 2601 1494 2690 longe

312 2720 438 2806 lateque
461 2723 515 2786 tuo
539 2721 704 2787 conamine
727 2720 924 2787 extendatur.
971 2719 1132 2808 Scriptum
1153 2741 1290 2806 namque
1312 2725 1375 2787 est:
1399 2721 1493 2788 Arta

313 2851 343 2904 et
365 2849 501 2924 oopoetc
522 2840 592 2918 oia,
618 2859 699 2924 quoe
721 2839 808 2904 doctr
829 2839 874 2903 od
895 2833 1018 2904 citern’.
1065 2837 1206 2924 Operaro
1227 2837 1350 2921 itaque,
1372 2835 1493 2924 irater,

313 2953 430 3021 bonum
452 2971 531 3040 opus
554 2952 638 3038 quod
660 2953 782 3039 cepisti,
805 2956 842 3018 ut
862 2954 896 3018 in
919 2953 970 3020 die
994 2951 1113 3020 Christi
1135 2953 1187 3020 dei
1207 2952 1309 3020 nostri
1331 2955 1495 3021 merearis

310 3068 431 3153 dicere,
465 3069 550 3136 inter
582 3074 686 3136 cetum
714 3075 895 3136 sanctorum
923 3068 1133 3155 probabilium
1161 3073 1288 3156 patrum
1315 3069 1493 3136 assistens:

310 3185 393 3252 Ecce
415 3207 470 3272 cpe
495 3199 524 3253 et
540 3189 647 3273 precii,
672 3207 750 3274 poce
773 3188 889 3252 dedisti
902 3179 998 3252 miti·
1006 3209 1017 3262 ,·
1039 3209 1104 3251 ooo
1118 3189 1248 3274 perdidi
1262 3207 1299 3251 ac
1314 3189 1359 3250 eie
1375 3207 1495 3271 quem-

313 3297 435 3389 puom⁴3
458 3300 639 3368 etiterum:
662 3303 811 3384 Domine,
834 3306 972 3390 quiaque
987 3304 1105 3369 talento
1119 3303 1391 3378 mitescentem
1419 3325 1498 3369 cccc

311 3419 378 3484 clio
393 3421 533 3504 quicquic
547 3419 782 3506 euperlcerutm
796 3413 894 3496 scm⁸3
915 3423 951 3485 nt
965 3417 1192 3504 subsequenter
1206 3417 1358 3484 merearis
1371 3435 1497 3486 vocem

311 3533 440 3599 Domini
464 3533 584 3600 andire¹
607 3533 757 3600 dicentis:
782 3535 882 3622 Eripe,
907 3535 1090 3602 cervedone
1110 3533 1270 3619 ctfidcle‘e,
1296 3537 1373 3621 poia
1386 3557 1500 3623 cuper

307 3673 415 3737 pauca
435 3650 538 3736 socri
557 3651 681 3734 fidelis,
711 3673 811 3737 capra
832 3652 932 3718 malta
954 3665 983 3718 te
1005 3654 1207 3728 comitiam
1236 3654 1323 3717 laba
1343 3653 1380 3716 e'u
1399 3674 1499 3737 pau-

311 3767 400 3832 diom
414 3766 551 3832 Domini
572 3761 647 3833 tue'⁸.
683 3763 770 3832 Deus
791 3771 822 3834 te
836 3766 1025 3835 incolomem
1039 3765 1205 3851 custodiat,
1228 3766 1503 3836 reverentissime

373 3947 393 3981 a.
414 3951 472 3980 een.
489 3935 689 3995 dispositionem
706 3936 732 3982 C.
805 3934 827 3980 b.
849 3933 978 3982 obfirmatis
996 3938 1022 3983 c.
1097 3947 1117 3982 u
1137 3935 1260 3994 eocepletie
1277 3937 1303 3984 C·
1379 3933 1403 3981 d.
1431 3954 1504 3986 ωη.

311 4018 334 4062 ie
350 4013 449 4061 Danubii
466 4017 492 4064 C.
570 4029 590 4062 e
612 4014 716 4075 precepti
732 4031 790 4061 corr.
805 4017 828 4060 ie
842 4015 945 4074 percepti
961 4019 1002 4072 Μ,·
1017 4027 1060 4075 pro
1076 4015 1137 4076 cepti
1154 4017 1180 4064 c.
1257 4014 1274 4062 i.
1295 4013 1372 4062 officio
1387 4016 1505 4066 addida

310 4111 391 4142 naeu
408 4097 458 4142 alic
474 4096 497 4140 ie
514 4097 540 4142 C.
601 4107 623 4152 g.
644 4111 701 4140 eon.
717 4097 740 4140 ia
756 4093 887 4141 confirmato
903 4093 971 4141 corde
989 4098 1015 4142 C.
1076 4094 1100 4141 b.
1120 4107 1185 4142 rem
1197 4097 1237 4152 1,·
1256 4111 1313 4143 eon.
1329 4097 1351 4140 ie
1367 4094 1448 4143 mdo
1463 4101 1501 4154 σς

313 4191 343 4222 aa
359 4175 427 4222 rnre?
503 4175 519 4220 i.
540 4189 598 4220 corr.
613 4176 637 4220 ia
652 4173 769 4233 Hesperiis
786 4176 812 4221 ι’.
890 4173 913 4220 k.
933 4191 990 4221 corr.
1006 4178 1029 4221 loe
1045 4173 1153 4222 educabis
1169 4177 1196 4223 ι’.
1272 4173 1289 4222 l
1309 4191 1352 4222 en.
1369 4177 1405 4222 li.

384 4279 409 4334 1.
427 4279 494 4333 cue.
508 4280 533 4346 1,
544 4278 587 4332 rt.
670 4278 696 4332 r.
714 4275 905 4346 necuere.
991 4279 1017 4333 e.
1036 4279 1195 4350 rorare.
1282 4280 1309 4335 4.
1327 4277 1384 4335 1011.
1401 4281 1458 4352 1e,
1472 4283 1507 4341 e.

311 4367 337 4422 e.
361 4365 564 4436 necessse.
653 4365 678 4420 o.
702 4364 798 4421 meu.
811 4366 854 4435 cs,
867 4367 910 4422 er.
