3090 4848
318 308 346 356 s.
363 309 538 356 sonmnun
559 309 604 356 nn
626 309 728 358 uunur
749 309 938 357 urreuonsu
961 309 991 356 to
1198 291 1241 360 73

87 449 359 535 inpotentiorem·
382 450 451 534 quis
481 447 628 516 offendat.
663 449 777 517 Utrum
804 455 910 518 subm
933 451 1181 537 protemporali
1205 473 1242 520 ao
1259 459 1400 515 ‘tle-tna

86 565 238 651 praesenti,
262 565 323 632 anb
337 567 444 652 potius
466 585 525 652 pro
548 571 677 632 aeterua
698 571 731 634 et
750 565 858 634 futrna
872 565 1085 634 beatitudine⁶
1100 566 1241 636 nolendi*

86 679 150 764 sint,
177 681 392 748 arbitrantur?
426 679 462 748 Si
483 701 541 769 pro
564 680 749 768 temporali,
777 682 812 748 in
835 703 896 768 quo
918 683 982 750 iam
1005 682 1161 750 feliciores
1184 704 1241 771 pa·

86 796 145 880 gani
165 795 347 864 christianis
370 802 472 880 suut',
496 796 611 864 dioaut
647 796 729 876 Quid
752 803 857 864 autem
880 819 914 865 ae
937 799 1003 866 suis
1025 799 1168 867 oonteme
1190 820 1241 867 sa·

85 909 196 978 nibede
218 912 299 980 lueri
321 912 383 980 diis
405 911 607 1000 suspieentur
628 913 761 1000 pagani,
790 919 903 981 cuneta
924 913 984 981 sub
1006 919 1164 1002 potestate
1184 916 1242 982 ba·

85 1025 237 1096 bentibus?
267 1027 324 1096 Vel
339 1047 406 1112 eur,
427 1029 462 1094 in
476 1033 634 1116 potestate
649 1029 710 1098 sibi
725 1030 936 1098 subiectorum
950 1027 1030 1114 fieri,
1053 1033 1243 1118 permittunt

84 1144 136 1230 ipsi
155 1144 212 1229 dit,
235 1144 333 1230 quod'
354 1145 433 1232 ipsis
455 1145 618 1214 tribuant?
653 1145 687 1213 Si
709 1145 825 1213 talibus
847 1146 1001 1232 indigent,
1024 1167 1080 1214 our
1096 1167 1159 1214 non
1178 1148 1242 1235 ipsi

83 1260 170 1344 napo
193 1261 318 1348 potiora
341 1260 542 1344 elegeruntssi
578 1261 612 1328 Si
629 1267 814 1328 autemnon
827 1262 981 1346 indigent
1005 1261 1162 1350 superflue
1176 1264 1242 1330 iam

5 1333 8 1405 ἱ
84 1375 185 1442 talibus
212 1375 388 1444 hostiarum
417 1377 646 1445 conlationibus
668 1376 814 1465 planareh
837 1397 871 1444 se
892 1397 986 1464 posse
1008 1378 1095 1444 deos*
1117 1383 1240 1465 putant

158 1491 246 1560 Haeo
268 1498 301 1559 et
320 1492 371 1560 his
394 1493 512 1560 similia
532 1492 634 1560 multa
656 1493 735 1578 alia,
758 1513 839 1579 quae
861 1511 945 1560 nuno
968 1512 1152 1562 enumerare
1173 1493 1242 1561 lon-

5 1594 7 1645 J
84 1627 146 1691 gum
172 1615 239 1693 est,
269 1628 332 1675 non
356 1609 447 1694 quasi
469 1607 650 1675 insultando
672 1609 722 1677 vel
744 1607 922 1676 inritandok
945 1629 1014 1694 eos,
1041 1608 1097 1676 sed
1118 1609 1242 1696 plaoide

84 1741 113 1788 ao
131 1744 246 1808 magna
269 1724 391 1793 obieere
414 1725 628 1792 moderatione
651 1725 756 1793 debes.
790 1725 834 1792 Et
855 1745 913 1812 per
933 1725 1100 1792 intervalla
1113 1727 1241 1811 nostris,

82 1838 173 1906 idest
194 1840 388 1926 christianis,
411 1840 638 1908 buiusoemodi'
661 1840 906 1928 conparandae*
928 1846 1003 1908 sunt
1024 1841 1242 1926 dogmatibus*

82 1957 321 2042 superstitiones,
344 1962 377 2026 et
399 1957 490 2043 quasi
512 1977 530 2024 e
552 1955 651 2024 latere
668 1957 859 2040 tangendam
884 1959 1038 2042 quatenus
1051 1958 1153 2041 magis
1168 1977 1243 2026 oon·

81 2069 140 2140 tuse
159 2091 259 2158 quam
282 2078 485 2159 exasperate⁰
506 2073 623 2159 pagani
642 2071 829 2140 erubescant
841 2091 899 2159 pro
914 2079 980 2140 tarn
998 2071 1160 2140 absurdis’
1174 2073 1243 2160 opi·

82 2188 218 2256 uionibus
248 2194 281 2256 et
307 2207 362 2272 ne,
390 2207 449 2254 nos
477 2187 575 2256 latere
602 2188 744 2275 ipsorum
771 2188 910 2256 nefarios
938 2188 1018 2256 ritus
1047 2207 1084 2256 aa
1110 2187 1243 2274 fabulas,

81 2306 246 2372 enmono.

158 2419 230 2488 Hoc
244 2441 368 2507 quoque
383 2419 596 2488 inferendum:
621 2419 656 2488 Si
671 2421 903 2508 omnipotentes
919 2425 992 2487 sunt
1007 2419 1051 2487 dii
1066 2425 1098 2488 et
1113 2418 1245 2488 benetioi

82 2541 118 2600 et'
136 2537 228 2620 iusti,
259 2557 325 2603 non
352 2536 455 2604 solum
485 2557 558 2604 suos
586 2541 807 2604 remunerant·
828 2535 979 2621 onltores,
1007 2555 1117 2603 uerum
1148 2535 1244 2604 etiam

80 2653 220 2736 puniunt⁸
242 2658 486 2740 oontamptores.
519 2651 563 2719 Et
579 2653 607 2719 si
627 2651 721 2720 baeo'
735 2658 868 2736 unaque
883 2650 1099 2738 temporaliter
1113 2651 1244 2737 fatiunt

4 2813 6 2834 .
81 2785 127 2834 tur
147 2789 223 2853 ergo
247 2774 385 2856 parcunt
405 2767 600 2851 christianis,
626 2773 727 2834 totum
750 2785 831 2855 pene
854 2766 962 2834 orbem
986 2766 1025 2835 ab
1048 2787 1157 2835 eorum
1179 2765 1246 2834 eul-

80 2889 141 2950 tura
168 2884 389 2952 avertentibus
417 2883 563 2968 idolaque
591 2883 825 2951 evertentibus?
862 2881 905 2950 Et
934 2903 1006 2950 oum
1029 2881 1108 2970 ipsi,
1137 2882 1246 2950 idest

79 2997 251 3085 ebriebani,
282 2999 400 3068 fertiles
426 3005 528 3066 terras
551 2999 679 3084 vinique
702 3005 734 3067 et
756 2998 817 3066 olei
838 2999 958 3066 feraces
981 2997 1155 3083 ueterisque
1177 2999 1246 3085 opi-

80 3112 128 3182 bus
142 3116 366 3184 habundantes
381 3116 545 3203 possident
558 3114 748 3201 provintias,
764 3115 843 3203 ipsis
859 3120 975 3198 autem,
991 3114 1023 3181 id
1039 3119 1088 3180 est
1101 3114 1245 3201 paganis,

79 3229 204 3316 bigore'
229 3252 359 3318 semper
381 3234 519 3318 rigentes
542 3237 644 3299 terras
668 3251 739 3298 oum
763 3250 871 3297 eorum
894 3230 955 3296 diis
977 3228 1187 3315 reliquerunt3
1211 3229 1245 3296 in

79 3347 191 3432 quibus,
216 3349 287 3415 iam
309 3353 416 3415 mmen
438 3354 505 3416 toto
528 3347 602 3416 orbe
625 3346 720 3435 pulsi,
743 3345 822 3413 falso
844 3365 977 3430 regnare
999 3350 1161 3433 putantur.

155 3463 331 3533 Inserenda
353 3485 476 3551 quoque
499 3465 605 3551 sepius
628 3465 674 3532 eis
697 3468 746 3530 est
768 3462 853 3530 orbis
877 3461 1047 3529 auotoritas
1066 3461 1244 3544 christiani3

77 3579 264 3668 inquorum
288 3581 512 3668 oonparatioue
533 3581 596 3668 ipsi
618 3579 802 3667 paucissimi
825 3579 858 3645 in
882 3578 1021 3646 vanibte
1044 3579 1175 3665 andqua
1191 3577 1247 3646 ad·

77 3693 130 3764 hun
147 3703 370 3785 perseverant

139 3880 160 3914 a.
175 3867 298 3928 potiorem
308 3869 359 3912 Ma.
428 3863 451 3910 b.
472 3877 499 3911 aa
515 3865 573 3920 MV,
590 3881 647 3910 corr.
663 3867 686 3909 tn
702 3877 731 3910 aa
748 3867 774 3912 C.
845 3876 865 3910 a.
885 3861 1021 3910 beatitudini
1036 3864 1086 3910 Mb.
1155 3861 1178 3910 d.
1199 3863 1246 3910 eol-

77 3944 135 3992 ieuda
151 3947 218 4002 Mat,
238 3963 300 3992 corr.
315 3948 338 3992 io
354 3944 450 3991 colenda
467 3946 493 3993 C.
570 3957 590 3990 e.
607 3943 654 3990 rint
669 3943 742 3990 ΜΗ).
819 3941 907 4004 tquid
925 3943 952 3990 V.
1030 3955 1052 4002 ς.
1069 3942 1158 4002 eligiter
1171 3943 1245 3998 MuV,

78 4024 184 4084 namna
201 4029 236 4084 C‚·
254 4025 343 4084 eligunt
359 4025 408 4072 Mb.
485 4023 508 4070 h.
524 4023 614 4084 plaeere
630 4024 718 4078 MutV,
735 4025 831 4070 cerain
847 4021 936 4082 placare
954 4025 979 4072 C.
1058 4023 1074 4068 i.
1090 4023 1146 4068 deas
1157 4023 1245 4081 MuW,

78 4123 125 4152 eurr.
140 4109 162 4154 ἰι
178 4106 240 4154 deos
261 4107 288 4153 C.
357 4105 381 4151 k.
396 4103 517 4152 iuridaudo
534 4107 582 4151 Mt.
652 4102 668 4150 i.
683 4102 862 4166 buimepmodae
880 4104 907 4150 V.
973 4116 1004 4150 m.
1020 4101 1165 4162 conparanda
1180 4102 1245 4149 Mat·

79 4198 97 4230 u.
114 4204 167 4234 em.
183 4190 208 4232 tn
225 4185 361 4242 dogmatum
378 4187 404 4232 C.
483 4197 504 4230 o.
523 4183 772 4249 mutuae-emposta
790 4183 854 4236 Mai,
871 4181 1127 4241 caumate-eraspemti
1145 4182 1172 4236 V,
1189 4198 1238 4226 corr

81 4263 350 4324 inmutari-exasperati
361 4265 388 4311 C.
449 4277 472 4323 p.
488 4263 691 4310 obaurdiaMubC.
753 4273 776 4320 q.
792 4261 899 4307 estiment
910 4262 936 4308 C.
998 4275 1016 4307 r.
1033 4259 1245 4317 beneficiethV,

79 4341 207 4393 benedicat
216 4347 274 4398 nu,
282 4343 341 4390 baua
349 4342 438 4390 seilicet
446 4343 471 4389 θ.
534 4341 766 4389 arenumerautm.
828 4339 1008 4400 tpuniauth.
1071 4339 1245 4387 antennor.

81 4423 189 4485 utrigiee
206 4425 261 4472 m.
