<?xml version="1.0" encoding="UTF-8"?>
<!DOCTYPE html PUBLIC "-//W3C//DTD XHTML 1.0 Transitional//EN"
    "http://www.w3.org/TR/xhtml1/DTD/xhtml1-transitional.dtd">
<html xmlns="http://www.w3.org/1999/xhtml" xml:lang="en" lang="en">
 <head>
  <title>
</title>
<meta http-equiv="Content-Type" content="text/html;charset=utf-8" />
  <meta name='ocr-system' content='tesseract 3.04.00' />
  <meta name='ocr-capabilities' content='ocr_page ocr_carea ocr_par ocr_line ocrx_word'/>
</head>
<body>
  <div class='ocr_page' id='page_1' title='image "./bibliothecareru03jaffgoog_0564.png"; bbox 0 0 3164 4842; ppageno 0'>
   <div class='ocr_carea' id='block_1_1' title="bbox 287 289 1206 361">
    <p class='ocr_par' dir='ltr' id='par_1_1' title="bbox 287 289 1206 361">
     <span class='ocr_line' id='line_1_1' title="bbox 287 289 1206 361; baseline 0.005 -5"><span class='ocrx_word' id='word_1_1' title='bbox 287 289 352 356; x_wconf 82' lang='lat'><strong>548</strong></span> <span class='ocrx_word' id='word_1_2' title='bbox 541 308 702 360; x_wconf 79' lang='lat' dir='ltr'><strong>nossem</strong></span> <span class='ocrx_word' id='word_1_3' title='bbox 722 309 909 358; x_wconf 80' lang='lat' dir='ltr'><strong>runnsssrs</strong></span> <span class='ocrx_word' id='word_1_4' title='bbox 933 311 1012 360; x_wconf 79' lang='lat' dir='ltr'><strong>vrrs</strong></span> <span class='ocrx_word' id='word_1_5' title='bbox 1034 310 1206 361; x_wconf 73' lang='lat' dir='ltr'><strong>sinuosus</strong></span> 
     </span>
    </p>
   </div>
   <div class='ocr_carea' id='block_1_2' title="bbox 267 447 1458 4365">
    <p class='ocr_par' dir='ltr' id='par_1_2' title="bbox 267 447 1458 3204">
     <span class='ocr_line' id='line_1_2' title="bbox 288 447 1453 537; baseline 0.003 -21"><span class='ocrx_word' id='word_1_6' title='bbox 288 447 343 516; x_wconf 92' lang='lat' dir='ltr'><strong>sed</strong></span> <span class='ocrx_word' id='word_1_7' title='bbox 378 469 594 536; x_wconf 76' lang='lat' dir='ltr'>quemcunque</span> <span class='ocrx_word' id='word_1_8' title='bbox 621 451 758 534; x_wconf 86' lang='lat' dir='ltr'><strong>invenit,</strong></span> <span class='ocrx_word' id='word_1_9' title='bbox 793 471 898 518; x_wconf 91' lang='lat' dir='ltr'><strong>secum</strong></span> <span class='ocrx_word' id='word_1_10' title='bbox 931 451 1086 518; x_wconf 89' lang='lat' dir='ltr'><strong>invitabat</strong></span> <span class='ocrx_word' id='word_1_11' title='bbox 1119 451 1272 537; x_wconf 87' lang='lat' dir='ltr'><strong>compulit</strong></span> <span class='ocrx_word' id='word_1_12' title='bbox 1299 452 1453 534; x_wconf 74' lang='lat' dir='ltr'><strong>babebat,</strong></span> 
     </span>
     <span class='ocr_line' id='line_1_3' title="bbox 287 564 1454 653; baseline 0.004 -23"><span class='ocrx_word' id='word_1_13' title='bbox 287 564 378 632; x_wconf 87' lang='lat' dir='ltr'><strong>iuxta</strong></span> <span class='ocrx_word' id='word_1_14' title='bbox 399 565 494 632; x_wconf 91' lang='lat' dir='ltr'><strong>iilud:</strong></span> <span class='ocrx_word' id='word_1_15' title='bbox 523 567 566 634; x_wconf 80' lang='grc' dir='ltr'><strong>Ει</strong></span> <span class='ocrx_word' id='word_1_16' title='bbox 590 570 647 653; x_wconf 73' lang='lat' dir='ltr'><strong>qus·</strong></span> <span class='ocrx_word' id='word_1_17' title='bbox 667 569 775 648; x_wconf 79' lang='lat' dir='ltr'><strong>cudit,</strong></span> <span class='ocrx_word' id='word_1_18' title='bbox 800 570 901 634; x_wconf 80' lang='lat' dir='ltr'><strong>dicct.-</strong></span> <span class='ocrx_word' id='word_1_19' title='bbox 925 564 1027 634; x_wconf 65' lang='lat' dir='ltr'><strong>Vati</strong></span> <span class='ocrx_word' id='word_1_20' title='bbox 1061 567 1108 634; x_wconf 89' lang='lat' dir='ltr'><strong>At</strong></span> <span class='ocrx_word' id='word_1_21' title='bbox 1129 588 1218 652; x_wconf 85' lang='lat' dir='ltr'><strong>uero,</strong></span> <span class='ocrx_word' id='word_1_22' title='bbox 1243 569 1271 634; x_wconf 90' lang='lat' dir='ltr'><strong>si</strong></span> <span class='ocrx_word' id='word_1_23' title='bbox 1294 588 1387 653; x_wconf 89' lang='lat' dir='ltr'><strong>quem</strong></span> <span class='ocrx_word' id='word_1_24' title='bbox 1408 569 1454 634; x_wconf 84' lang='lat' dir='ltr'><strong>lu·</strong></span> 
     </span>
     <span class='ocr_line' id='line_1_4' title="bbox 288 679 1455 770; baseline 0.005 -24"><span class='ocrx_word' id='word_1_25' title='bbox 288 680 364 746; x_wconf 84' lang='lat' dir='ltr'><strong>silla</strong></span> <span class='ocrx_word' id='word_1_26' title='bbox 385 679 492 748; x_wconf 80' lang='lat' dir='ltr'><strong>delicti</strong></span> <span class='ocrx_word' id='word_1_27' title='bbox 515 680 646 748; x_wconf 86' lang='lat' dir='ltr'><strong>alicuius</strong></span> <span class='ocrx_word' id='word_1_28' title='bbox 669 683 806 768; x_wconf 90' lang='lat' dir='ltr'><strong>sopitum</strong></span> <span class='ocrx_word' id='word_1_29' title='bbox 822 683 951 766; x_wconf 86' lang='lat' dir='ltr'><strong>invenit,</strong></span> <span class='ocrx_word' id='word_1_30' title='bbox 975 681 1145 750; x_wconf 89' lang='lat' dir='ltr'><strong>scintillam</strong></span> <span class='ocrx_word' id='word_1_31' title='bbox 1160 685 1194 750; x_wconf 95' lang='lat' dir='ltr'><strong>in</strong></span> <span class='ocrx_word' id='word_1_32' title='bbox 1210 703 1246 749; x_wconf 92' lang='lat' dir='ltr'><strong>eo</strong></span> <span class='ocrx_word' id='word_1_33' title='bbox 1262 685 1455 770; x_wconf 86' lang='lat' dir='ltr'><strong>penitentiae</strong></span> 
     </span>
     <span class='ocr_line' id='line_1_5' title="bbox 287 795 1453 886; baseline 0.003 -21"><span class='ocrx_word' id='word_1_34' title='bbox 287 796 482 884; x_wconf 70' lang='lat' dir='ltr'>explorabat,</span> <span class='ocrx_word' id='word_1_35' title='bbox 504 795 581 864; x_wconf 91' lang='lat' dir='ltr'><strong>iiatu</strong></span> <span class='ocrx_word' id='word_1_36' title='bbox 604 797 825 864; x_wconf 73' lang='lat' dir='ltr'><strong>consolationis</strong></span> <span class='ocrx_word' id='word_1_37' title='bbox 847 799 880 864; x_wconf 91' lang='lat' dir='ltr'><strong>in</strong></span> <span class='ocrx_word' id='word_1_38' title='bbox 902 797 1063 866; x_wconf 86' lang='lat' dir='ltr'><strong>flammam</strong></span> <span class='ocrx_word' id='word_1_39' title='bbox 1077 798 1227 886; x_wconf 83' lang='lat' dir='ltr'><strong>produxit</strong></span> <span class='ocrx_word' id='word_1_40' title='bbox 1242 800 1453 884; x_wconf 85' lang='lat' dir='ltr'><strong>lacrimarum,</strong></span> 
     </span>
     <span class='ocr_line' id='line_1_6' title="bbox 286 913 1453 1003; baseline 0.003 -25"><span class='ocrx_word' id='word_1_41' title='bbox 286 913 368 980; x_wconf 90' lang='lat' dir='ltr'><strong>sicut</strong></span> <span class='ocrx_word' id='word_1_42' title='bbox 396 913 548 998; x_wconf 90' lang='lat' dir='ltr'><strong>scriptum</strong></span> <span class='ocrx_word' id='word_1_43' title='bbox 578 918 641 980; x_wconf 87' lang='lat' dir='ltr'><strong>est:</strong></span> <span class='ocrx_word' id='word_1_44' title='bbox 671 914 768 1000; x_wconf 78' lang='lat' dir='ltr'><strong>Aqua</strong></span> <span class='ocrx_word' id='word_1_45' title='bbox 791 915 944 981; x_wconf 72' lang='lat' dir='ltr'><strong>comburit</strong></span> <span class='ocrx_word' id='word_1_46' title='bbox 960 929 1134 1002; x_wconf 81' lang='lat' dir='ltr'><strong>peccatum.</strong></span> <span class='ocrx_word' id='word_1_47' title='bbox 1169 914 1349 1003; x_wconf 81' lang='lat' dir='ltr'><strong>Disposuit,</strong></span> <span class='ocrx_word' id='word_1_48' title='bbox 1380 917 1453 1001; x_wconf 88' lang='lat' dir='ltr'><strong>quid</strong></span> 
     </span>
     <span class='ocr_line' id='line_1_7' title="bbox 287 1028 1455 1116; baseline 0.003 -22"><span class='ocrx_word' id='word_1_49' title='bbox 287 1029 418 1114; x_wconf 89' lang='lat' dir='ltr'><strong>quisque</strong></span> <span class='ocrx_word' id='word_1_50' title='bbox 441 1033 557 1112; x_wconf 84' lang='lat' dir='ltr'><strong>ageret,</strong></span> <span class='ocrx_word' id='word_1_51' title='bbox 580 1028 671 1095; x_wconf 90' lang='lat' dir='ltr'><strong>ilium</strong></span> <span class='ocrx_word' id='word_1_52' title='bbox 694 1029 853 1094; x_wconf 90' lang='lat' dir='ltr'><strong>suadendo</strong></span> <span class='ocrx_word' id='word_1_53' title='bbox 877 1030 916 1096; x_wconf 90' lang='lat' dir='ltr'><strong>ad</strong></span> <span class='ocrx_word' id='word_1_54' title='bbox 940 1032 1156 1116; x_wconf 89' lang='lat' dir='ltr'><strong>penitentiam,</strong></span> <span class='ocrx_word' id='word_1_55' title='bbox 1179 1031 1268 1100; x_wconf 91' lang='lat' dir='ltr'><strong>ilium</strong></span> <span class='ocrx_word' id='word_1_56' title='bbox 1292 1033 1335 1098; x_wconf 88' lang='lat' dir='ltr'><strong>ad</strong></span> <span class='ocrx_word' id='word_1_57' title='bbox 1356 1033 1455 1098; x_wconf 73' lang='lat' dir='ltr'><strong>conb-</strong></span> 
     </span>
     <span class='ocr_line' id='line_1_8' title="bbox 286 1143 1457 1232; baseline 0.005 -24"><span class='ocrx_word' id='word_1_58' title='bbox 286 1144 442 1228; x_wconf 90' lang='lat' dir='ltr'><strong>nentiam,</strong></span> <span class='ocrx_word' id='word_1_59' title='bbox 469 1143 559 1210; x_wconf 90' lang='lat' dir='ltr'><strong>iilum</strong></span> <span class='ocrx_word' id='word_1_60' title='bbox 589 1144 629 1210; x_wconf 92' lang='lat' dir='ltr'><strong>ad</strong></span> <span class='ocrx_word' id='word_1_61' title='bbox 657 1144 882 1230; x_wconf 78' lang='lat' dir='ltr'><strong>humilitatem,</strong></span> <span class='ocrx_word' id='word_1_62' title='bbox 911 1146 1000 1212; x_wconf 92' lang='lat' dir='ltr'><strong>iilum</strong></span> <span class='ocrx_word' id='word_1_63' title='bbox 1024 1147 1064 1214; x_wconf 88' lang='lat' dir='ltr'><strong>ad</strong></span> <span class='ocrx_word' id='word_1_64' title='bbox 1086 1149 1266 1232; x_wconf 74' lang='lat' dir='ltr'><strong>mutatam,</strong></span> <span class='ocrx_word' id='word_1_65' title='bbox 1297 1154 1330 1215; x_wconf 89' lang='lat' dir='ltr'><strong>et</strong></span> <span class='ocrx_word' id='word_1_66' title='bbox 1351 1153 1457 1215; x_wconf 86' lang='lat' dir='ltr'><strong>cetera</strong></span> 
     </span>
     <span class='ocr_line' id='line_1_9' title="bbox 286 1257 1455 1351; baseline 0.006 -25"><span class='ocrx_word' id='word_1_67' title='bbox 286 1258 373 1326; x_wconf 84' lang='lat' dir='ltr'><strong>tsiia.</strong></span> <span class='ocrx_word' id='word_1_68' title='bbox 409 1257 540 1347; x_wconf 86' lang='lat' dir='ltr'>Semper</span> <span class='ocrx_word' id='word_1_69' title='bbox 563 1279 656 1328; x_wconf 90' lang='lat' dir='ltr'><strong>mane</strong></span> <span class='ocrx_word' id='word_1_70' title='bbox 678 1262 782 1347; x_wconf 91' lang='lat' dir='ltr'><strong>primo</strong></span> <span class='ocrx_word' id='word_1_71' title='bbox 805 1261 893 1346; x_wconf 84' lang='lat' dir='ltr'><strong>exiit,</strong></span> <span class='ocrx_word' id='word_1_72' title='bbox 917 1282 1050 1347; x_wconf 89' lang='lat' dir='ltr'><strong>sequens</strong></span> <span class='ocrx_word' id='word_1_73' title='bbox 1074 1283 1145 1330; x_wconf 91' lang='lat' dir='ltr'><strong>eum</strong></span> <span class='ocrx_word' id='word_1_74' title='bbox 1168 1266 1223 1349; x_wconf 87' lang='lat' dir='ltr'><strong>qui</strong></span> <span class='ocrx_word' id='word_1_75' title='bbox 1241 1265 1301 1330; x_wconf 91' lang='lat' dir='ltr'><strong>ait:</strong></span> <span class='ocrx_word' id='word_1_76' title='bbox 1328 1264 1370 1334; x_wconf 80' lang='lat' dir='ltr'><strong>Si</strong></span> <span class='ocrx_word' id='word_1_77' title='bbox 1385 1267 1455 1351; x_wconf 78' lang='lat' dir='ltr'><strong>qais</strong></span> 
     </span>
     <span class='ocr_line' id='line_1_10' title="bbox 286 1377 1457 1466; baseline 0.006 -25"><span class='ocrx_word' id='word_1_78' title='bbox 286 1377 353 1442; x_wconf 83' lang='lat' dir='ltr'><strong>uait</strong></span> <span class='ocrx_word' id='word_1_79' title='bbox 377 1390 451 1464; x_wconf 82' lang='lat' dir='ltr'><strong>post</strong></span> <span class='ocrx_word' id='word_1_80' title='bbox 476 1399 524 1442; x_wconf 85' lang='lat' dir='ltr'><strong>me</strong></span> <span class='ocrx_word' id='word_1_81' title='bbox 550 1381 672 1458; x_wconf 81' lang='lat' dir='ltr'><strong>uenire,</strong></span> <span class='ocrx_word' id='word_1_82' title='bbox 705 1379 834 1466; x_wconf 74' lang='lat' dir='ltr'><strong>abneget</strong></span> <span class='ocrx_word' id='word_1_83' title='bbox 854 1391 947 1444; x_wconf 80' lang='lat' dir='ltr'><strong>semet</strong></span> <span class='ocrx_word' id='word_1_84' title='bbox 969 1383 1089 1465; x_wconf 81' lang='lat' dir='ltr'><strong>ipsam,</strong></span> <span class='ocrx_word' id='word_1_85' title='bbox 1122 1393 1151 1446; x_wconf 85' lang='lat' dir='ltr'><strong>et</strong></span> <span class='ocrx_word' id='word_1_86' title='bbox 1171 1382 1262 1448; x_wconf 74' lang='lat' dir='ltr'><strong>solbe</strong></span> <span class='ocrx_word' id='word_1_87' title='bbox 1284 1403 1405 1446; x_wconf 67' lang='lat' dir='ltr'><strong>ensem</strong></span> <span class='ocrx_word' id='word_1_88' title='bbox 1428 1393 1457 1448; x_wconf 81' lang='lat' dir='ltr'><strong>et</strong></span> 
     </span>
     <span class='ocr_line' id='line_1_11' title="bbox 286 1487 1455 1581; baseline 0.003 -21"><span class='ocrx_word' id='word_1_89' title='bbox 286 1496 366 1560; x_wconf 68' lang='lat' dir='ltr'><strong>aas</strong></span> <span class='ocrx_word' id='word_1_90' title='bbox 382 1505 459 1579; x_wconf 84' lang='lat' dir='ltr'><strong>post</strong></span> <span class='ocrx_word' id='word_1_91' title='bbox 479 1487 555 1558; x_wconf 78' lang='lat' dir='ltr'><strong>uee¹.</strong></span> <span class='ocrx_word' id='word_1_92' title='bbox 590 1491 683 1560; x_wconf 86' lang='lat' dir='ltr'><strong>Mane</strong></span> <span class='ocrx_word' id='word_1_93' title='bbox 708 1499 828 1579; x_wconf 70' lang='lat' dir='ltr'><strong>summ,</strong></span> <span class='ocrx_word' id='word_1_94' title='bbox 856 1495 938 1562; x_wconf 91' lang='lat' dir='ltr'><strong>sicut</strong></span> <span class='ocrx_word' id='word_1_95' title='bbox 960 1496 1111 1581; x_wconf 86' lang='lat' dir='ltr'><strong>scriptum</strong></span> <span class='ocrx_word' id='word_1_96' title='bbox 1135 1501 1197 1562; x_wconf 87' lang='lat' dir='ltr'><strong>ast:</strong></span> <span class='ocrx_word' id='word_1_97' title='bbox 1227 1499 1324 1564; x_wconf 81' lang='lat' dir='ltr'><strong>Meae</strong></span> <span class='ocrx_word' id='word_1_98' title='bbox 1346 1497 1455 1564; x_wconf 70' lang='lat' dir='ltr'><strong>cambo</strong></span> 
     </span>
     <span class='ocr_line' id='line_1_12' title="bbox 286 1603 1456 1704; baseline 0.003 -31"><span class='ocrx_word' id='word_1_99' title='bbox 286 1603 369 1704; x_wconf 66' lang='lat' dir='ltr'><strong>titi&#39;,</strong></span> <span class='ocrx_word' id='word_1_100' title='bbox 400 1613 517 1674; x_wconf 86' lang='lat' dir='ltr'><strong>terram</strong></span> <span class='ocrx_word' id='word_1_101' title='bbox 541 1609 644 1675; x_wconf 89' lang='lat' dir='ltr'><strong>cordis</strong></span> <span class='ocrx_word' id='word_1_102' title='bbox 668 1611 717 1676; x_wconf 89' lang='lat' dir='ltr'><strong>sui</strong></span> <span class='ocrx_word' id='word_1_103' title='bbox 739 1611 855 1696; x_wconf 88' lang='lat' dir='ltr'><strong>spiritu</strong></span> <span class='ocrx_word' id='word_1_104' title='bbox 877 1609 1030 1696; x_wconf 83' lang='lat' dir='ltr'><strong>proscidit</strong></span> <span class='ocrx_word' id='word_1_105' title='bbox 1052 1612 1265 1696; x_wconf 87' lang='lat' dir='ltr'><strong>contricionis,</strong></span> <span class='ocrx_word' id='word_1_106' title='bbox 1295 1613 1456 1680; x_wconf 86' lang='lat' dir='ltr'><strong>seminans</strong></span> 
     </span>
     <span class='ocr_line' id='line_1_13' title="bbox 286 1725 1457 1811; baseline 0.007 -23"><span class='ocrx_word' id='word_1_107' title='bbox 286 1743 356 1789; x_wconf 91' lang='lat' dir='ltr'><strong>eam</strong></span> <span class='ocrx_word' id='word_1_108' title='bbox 385 1727 513 1810; x_wconf 90' lang='lat' dir='ltr'><strong>patrum</strong></span> <span class='ocrx_word' id='word_1_109' title='bbox 540 1725 787 1811; x_wconf 82' lang='lat' dir='ltr'><strong>exemplaribus,</strong></span> <span class='ocrx_word' id='word_1_110' title='bbox 815 1726 898 1792; x_wconf 92' lang='lat' dir='ltr'><strong>unde</strong></span> <span class='ocrx_word' id='word_1_111' title='bbox 921 1725 982 1792; x_wconf 90' lang='lat' dir='ltr'><strong>sibi</strong></span> <span class='ocrx_word' id='word_1_112' title='bbox 1004 1727 1130 1794; x_wconf 83' lang='lat' dir='ltr'><strong>virtutis</strong></span> <span class='ocrx_word' id='word_1_113' title='bbox 1153 1732 1186 1794; x_wconf 92' lang='lat' dir='ltr'><strong>et</strong></span> <span class='ocrx_word' id='word_1_114' title='bbox 1208 1728 1278 1795; x_wconf 84' lang='lat' dir='ltr'><strong>silis</strong></span> <span class='ocrx_word' id='word_1_115' title='bbox 1301 1735 1457 1796; x_wconf 83' lang='lat' dir='ltr'><strong>cresceret</strong></span> 
     </span>
     <span class='ocr_line' id='line_1_14' title="bbox 284 1839 1456 1925; baseline 0.003 -19"><span class='ocrx_word' id='word_1_116' title='bbox 284 1839 405 1906; x_wconf 89' lang='lat' dir='ltr'><strong>fructus</strong></span> <span class='ocrx_word' id='word_1_117' title='bbox 434 1839 554 1908; x_wconf 90' lang='lat' dir='ltr'><strong>salutis.</strong></span> <span class='ocrx_word' id='word_1_118' title='bbox 592 1839 626 1906; x_wconf 89' lang='lat' dir='ltr'><strong>Si</strong></span> <span class='ocrx_word' id='word_1_119' title='bbox 655 1841 779 1925; x_wconf 90' lang='lat' dir='ltr'><strong>quando</strong></span> <span class='ocrx_word' id='word_1_120' title='bbox 803 1848 907 1908; x_wconf 90' lang='lat' dir='ltr'><strong>autem</strong></span> <span class='ocrx_word' id='word_1_121' title='bbox 932 1843 1034 1910; x_wconf 88' lang='lat' dir='ltr'><strong>acrius</strong></span> <span class='ocrx_word' id='word_1_122' title='bbox 1057 1843 1091 1910; x_wconf 91' lang='lat' dir='ltr'><strong>in</strong></span> <span class='ocrx_word' id='word_1_123' title='bbox 1114 1864 1185 1912; x_wconf 89' lang='lat' dir='ltr'><strong>cum</strong></span> <span class='ocrx_word' id='word_1_124' title='bbox 1209 1845 1456 1912; x_wconf 80' lang='lat' dir='ltr'><strong>incendebantur</strong></span> 
     </span>
     <span class='ocr_line' id='line_1_15' title="bbox 284 1954 1457 2048; baseline 0.007 -28"><span class='ocrx_word' id='word_1_125' title='bbox 284 1954 441 2024; x_wconf 90' lang='lat' dir='ltr'><strong>humanae</strong></span> <span class='ocrx_word' id='word_1_126' title='bbox 463 1956 754 2024; x_wconf 85' lang='lat' dir='ltr'><strong>molestationes-</strong></span> <span class='ocrx_word' id='word_1_127' title='bbox 774 1958 1016 2044; x_wconf 88' lang='lat' dir='ltr'><strong>quiascriptum</strong></span> <span class='ocrx_word' id='word_1_128' title='bbox 1037 1965 1098 2026; x_wconf 89' lang='lat' dir='ltr'><strong>est:</strong></span> <span class='ocrx_word' id='word_1_129' title='bbox 1126 1960 1249 2042; x_wconf 77' lang='lat' dir='ltr'><strong>Omnes,</strong></span> <span class='ocrx_word' id='word_1_130' title='bbox 1275 1966 1333 2048; x_wconf 80' lang='lat' dir='ltr'><strong>qai</strong></span> <span class='ocrx_word' id='word_1_131' title='bbox 1347 1963 1457 2032; x_wconf 76' lang='lat' dir='ltr'><strong>uoluat</strong></span> 
     </span>
     <span class='ocr_line' id='line_1_16' title="bbox 284 2071 1457 2162; baseline 0.003 -23"><span class='ocrx_word' id='word_1_132' title='bbox 284 2075 337 2159; x_wconf 82' lang='lat' dir='ltr'><strong>pic</strong></span> <span class='ocrx_word' id='word_1_133' title='bbox 364 2076 466 2138; x_wconf 69' lang='lat' dir='ltr'><strong>sicma</strong></span> <span class='ocrx_word' id='word_1_134' title='bbox 492 2076 527 2138; x_wconf 83' lang='lat' dir='ltr'><strong>s&#39;a</strong></span> <span class='ocrx_word' id='word_1_135' title='bbox 551 2071 672 2140; x_wconf 74' lang='lat' dir='ltr'><strong>Christo</strong></span> <span class='ocrx_word' id='word_1_136' title='bbox 696 2074 778 2154; x_wconf 80' lang='lat' dir='ltr'><strong>Iesu,</strong></span> <span class='ocrx_word' id='word_1_137' title='bbox 797 2079 1045 2160; x_wconf 80' lang='lat' dir='ltr'><strong>persecutionem</strong></span> <span class='ocrx_word' id='word_1_138' title='bbox 1062 2073 1253 2162; x_wconf 77' lang='lat' dir='ltr'><strong>paciuatas⁴</strong></span> <span class='ocrx_word' id='word_1_139' title='bbox 1268 2111 1310 2123; x_wconf 92' lang='lat'>-</span> <span class='ocrx_word' id='word_1_140' title='bbox 1328 2076 1457 2144; x_wconf 88' lang='lat' dir='ltr'><strong>humili-</strong></span> 
     </span>
     <span class='ocr_line' id='line_1_17' title="bbox 285 2188 1458 2279; baseline 0.003 -24"><span class='ocrx_word' id='word_1_141' title='bbox 285 2189 360 2255; x_wconf 90' lang='lat' dir='ltr'><strong>tatis</strong></span> <span class='ocrx_word' id='word_1_142' title='bbox 388 2188 549 2272; x_wconf 88' lang='lat' dir='ltr'><strong>ingressus</strong></span> <span class='ocrx_word' id='word_1_143' title='bbox 572 2190 786 2274; x_wconf 84' lang='lat' dir='ltr'><strong>refrigerium,</strong></span> <span class='ocrx_word' id='word_1_144' title='bbox 817 2190 907 2274; x_wconf 89' lang='lat' dir='ltr'><strong>quasi</strong></span> <span class='ocrx_word' id='word_1_145' title='bbox 930 2190 988 2256; x_wconf 88' lang='lat' dir='ltr'><strong>sub</strong></span> <span class='ocrx_word' id='word_1_146' title='bbox 1010 2190 1123 2258; x_wconf 92' lang='lat' dir='ltr'><strong>umbra</strong></span> <span class='ocrx_word' id='word_1_147' title='bbox 1146 2192 1322 2279; x_wconf 87' lang='lat' dir='ltr'><strong>pacientiae</strong></span> <span class='ocrx_word' id='word_1_148' title='bbox 1344 2193 1458 2260; x_wconf 88' lang='lat' dir='ltr'><strong>hnma-</strong></span> 
     </span>
     <span class='ocr_line' id='line_1_18' title="bbox 285 2302 1457 2390; baseline 0.005 -22"><span class='ocrx_word' id='word_1_149' title='bbox 285 2323 342 2370; x_wconf 91' lang='lat' dir='ltr'><strong>ncs</strong></span> <span class='ocrx_word' id='word_1_150' title='bbox 366 2302 544 2371; x_wconf 81' lang='lat' dir='ltr'><strong>declinabat</strong></span> <span class='ocrx_word' id='word_1_151' title='bbox 566 2311 667 2386; x_wconf 89' lang='lat' dir='ltr'><strong>estus;</strong></span> <span class='ocrx_word' id='word_1_152' title='bbox 699 2311 731 2372; x_wconf 91' lang='lat' dir='ltr'><strong>et</strong></span> <span class='ocrx_word' id='word_1_153' title='bbox 752 2325 860 2372; x_wconf 89' lang='lat' dir='ltr'><strong>rursus</strong></span> <span class='ocrx_word' id='word_1_154' title='bbox 885 2306 975 2390; x_wconf 89' lang='lat' dir='ltr'><strong>quasi</strong></span> <span class='ocrx_word' id='word_1_155' title='bbox 997 2326 1144 2390; x_wconf 82' lang='lat' dir='ltr'><strong>surgens,</strong></span> <span class='ocrx_word' id='word_1_156' title='bbox 1168 2308 1325 2376; x_wconf 83' lang='lat' dir='ltr'><strong>exaltatus</strong></span> <span class='ocrx_word' id='word_1_157' title='bbox 1348 2308 1457 2376; x_wconf 86' lang='lat' dir='ltr'><strong>divino</strong></span> 
     </span>
     <span class='ocr_line' id='line_1_19' title="bbox 267 2419 1455 2508; baseline 0.005 -24"><span class='ocrx_word' id='word_1_158' title='bbox 267 2419 412 2504; x_wconf 79' lang='lat' dir='ltr'><strong>¹iudicio,</strong></span> <span class='ocrx_word' id='word_1_159' title='bbox 435 2425 501 2488; x_wconf 87' lang='lat' dir='ltr'><strong>tcto</strong></span> <span class='ocrx_word' id='word_1_160' title='bbox 525 2421 617 2488; x_wconf 87' lang='lat' dir='ltr'><strong>corde</strong></span> <span class='ocrx_word' id='word_1_161' title='bbox 640 2421 801 2503; x_wconf 89' lang='lat' dir='ltr'><strong>reddebat,</strong></span> <span class='ocrx_word' id='word_1_162' title='bbox 827 2421 910 2506; x_wconf 89' lang='lat' dir='ltr'><strong>qnod</strong></span> <span class='ocrx_word' id='word_1_163' title='bbox 933 2420 1068 2488; x_wconf 90' lang='lat' dir='ltr'><strong>debebat</strong></span> <span class='ocrx_word' id='word_1_164' title='bbox 1088 2443 1146 2508; x_wconf 90' lang='lat' dir='ltr'><strong>pro</strong></span> <span class='ocrx_word' id='word_1_165' title='bbox 1169 2423 1274 2490; x_wconf 84' lang='lat' dir='ltr'><strong>divino</strong></span> <span class='ocrx_word' id='word_1_166' title='bbox 1293 2423 1455 2492; x_wconf 86' lang='lat' dir='ltr'><strong>beneficio.</strong></span> 
     </span>
     <span class='ocr_line' id='line_1_20' title="bbox 285 2533 1457 2624; baseline 0.007 -24"><span class='ocrx_word' id='word_1_167' title='bbox 285 2533 381 2619; x_wconf 87' lang='lat' dir='ltr'><strong>Ergo,</strong></span> <span class='ocrx_word' id='word_1_168' title='bbox 404 2535 471 2602; x_wconf 86' lang='lat' dir='ltr'><strong>eive</strong></span> <span class='ocrx_word' id='word_1_169' title='bbox 494 2536 662 2604; x_wconf 89' lang='lat' dir='ltr'><strong>decedente</strong></span> <span class='ocrx_word' id='word_1_170' title='bbox 686 2537 752 2604; x_wconf 86' lang='lat' dir='ltr'><strong>sive</strong></span> <span class='ocrx_word' id='word_1_171' title='bbox 775 2537 942 2604; x_wconf 89' lang='lat' dir='ltr'><strong>accedente</strong></span> <span class='ocrx_word' id='word_1_172' title='bbox 965 2536 1026 2619; x_wconf 83' lang='lat' dir='ltr'><strong>die,</strong></span> <span class='ocrx_word' id='word_1_173' title='bbox 1051 2557 1175 2624; x_wconf 83' lang='lat' dir='ltr'><strong>semper</strong></span> <span class='ocrx_word' id='word_1_174' title='bbox 1198 2540 1252 2608; x_wconf 83' lang='lat' dir='ltr'><strong>ilie</strong></span> <span class='ocrx_word' id='word_1_175' title='bbox 1273 2541 1398 2624; x_wconf 79' lang='lat' dir='ltr'><strong>integer</strong></span> <span class='ocrx_word' id='word_1_176' title='bbox 1415 2541 1457 2608; x_wconf 85' lang='lat' dir='ltr'><strong>ad</strong></span> 
     </span>
     <span class='ocr_line' id='line_1_21' title="bbox 285 2649 1455 2739; baseline 0.007 -22"><span class='ocrx_word' id='word_1_177' title='bbox 285 2649 346 2718; x_wconf 92' lang='lat' dir='ltr'><strong>Dei</strong></span> <span class='ocrx_word' id='word_1_178' title='bbox 374 2652 543 2719; x_wconf 87' lang='lat' dir='ltr'><strong>accedebat</strong></span> <span class='ocrx_word' id='word_1_179' title='bbox 565 2671 707 2739; x_wconf 90' lang='lat' dir='ltr'><strong>pensum.</strong></span> <span class='ocrx_word' id='word_1_180' title='bbox 744 2653 824 2719; x_wconf 86' lang='lat' dir='ltr'><strong>Tota</strong></span> <span class='ocrx_word' id='word_1_181' title='bbox 846 2657 936 2720; x_wconf 90' lang='lat' dir='ltr'><strong>nocte</strong></span> <span class='ocrx_word' id='word_1_182' title='bbox 959 2655 1042 2720; x_wconf 90' lang='lat' dir='ltr'><strong>iuter</strong></span> <span class='ocrx_word' id='word_1_183' title='bbox 1065 2656 1214 2722; x_wconf 88' lang='lat' dir='ltr'><strong>caelestes</strong></span> <span class='ocrx_word' id='word_1_184' title='bbox 1238 2657 1455 2724; x_wconf 80' lang='lat' dir='ltr'><strong>convivatores</strong></span> 
     </span>
     <span class='ocr_line' id='line_1_22' title="bbox 286 2767 1456 2858; baseline 0.003 -24"><span class='ocrx_word' id='word_1_185' title='bbox 286 2767 440 2854; x_wconf 90' lang='lat' dir='ltr'><strong>epulatus,</strong></span> <span class='ocrx_word' id='word_1_186' title='bbox 463 2768 503 2834; x_wconf 89' lang='lat' dir='ltr'><strong>ad</strong></span> <span class='ocrx_word' id='word_1_187' title='bbox 526 2789 645 2855; x_wconf 88' lang='lat' dir='ltr'><strong>prunas</strong></span> <span class='ocrx_word' id='word_1_188' title='bbox 668 2768 811 2834; x_wconf 87' lang='lat' dir='ltr'><strong>caelestis</strong></span> <span class='ocrx_word' id='word_1_189' title='bbox 834 2769 971 2836; x_wconf 89' lang='lat' dir='ltr'><strong>incendii</strong></span> <span class='ocrx_word' id='word_1_190' title='bbox 995 2770 1134 2854; x_wconf 88' lang='lat' dir='ltr'><strong>sedebat,</strong></span> <span class='ocrx_word' id='word_1_191' title='bbox 1157 2777 1295 2858; x_wconf 87' lang='lat' dir='ltr'><strong>potuque</strong></span> <span class='ocrx_word' id='word_1_192' title='bbox 1309 2771 1456 2839; x_wconf 85' lang='lat' dir='ltr'><strong>lacrima-</strong></span> 
     </span>
     <span class='ocr_line' id='line_1_23' title="bbox 284 2884 1457 2974; baseline 0.004 -25"><span class='ocrx_word' id='word_1_193' title='bbox 284 2903 357 2950; x_wconf 90' lang='lat' dir='ltr'><strong>rum</strong></span> <span class='ocrx_word' id='word_1_194' title='bbox 379 2884 572 2970; x_wconf 89' lang='lat' dir='ltr'><strong>deebriatus,</strong></span> <span class='ocrx_word' id='word_1_195' title='bbox 602 2885 789 2952; x_wconf 90' lang='lat' dir='ltr'><strong>Davidicum</strong></span> <span class='ocrx_word' id='word_1_196' title='bbox 812 2905 926 2971; x_wconf 85' lang='lat' dir='ltr'><strong>poema</strong></span> <span class='ocrx_word' id='word_1_197' title='bbox 948 2905 1017 2952; x_wconf 90' lang='lat' dir='ltr'><strong>cum</strong></span> <span class='ocrx_word' id='word_1_198' title='bbox 1043 2887 1108 2952; x_wconf 86' lang='lat' dir='ltr'><strong>suis</strong></span> <span class='ocrx_word' id='word_1_199' title='bbox 1132 2888 1238 2974; x_wconf 89' lang='lat' dir='ltr'><strong>pueris</strong></span> <span class='ocrx_word' id='word_1_200' title='bbox 1260 2888 1400 2954; x_wconf 87' lang='lat' dir='ltr'><strong>intentus</strong></span> <span class='ocrx_word' id='word_1_201' title='bbox 1424 2893 1457 2954; x_wconf 87' lang='lat' dir='ltr'><strong>et</strong></span> 
     </span>
     <span class='ocr_line' id='line_1_24' title="bbox 284 2998 1455 3090; baseline 0.005 -25"><span class='ocrx_word' id='word_1_202' title='bbox 284 2998 431 3084; x_wconf 83' lang='lat' dir='ltr'><strong>frequens</strong></span> <span class='ocrx_word' id='word_1_203' title='bbox 455 3000 594 3068; x_wconf 91' lang='lat' dir='ltr'><strong>canebat.</strong></span> <span class='ocrx_word' id='word_1_204' title='bbox 630 3001 744 3086; x_wconf 83' lang='lat' dir='ltr'><strong>Sisque</strong></span> <span class='ocrx_word' id='word_1_205' title='bbox 766 3000 905 3067; x_wconf 88' lang='lat' dir='ltr'><strong>laborem</strong></span> <span class='ocrx_word' id='word_1_206' title='bbox 930 3021 1055 3088; x_wconf 88' lang='lat' dir='ltr'><strong>semper</strong></span> <span class='ocrx_word' id='word_1_207' title='bbox 1077 3004 1248 3090; x_wconf 89' lang='lat' dir='ltr'><strong>resumpsit</strong></span> <span class='ocrx_word' id='word_1_208' title='bbox 1270 3024 1309 3072; x_wconf 84' lang='lat' dir='ltr'><strong>ex</strong></span> <span class='ocrx_word' id='word_1_209' title='bbox 1324 3023 1455 3071; x_wconf 86' lang='lat' dir='ltr'><strong>consue-</strong></span> 
     </span>
     <span class='ocr_line' id='line_1_25' title="bbox 285 3115 1064 3204; baseline 0.008 -23"><span class='ocrx_word' id='word_1_210' title='bbox 285 3115 404 3200; x_wconf 89' lang='lat' dir='ltr'><strong>tudine,</strong></span> <span class='ocrx_word' id='word_1_211' title='bbox 429 3116 494 3182; x_wconf 90' lang='lat' dir='ltr'><strong>acsi</strong></span> <span class='ocrx_word' id='word_1_212' title='bbox 516 3116 605 3182; x_wconf 88' lang='lat' dir='ltr'><strong>nulia</strong></span> <span class='ocrx_word' id='word_1_213' title='bbox 626 3123 822 3204; x_wconf 86' lang='lat' dir='ltr'><strong>premeretur</strong></span> <span class='ocrx_word' id='word_1_214' title='bbox 844 3117 1064 3187; x_wconf 87' lang='lat' dir='ltr'><strong>sollicitudine.</strong></span> 
     </span>
    </p>

    <p class='ocr_par' dir='ltr' id='par_1_3' title="bbox 284 3231 1457 4365">
     <span class='ocr_line' id='line_1_26' title="bbox 373 3231 1456 3320; baseline 0.006 -24"><span class='ocrx_word' id='word_1_215' title='bbox 373 3231 504 3318; x_wconf 87' lang='lat' dir='ltr'><strong>Aliquid</strong></span> <span class='ocrx_word' id='word_1_216' title='bbox 526 3233 618 3300; x_wconf 89' lang='lat' dir='ltr'><strong>medo</strong></span> <span class='ocrx_word' id='word_1_217' title='bbox 642 3233 807 3300; x_wconf 88' lang='lat' dir='ltr'><strong>dicendum</strong></span> <span class='ocrx_word' id='word_1_218' title='bbox 832 3239 880 3300; x_wconf 89' lang='lat' dir='ltr'><strong>est</strong></span> <span class='ocrx_word' id='word_1_219' title='bbox 902 3235 940 3301; x_wconf 92' lang='lat' dir='ltr'><strong>de</strong></span> <span class='ocrx_word' id='word_1_220' title='bbox 963 3236 1021 3301; x_wconf 89' lang='lat' dir='ltr'><strong>hoc</strong></span> <span class='ocrx_word' id='word_1_221' title='bbox 1038 3241 1145 3302; x_wconf 88' lang='lat' dir='ltr'><strong>sancte</strong></span> <span class='ocrx_word' id='word_1_222' title='bbox 1162 3237 1239 3319; x_wconf 87' lang='lat' dir='ltr'><strong>vire,</strong></span> <span class='ocrx_word' id='word_1_223' title='bbox 1263 3234 1357 3319; x_wconf 91' lang='lat' dir='ltr'><strong>quod,</strong></span> <span class='ocrx_word' id='word_1_224' title='bbox 1380 3235 1456 3320; x_wconf 86' lang='lat' dir='ltr'><strong>quia</strong></span> 
     </span>
     <span class='ocr_line' id='line_1_27' title="bbox 285 3349 1454 3437; baseline 0.006 -25"><span class='ocrx_word' id='word_1_225' title='bbox 285 3367 456 3434; x_wconf 88' lang='lat' dir='ltr'><strong>parumper</strong></span> <span class='ocrx_word' id='word_1_226' title='bbox 479 3349 603 3433; x_wconf 85' lang='lat' dir='ltr'><strong>acescit,</strong></span> <span class='ocrx_word' id='word_1_227' title='bbox 631 3349 761 3415; x_wconf 90' lang='lat' dir='ltr'><strong>reticere</strong></span> <span class='ocrx_word' id='word_1_228' title='bbox 784 3350 892 3435; x_wconf 91' lang='lat' dir='ltr'><strong>cupio;</strong></span> <span class='ocrx_word' id='word_1_229' title='bbox 922 3351 977 3416; x_wconf 86' lang='lat' dir='ltr'><strong>sed</strong></span> <span class='ocrx_word' id='word_1_230' title='bbox 1000 3357 1087 3418; x_wconf 89' lang='lat' dir='ltr'><strong>tante</strong></span> <span class='ocrx_word' id='word_1_231' title='bbox 1111 3351 1307 3418; x_wconf 85' lang='lat' dir='ltr'><strong>auctoritatis</strong></span> <span class='ocrx_word' id='word_1_232' title='bbox 1330 3351 1454 3437; x_wconf 84' lang='lat' dir='ltr'><strong>pondus</strong></span> 
     </span>
     <span class='ocr_line' id='line_1_28' title="bbox 286 3462 1453 3554; baseline 0.006 -26"><span class='ocrx_word' id='word_1_233' title='bbox 286 3462 378 3530; x_wconf 88' lang='lat' dir='ltr'><strong>silere</strong></span> <span class='ocrx_word' id='word_1_234' title='bbox 406 3483 469 3530; x_wconf 92' lang='lat' dir='ltr'><strong>non</strong></span> <span class='ocrx_word' id='word_1_235' title='bbox 498 3463 607 3531; x_wconf 90' lang='lat' dir='ltr'><strong>audeo.</strong></span> <span class='ocrx_word' id='word_1_236' title='bbox 642 3463 745 3543; x_wconf 81' lang='lat' dir='ltr'><strong>Quare</strong></span> <span class='ocrx_word' id='word_1_237' title='bbox 774 3469 880 3530; x_wconf 91' lang='lat' dir='ltr'><strong>autem</strong></span> <span class='ocrx_word' id='word_1_238' title='bbox 909 3465 968 3532; x_wconf 90' lang='lat' dir='ltr'><strong>hoe</strong></span> <span class='ocrx_word' id='word_1_239' title='bbox 990 3466 1102 3553; x_wconf 90' lang='lat' dir='ltr'><strong>loquar</strong></span> <span class='ocrx_word' id='word_1_240' title='bbox 1123 3467 1258 3552; x_wconf 87' lang='lat' dir='ltr'><strong>inritus,</strong></span> <span class='ocrx_word' id='word_1_241' title='bbox 1289 3467 1317 3534; x_wconf 92' lang='lat' dir='ltr'><strong>si</strong></span> <span class='ocrx_word' id='word_1_242' title='bbox 1338 3467 1453 3554; x_wconf 69' lang='lat' dir='ltr'><strong>placet,</strong></span> 
     </span>
     <span class='ocr_line' id='line_1_29' title="bbox 286 3579 1457 3668; baseline 0.004 -23"><span class='ocrx_word' id='word_1_243' title='bbox 286 3579 400 3648; x_wconf 90' lang='lat' dir='ltr'><strong>audite.</strong></span> <span class='ocrx_word' id='word_1_244' title='bbox 435 3579 589 3646; x_wconf 82' lang='lat' dir='ltr'><strong>Amorum</strong></span> <span class='ocrx_word' id='word_1_245' title='bbox 619 3581 770 3667; x_wconf 89' lang='lat' dir='ltr'><strong>estquod</strong></span> <span class='ocrx_word' id='word_1_246' title='bbox 795 3581 961 3648; x_wconf 91' lang='lat' dir='ltr'><strong>dicendum</strong></span> <span class='ocrx_word' id='word_1_247' title='bbox 985 3589 1047 3668; x_wconf 86' lang='lat' dir='ltr'><strong>est,</strong></span> <span class='ocrx_word' id='word_1_248' title='bbox 1076 3587 1109 3650; x_wconf 91' lang='lat' dir='ltr'><strong>et</strong></span> <span class='ocrx_word' id='word_1_249' title='bbox 1128 3582 1232 3650; x_wconf 87' lang='lat' dir='ltr'><strong>Bardo</strong></span> <span class='ocrx_word' id='word_1_250' title='bbox 1256 3589 1364 3652; x_wconf 88' lang='lat' dir='ltr'><strong>noster</strong></span> <span class='ocrx_word' id='word_1_251' title='bbox 1386 3581 1457 3651; x_wconf 91' lang='lat' dir='ltr'><strong>dui·</strong></span> 
     </span>
     <span class='ocr_line' id='line_1_30' title="bbox 285 3695 1454 3785; baseline 0.003 -23"><span class='ocrx_word' id='word_1_252' title='bbox 285 3695 429 3762; x_wconf 86' lang='lat' dir='ltr'><strong>sissimus</strong></span> <span class='ocrx_word' id='word_1_253' title='bbox 459 3701 522 3778; x_wconf 89' lang='lat' dir='ltr'><strong>est;</strong></span> <span class='ocrx_word' id='word_1_254' title='bbox 551 3695 729 3782; x_wconf 89' lang='lat' dir='ltr'><strong>nciiemque</strong></span> <span class='ocrx_word' id='word_1_255' title='bbox 757 3697 795 3763; x_wconf 91' lang='lat' dir='ltr'><strong>de</strong></span> <span class='ocrx_word' id='word_1_256' title='bbox 826 3697 1006 3766; x_wconf 88' lang='lat' dir='ltr'><strong>dulcissimo</strong></span> <span class='ocrx_word' id='word_1_257' title='bbox 1036 3701 1202 3785; x_wconf 89' lang='lat' dir='ltr'><strong>quiequam</strong></span> <span class='ocrx_word' id='word_1_258' title='bbox 1225 3699 1288 3766; x_wconf 92' lang='lat' dir='ltr'><strong>nisi</strong></span> <span class='ocrx_word' id='word_1_259' title='bbox 1310 3699 1454 3766; x_wconf 85' lang='lat' dir='ltr'><strong>dulcissi-</strong></span> 
     </span>
     <span class='ocr_line' id='line_1_31' title="bbox 285 3811 1454 3900; baseline 0.003 -22"><span class='ocrx_word' id='word_1_260' title='bbox 285 3832 372 3880; x_wconf 90' lang='lat' dir='ltr'><strong>mum</strong></span> <span class='ocrx_word' id='word_1_261' title='bbox 406 3812 502 3897; x_wconf 89' lang='lat' dir='ltr'><strong>loqui.</strong></span> <span class='ocrx_word' id='word_1_262' title='bbox 544 3811 620 3892; x_wconf 83' lang='lat' dir='ltr'><strong>Quis</strong></span> <span class='ocrx_word' id='word_1_263' title='bbox 649 3813 732 3879; x_wconf 92' lang='lat' dir='ltr'><strong>enim</strong></span> <span class='ocrx_word' id='word_1_264' title='bbox 761 3835 911 3900; x_wconf 90' lang='lat' dir='ltr'><strong>umquam</strong></span> <span class='ocrx_word' id='word_1_265' title='bbox 939 3813 1118 3882; x_wconf 89' lang='lat' dir='ltr'><strong>Bardonem</strong></span> <span class='ocrx_word' id='word_1_266' title='bbox 1146 3815 1207 3882; x_wconf 89' lang='lat' dir='ltr'><strong>uisi</strong></span> <span class='ocrx_word' id='word_1_267' title='bbox 1238 3815 1454 3882; x_wconf 88' lang='lat' dir='ltr'><strong>dulcissimum</strong></span> 
     </span>
     <span class='ocr_line' id='line_1_32' title="bbox 286 3928 1451 4016; baseline 0.002 -20"><span class='ocrx_word' id='word_1_268' title='bbox 286 3933 435 4016; x_wconf 79' lang='lat' dir='ltr'><strong>expertus</strong></span> <span class='ocrx_word' id='word_1_269' title='bbox 464 3929 532 3994; x_wconf 83' lang='lat' dir='ltr'><strong>esti</strong></span> <span class='ocrx_word' id='word_1_270' title='bbox 566 3928 663 3995; x_wconf 88' lang='lat' dir='ltr'><strong>Vultu</strong></span> <span class='ocrx_word' id='word_1_271' title='bbox 690 3929 825 4015; x_wconf 86' lang='lat' dir='ltr'><strong>hylaris,</strong></span> <span class='ocrx_word' id='word_1_272' title='bbox 855 3931 958 3998; x_wconf 86' lang='lat' dir='ltr'><strong>verbis</strong></span> <span class='ocrx_word' id='word_1_273' title='bbox 982 3931 1143 4016; x_wconf 90' lang='lat' dir='ltr'><strong>amabilis,</strong></span> <span class='ocrx_word' id='word_1_274' title='bbox 1172 3931 1312 3998; x_wconf 88' lang='lat' dir='ltr'><strong>moribus</strong></span> <span class='ocrx_word' id='word_1_275' title='bbox 1336 3931 1451 3998; x_wconf 71' lang='lat' dir='ltr'><strong>susus.</strong></span> 
     </span>
     <span class='ocr_line' id='line_1_33' title="bbox 285 4043 1455 4125; baseline 0.005 -15"><span class='ocrx_word' id='word_1_276' title='bbox 285 4043 361 4124; x_wconf 84' lang='lat' dir='ltr'><strong>Quis</strong></span> <span class='ocrx_word' id='word_1_277' title='bbox 390 4065 495 4112; x_wconf 91' lang='lat' dir='ltr'><strong>coram</strong></span> <span class='ocrx_word' id='word_1_278' title='bbox 524 4043 668 4112; x_wconf 90' lang='lat' dir='ltr'><strong>Bardone</strong></span> <span class='ocrx_word' id='word_1_279' title='bbox 697 4047 816 4113; x_wconf 84' lang='lat' dir='ltr'><strong>tristis?</strong></span> <span class='ocrx_word' id='word_1_280' title='bbox 855 4045 931 4125; x_wconf 81' lang='lat' dir='ltr'><strong>Quis</strong></span> <span class='ocrx_word' id='word_1_281' title='bbox 960 4046 1045 4114; x_wconf 91' lang='lat' dir='ltr'><strong>iliius</strong></span> <span class='ocrx_word' id='word_1_282' title='bbox 1074 4048 1285 4116; x_wconf 86' lang='lat' dir='ltr'><strong>consolatione</strong></span> <span class='ocrx_word' id='word_1_283' title='bbox 1313 4067 1377 4116; x_wconf 90' lang='lat' dir='ltr'><strong>non</strong></span> <span class='ocrx_word' id='word_1_284' title='bbox 1406 4052 1455 4116; x_wconf 85' lang='lat' dir='ltr'><strong>est</strong></span> 
     </span>
     <span class='ocr_line' id='line_1_34' title="bbox 285 4151 1454 4251; baseline 0.003 -25"><span class='ocrx_word' id='word_1_285' title='bbox 285 4159 413 4228; x_wconf 84' lang='lat' dir='ltr'><strong>effeetus</strong></span> <span class='ocrx_word' id='word_1_286' title='bbox 441 4159 543 4228; x_wconf 80' lang='lat' dir='ltr'><strong>letus?</strong></span> <span class='ocrx_word' id='word_1_287' title='bbox 576 4160 701 4248; x_wconf 88' lang='lat' dir='ltr'><strong>Pauper</strong></span> <span class='ocrx_word' id='word_1_288' title='bbox 729 4181 836 4228; x_wconf 90' lang='lat' dir='ltr'><strong>coram</strong></span> <span class='ocrx_word' id='word_1_289' title='bbox 862 4162 918 4228; x_wconf 92' lang='lat' dir='ltr'><strong>iiio</strong></span> <span class='ocrx_word' id='word_1_290' title='bbox 939 4151 1057 4230; x_wconf 88' lang='lat' dir='ltr'><strong>nuliius</strong></span> <span class='ocrx_word' id='word_1_291' title='bbox 1078 4163 1229 4248; x_wconf 75' lang='lat' dir='ltr'><strong>indiguit,</strong></span> <span class='ocrx_word' id='word_1_292' title='bbox 1257 4164 1345 4232; x_wconf 85' lang='lat' dir='ltr'><strong>dives</strong></span> <span class='ocrx_word' id='word_1_293' title='bbox 1369 4163 1454 4251; x_wconf 88' lang='lat' dir='ltr'><strong>apud</strong></span> 
     </span>
     <span class='ocr_line' id='line_1_35' title="bbox 284 4275 1452 4365; baseline 0.007 -25"><span class='ocrx_word' id='word_1_294' title='bbox 284 4275 375 4344; x_wconf 90' lang='lat' dir='ltr'><strong>ilium</strong></span> <span class='ocrx_word' id='word_1_295' title='bbox 402 4276 499 4344; x_wconf 86' lang='lat' dir='ltr'><strong>nichil</strong></span> <span class='ocrx_word' id='word_1_296' title='bbox 526 4277 673 4364; x_wconf 90' lang='lat' dir='ltr'><strong>perdidit.</strong></span> <span class='ocrx_word' id='word_1_297' title='bbox 709 4277 797 4346; x_wconf 91' lang='lat' dir='ltr'><strong>idem</strong></span> <span class='ocrx_word' id='word_1_298' title='bbox 819 4279 888 4365; x_wconf 90' lang='lat' dir='ltr'><strong>ipse</strong></span> <span class='ocrx_word' id='word_1_299' title='bbox 910 4278 1029 4364; x_wconf 87' lang='lat' dir='ltr'><strong>Bardo,</strong></span> <span class='ocrx_word' id='word_1_300' title='bbox 1059 4285 1091 4347; x_wconf 92' lang='lat' dir='ltr'><strong>et</strong></span> <span class='ocrx_word' id='word_1_301' title='bbox 1112 4276 1258 4348; x_wconf 79' lang='lat' dir='ltr'><strong>dommus</strong></span> <span class='ocrx_word' id='word_1_302' title='bbox 1280 4281 1399 4352; x_wconf 84' lang='lat' dir='ltr'><strong>ditione</strong></span> <span class='ocrx_word' id='word_1_303' title='bbox 1420 4285 1452 4348; x_wconf 86' lang='lat' dir='ltr'><strong>et</strong></span> 
     </span>
    </p>
   </div>
   <div class='ocr_carea' id='block_1_3' title="bbox 357 4405 1582 4497">
    <p class='ocr_par' dir='ltr' id='par_1_4' title="bbox 357 4405 1582 4497">
     <span class='ocr_line' id='line_1_36' title="bbox 357 4405 1582 4497; baseline 0.007 -38"><span class='ocrx_word' id='word_1_304' title='bbox 357 4407 380 4458; x_wconf 91' lang='lat'><strong>1.</strong></span> <span class='ocrx_word' id='word_1_305' title='bbox 400 4405 486 4474; x_wconf 73' lang='lat' dir='ltr'><strong>spos.</strong></span> <span class='ocrx_word' id='word_1_306' title='bbox 499 4407 542 4478; x_wconf 79' lang='lat' dir='ltr'><strong>aa,</strong></span> <span class='ocrx_word' id='word_1_307' title='bbox 554 4407 596 4462; x_wconf 84' lang='lat' dir='ltr'><strong>rr.</strong></span> <span class='ocrx_word' id='word_1_308' title='bbox 650 4409 675 4463; x_wconf 83' lang='lat' dir='ltr'><strong>a.</strong></span> <span class='ocrx_word' id='word_1_309' title='bbox 694 4407 900 4480; x_wconf 67' lang='lat' dir='ltr'><strong>memissa</strong></span> <span class='ocrx_word' id='word_1_310' title='bbox 954 4411 980 4466; x_wconf 86' lang='lat' dir='ltr'><strong>a.</strong></span> <span class='ocrx_word' id='word_1_311' title='bbox 997 4411 1114 4482; x_wconf 59' lang='lat' dir='ltr'><strong>sess.</strong></span> <span class='ocrx_word' id='word_1_312' title='bbox 1167 4413 1195 4468; x_wconf 78' lang='grc' dir='ltr'><strong>ε.</strong></span> <span class='ocrx_word' id='word_1_313' title='bbox 1213 4411 1448 4483; x_wconf 67' lang='lat' dir='ltr'><strong>emmonem</strong></span> <span class='ocrx_word' id='word_1_314' title='bbox 1581 4410 1582 4497; x_wconf 78' lang='lat' dir='ltr'>j</span> 
     </span>
    </p>
   </div>
   <div class='ocr_carea' id='block_1_4' title="bbox 0 0 1586 4842">
    <p class='ocr_par' dir='ltr' id='par_1_5' title="bbox 0 0 1586 4842">
     <span class='ocr_line' id='line_1_37' title="bbox 0 0 1586 4842; baseline 0 0"><span class='ocrx_word' id='word_1_315' title='bbox 0 0 1586 4842; x_wconf 95' lang='lat' dir='ltr'><strong> </strong></span> 
     </span>
    </p>
   </div>
  </div>
 </body>
</html>
