3024 4864
313 261 376 328 158
559 277 781 328 anomalum
802 279 847 326 nr
867 277 971 327 nunu
992 277 1179 327 nrrsronsr
1199 277 1229 324 aa

139 441 164 481 o.
177 425 343 486 ⁷³2-7460t
364 419 552 487 honerosum
576 420 652 505 quid
675 419 833 504 acciderit,
858 420 1022 488 ancxiatae
1042 419 1158 486 mentia
1173 417 1324 485 solacium
1336 415 1386 482 rel
1399 434 1464 482 con·

310 535 415 601 silium
445 535 485 602 ab
511 535 575 603 illis
599 555 766 620 quaerere,
797 535 837 602 de
860 555 992 620 quorum
1014 535 1170 602 maxime·
1194 532 1333 600 amicitia
1353 531 1403 598 vel
1421 551 1464 597 sa·

309 651 429 738 pientia
452 657 484 718 et
504 650 630 717 foedare
652 649 822 717 confidunt
868 649 988 716 Eodem
1011 651 1104 716 modo
1128 654 1160 716 et
1182 669 1249 733 ego,
1277 648 1316 715 de
1337 645 1466 733 paterni·

308 767 383 832 tatis
399 771 524 833 vestrae
538 766 695 853 probabili
710 767 868 852 sapientia
881 770 914 832 et
929 765 1070 832 amicitia
1083 763 1250 849 conlidens,
1271 763 1361 830 uobis
1375 762 1466 828 fessae

308 883 423 948 meniis
452 881 613 965 angustiae
644 901 767 968 expono
796 886 828 948 et
855 885 978 948 vestrae
1000 881 1129 968 piatatis
1152 879 1316 946 consilium
1340 883 1373 945 et
1395 876 1467 944 sola-

309 996 393 1062 cium
415 1017 541 1081 quaero.
577 996 658 1065 Sunt
679 997 762 1063 enim
785 995 876 1063 nobis
898 998 989 1063 iuxta
1009 997 1129 1062 dictum
1148 994 1283 1082 apostoli
1297 1013 1361 1061 non
1376 993 1469 1060 solum

308 1111 385 1178 ioris
407 1131 512 1198 pugne
535 1116 567 1178 et
587 1113 673 1178 intus
692 1113 823 1180 timores
832 1109 851 1197 ¹,
874 1112 930 1179 sed
945 1114 1040 1180 ctiam
1055 1112 1142 1178 intus
1157 1130 1281 1198 pugnae
1297 1109 1393 1176 simul
1406 1129 1468 1176 cum

309 1227 438 1309 timore;
473 1229 612 1294 maxime
639 1247 765 1314 semper
791 1248 849 1316 per
875 1227 972 1294 falsos
1002 1227 1179 1294 sacerdotes
1207 1233 1239 1293 et
1264 1225 1469 1313 hypochrilaa

309 1341 369 1420 Qui
392 1348 424 1409 et
443 1343 510 1410 Deo
535 1343 741 1410 adversantur
763 1347 796 1410 et
817 1342 879 1410 sibi
900 1344 1076 1430 perduntur
1100 1349 1131 1410 et
1152 1341 1306 1429 populum
1327 1363 1388 1429 per
1408 1340 1470 1427 plu·

309 1457 391 1524 rima
413 1459 562 1525 scandala
585 1465 616 1525 et
632 1460 737 1526 varios
761 1479 882 1526 errores
905 1459 1067 1543 seducunt,
1092 1459 1231 1525 dicentes
1246 1457 1375 1544 populis
1391 1458 1472 1524 iuxta

310 1573 428 1639 dictum
449 1575 640 1661 prophetae:
663 1577 749 1656 Pus,
768 1579 860 1662 pao!
879 1580 911 1643 et
929 1595 993 1641 non
1009 1581 1058 1641 est
1071 1570 1162 1661 pax².
1199 1573 1242 1640 Et
1256 1593 1364 1639 semen
1380 1571 1471 1656 verbi,

310 1689 411 1774 quod,
440 1689 478 1756 da
506 1690 577 1756 sinu
606 1690 778 1758 catholicae
806 1695 839 1757 et
867 1689 1058 1777 apostolicae
1085 1689 1235 1756 ecclesiae
1263 1695 1426 1775 sumptum
1446 1693 1474 1755 et

309 1804 400 1872 nobis
422 1806 685 1891 commandatum,
712 1807 867 1873 seminare
890 1805 1118 1890 aliquantulum
1142 1805 1315 1890 studemus,
1339 1805 1389 1871 illi
1410 1825 1474 1871 cnm

308 1920 383 1987 lolio
407 1923 657 2008 superseminare
680 1927 713 1989 ot
735 1921 889 1989 suffocare
910 1923 1055 1990 nituntur
1074 1920 1126 1987 vel
1140 1921 1174 1986 in
1190 1920 1322 1988 herbam
1336 1921 1474 2008 pestiferi

308 2037 432 2122 generis
455 2041 646 2104 convertere.
681 2037 724 2104 Et
747 2038 830 2124 quod
850 2037 1042 2124 plantamus,
1064 2057 1130 2102 non
1143 2037 1284 2120 inrigant
1298 2043 1336 2104 ut
1350 2041 1475 2119 crescat

308 2154 365 2219 sed
387 2151 521 2220 evellere
544 2153 672 2220 student
693 2159 729 2220 ut
750 2158 938 2235 marcescat3
963 2151 1128 2220 offerentes
1144 2152 1270 2239 populis
1286 2158 1319 2218 et
1334 2153 1477 2222 docentes

308 2287 407 2334 novas
435 2274 537 2334 sectas
565 2275 598 2334 et
619 2267 737 2334 diversi
758 2269 883 2352 generis
908 2289 1039 2336 errores.
1085 2267 1221 2346 Quidam
1244 2268 1442 2336 abstinentes
1462 2288 1479 2334 a

309 2383 403 2468 cibis,
434 2403 511 2469 quos
533 2383 620 2449 Deus
650 2383 690 2449 ad
712 2379 950 2471 percipiendum
972 2378 1124 2466 creavit⁸3
1157 2383 1303 2470 quidam,
1334 2384 1431 2453 mella
1452 2389 1480 2452 et

309 2498 391 2566 lacte
418 2497 566 2586 proprisi
589 2505 754 2586 pascentes
783 2519 832 2584 se,
862 2520 978 2586 panem
1006 2505 1038 2566 et
1065 2505 1186 2566 ceteros
1216 2499 1361 2568 abiciunt
1384 2501 1480 2582 cibun

310 2613 438 2699 quidam
461 2619 567 2681 antem
590 2613 774 2698 adfirmant,
802 2616 885 2700 quod
907 2615 1081 2702 plurimum
1102 2615 1221 2701 populo
1243 2623 1354 2684 nocet:
1385 2618 1481 2683 homi-

309 2731 395 2797 cidas
418 2730 469 2796 vel
492 2729 660 2815 adulteros,
683 2731 717 2795 in
739 2731 818 2816 ipsis
834 2730 1003 2798 sceleribus
1018 2735 1267 2816 perseverantes,
1290 2730 1364 2798 fiori
1379 2737 1481 2798 tamen

308 2865 403 2932 posse
422 2844 483 2914 Dei
506 2847 694 2915 sacerdotes.
729 2847 842 2933 Populi
865 2849 971 2913 autem
993 2846 1084 2912 iuxta
1105 2846 1227 2913 dictum
1248 2848 1404 2934 apostoli:
1432 2873 1481 2914 aa·

308 2985 385 3028 cam
399 2965 576 3029 doctrinam
589 2988 654 3030 noo
669 2963 889 3044 sucumbere,
910 2965 965 3028 aad
979 2961 1224 3030 coacooabonu
1238 2965 1302 3030 aidi
1314 2970 1483 3052 maqratroo

309 3081 479 3144 secundum
500 3102 560 3144 aaa
582 3073 756 3146 desideric⁴
778 3077 962 3163 etreliqua

399 3193 464 3259 Nos
493 3194 636 3280 quidem,
664 3195 879 3282 patrocinatus
908 3192 1060 3259 auxilium
1088 3191 1122 3258 in
1144 3192 1264 3280 palatio
1287 3193 1484 3263 Francorum

310 3314 513 3393 quaerentes,
543 3329 562 3376 a
587 3309 699 3376 talium
722 3306 878 3394 corporali
900 3309 1118 3375 communione
1141 3308 1300 3376 abstinere
1324 3317 1359 3377 et
1383 3332 1486 3397 segre

309 3443 386 3508 gare
414 3444 473 3492 nos
502 3425 593 3491 iuxta
621 3429 824 3511 praeceptum
854 3441 1009 3490 canonum
1037 3444 1101 3490 non
1124 3443 1308 3511 possumua3
1338 3427 1409 3494 nisi
1430 3427 1486 3494 hoc

309 3547 443 3625 tantum,
468 3541 551 3626 quod
573 3561 631 3627 per
653 3559 744 3606 sacra
764 3540 933 3606 missarum
956 3539 1122 3606 sollemnia
1143 3542 1178 3606 in
1200 3541 1299 3607 sacris
1322 3541 1487 3628 mysteriis

310 3657 450 3743 corporis
474 3662 506 3724 et
527 3655 689 3740 sanguinis
705 3655 833 3721 Domini
856 3673 927 3721 cum
948 3656 993 3721 eis
1008 3675 1071 3722 non
1088 3657 1359 3723 communicamus
1367 3667 1389 3724 ·.
1428 3657 1488 3726 Sed

310 3776 342 3838 et
368 3770 533 3838 consilium
557 3777 589 3838 et
611 3790 800 3837 consensum
821 3769 948 3836 illorum
971 3770 1157 3838 devitamus.
1204 3771 1287 3838 Nam
1309 3772 1435 3840 talibus
1458 3779 1489 3840 et

310 3906 380 3953 cum
403 3885 535 3973 paganis
559 3891 685 3954 etcum
707 3887 865 3972 permixta
887 3891 919 3952 et
940 3885 1066 3972 plebeia
1086 3885 1290 3954 multitudine
1312 3891 1423 3956 nostri
1444 3890 1490 3956 la-

381 4105 402 4138 ι
423 4090 519 4137 maxima
542 4093 567 4138 c.
660 4089 682 4135 b.
704 4089 809 4148 propriae
832 4093 865 4136 M.
958 4091 1160 4140 cominente.
1253 4092 1276 4138 d.
1296 4093 1442 4142 coacerbant
1463 4095 1490 4150 V,

309 4172 444 4218 coacervant
460 4172 486 4218 0.
564 4167 818 4215 communicavimus
835 4171 869 4214 M.

381 4276 406 4328 1.
430 4269 581 4329 bcorinth.
595 4273 619 4342 7,
637 4271 663 4327 5.
746 4273 772 4327 2.
796 4271 936 4342 laroma
956 4273 998 4328 14.
1083 4275 1108 4330 3.
1133 4273 1281 4331 llimoth.
1296 4275 1324 4346 4,
1341 4277 1377 4332 3:
1406 4277 1491 4350 „abn-

308 4363 396 4420 tinera
414 4378 431 4417 a
448 4359 525 4431 cibis,
543 4373 613 4429 quos
630 4359 708 4417 Deus
723 4359 828 4418 crearit
844 4359 881 4416 ad
892 4360 1127 4432 percipiendum“.
1208 4363 1235 4420 4.
1254 4363 1412 4422 adimam.
1425 4367 1453 4438 4,
1465 4367 1492 4420 a
