3142 4848
292 249 334 314 32
535 265 562 313 s.
580 263 756 312 normann
777 265 821 312 nn
844 264 945 312 nuum
967 263 1154 312 samsones
1173 263 1218 309 ae

131 413 273 470 ouo-705
292 409 394 475 decies
424 406 642 491 dilectissime,
670 406 768 472 immo
796 407 914 472 condes
943 411 975 472 et
1002 405 1115 472 milies.
1169 405 1213 472 Tc
1241 404 1328 470 Deus
1357 403 1455 470 valae

291 523 397 590 faciut.

772 609 981 622 ——-——

295 735 329 806 3.
358 736 543 802 Aldlecbaae
566 735 663 800 abbae
686 735 975 802 Malmeetecseee
990 735 1122 800 Heddce
1146 739 1291 821 aposcopo
1310 732 1456 799 Occiden-

358 853 470 916 talu‘um
493 852 659 918 Scaeuam
681 852 804 930 scribit,
835 873 867 916 se
897 852 1061 938 impediet,
1092 853 1258 936 quominus
1276 863 1353 937 poet
1380 851 1458 914 diem

357 969 495 1034 natalem
516 968 653 1050 Domini
674 969 717 1032 cd
740 989 809 1032 eane
831 969 966 1033 accedat.
1003 967 1056 1032 Dc
1077 959 1456 1052 praecorrumpere&

1056 1079 1091 1162 (S
1107 1084 1160 1164 68,
1184 1079 1224 1148 W
1242 1082 1315 1164 143,
1339 1078 1458 1160 G133)

133 1225 274 1280 ouo-705
381 1214 537 1282 Dominob
559 1214 815 1282 reverentissimo
838 1215 985 1299 omnique
1007 1214 1159 1281 drtutum
1184 1213 1347 1280 conamine
1369 1233 1459 1280 vene-

291 1331 390 1398 rando
419 1335 451 1398 et
472 1336 545 1418 post
559 1331 662 1399 Deum
684 1331 837 1417 peculiari
859 1335 992 1418 patrono
1016 1379 1223 1396 ..........
1232 1328 1393 1416 ‘supplex
1416 1327 1460 1394 al-

292 1447 412 1514 mitatis
435 1453 559 1514 vestrae
580 1447 765 1514 remaculus
787 1447 823 1513 in
844 1446 982 1513 Domino
1005 1445 1148 1514 sulutem.
1386 1445 1390 1452 '

380 1562 511 1646 Fateor,
541 1563 578 1629 od
602 1563 782 1630 beatissime
806 1562 938 1628 antestis
949 1572 970 1646 ⁸,
998 1582 1050 1628 me
1072 1561 1190 1628 dudum
1215 1561 1405 1628 decrevisse:
1433 1560 1462 1626 si

291 1677 413 1746 rernm'
433 1665 516 1744 rofio
540 1697 577 1746 eo
598 1683 796 1765 temporum⁸
818 1676 953 1744 volitans
969 1677 1153 1744 vicissitudo
1172 1676 1362 1763 patereturl,
1386 1675 1462 1741 vici-

291 1815 366 1861 nam
393 1795 506 1880 optatii
529 1794 644 1861 natulis
667 1793 817 1861 Domini*
840 1793 1084 1860 sollemnitatem
1106 1793 1224 1860 ibidem
1247 1794 1281 1858 in
1304 1791 1461 1860 consortio

291 1910 426 1977 bobum
449 1909 633 1996 trepudians
655 1910 823 1993 celebrere,
847 1915 880 1976 et
901 1909 1102 1995 postmodum
1125 1909 1192 1974 vita
1211 1907 1325 1976 comite
1340 1913 1465 1976 vestrae

292 2026 434 2093 caritatis
463 2024 592 2091 affabili*
615 2027 776 2112 presentia
798 2026 869 2092 frui.
918 2024 981 2091 Sed
1005 2026 1088 2111 quia,
1112 2025 1245 2090 diuersis
1267 2025 1465 2110 inpedimen-

292 2148 398 2208 torum
413 2140 582 2207 obstaculis
601 2141 752 2208 refrenati
760 2151 788 2226 m,
807 2140 1072 2227 quemadmodum
1085 2141 1168 2207 lator
1182 2139 1377 2226 presentium
1393 2140 1467 2206 viva

293 2275 369 2324 voce
391 2255 534 2342 plenius*
557 2257 798 2344 promulgabit⁰,
829 2257 908 2324 illud
929 2255 1080 2343 perficere
1102 2256 1319 2342 nequivimus,
1347 2257 1466 2324 idcirco

294 2371 506 2439 difficultatis⁹
528 2372 669 2457 veniam,
694 2391 821 2459 precor,
846 2373 1017 2460 inpendite.

382 2487 491 2572 Neque
515 2487 600 2554 enim
622 2507 724 2575 parve
750 2493 930 2575 temporum
958 2487 1127 2555 intervalla
1156 2487 1189 2554 in
1217 2487 1277 2556 hoc
1303 2486 1468 2556 lectionisq

295 2603 398 2670 studio
427 2602 615 2689 protelanda
643 2609 732 2687 sunt3
766 2605 796 2671 ei
825 2604 1006 2688 dumtaxat,
1035 2604 1104 2688 qui,
1134 2601 1270 2670 sollertil
1292 2605 1469 2687 sagacitate

293 2718 418 2803 legendi
441 2739 618 2803 succensus,
642 2719 745 2803 legum
766 2719 979 2786 Romanorum
1001 2720 1072 2786 iura
1094 2719 1275 2786 medullitus
1297 2719 1469 2787 rimabitur

294 2839 327 2901 et
353 2839 467 2902 cuncta
491 2834 570 2901 iuris
593 2835 821 2903 consultorum*
844 2835 983 2902 decreta·
1005 2834 1093 2902 imis‘
1114 2835 1287 2921 precordiis
1310 2833 1470 2902 scrutabi-

294 2955 346 3016 tur
368 2956 401 3017 ct
423 2950 507 3036 quod
528 2950 578 3016 his
601 2951 700 3016 multo
724 2951 840 3018 artius·
863 2957 895 3018 et
914 2949 1096 3038 perplexius
1112 2957 1174 3018 est:
1198 2955 1331 3018 centena
1345 2949 1472 3018 scilicet

294 3072 467 3132 metrorum
495 3085 612 3150 genera
638 3067 778 3154 pedestri
812 3067 922 3151 regula
954 3068 1148 3136 discernere'
1172 3071 1204 3134 et
1232 3067 1296 3134 ad'
1325 3067 1471 3134 musica'

295 3180 470 3248 cantilenae
491 3181 705 3248 modulamina
719 3189 804 3250 recto
820 3183 1013 3270 syllabarum
1027 3183 1173 3250 tramite’
1187 3182 1331 3250 lustrare.
1367 3181 1473 3250 Cuius

294 3297 341 3364 rei
364 3296 513 3366 studiosis
535 3297 704 3366 lectoribus
727 3302 815 3365 tento
837 3298 1085 3366 inextricabilior
1108 3298 1282 3366 obscuritas
1303 3298 1474 3385 pretendi·

294 3417 363 3498 tur,
387 3418 504 3498 quanto
526 3414 629 3480 rarior
652 3414 815 3480 doctorum
837 3417 1047 3482 numerositas
1070 3416 1258 3502 repperitur.

368 3569 388 3602 e.
409 3573 437 3600 ex
455 3556 479 3602 V
487 3555 605 3602 et-teo
623 3553 685 3613 (cum
702 3558 817 3602 lemmate.-
835 3555 891 3603 Item
907 3553 1026 3616 epistole),
1046 3565 1068 3602 et
1083 3553 1112 3604 ex
1125 3559 1243 3604 Wittelmt
1259 3557 1477 3606 malmesburiensis

296 3637 324 3682 de
338 3636 421 3694 pontif.
438 3637 532 3698 Aaglor.
548 3637 575 3681 L.
589 3636 613 3682 V
625 3653 663 3695 ep.
680 3637 738 3682 Gale
755 3639 812 3682 Hbc.
828 3639 884 3683 Brit.
900 3639 941 3684 Ss.
959 3639 982 3682 Τ.
995 3640 1009 3682 1
1019 3653 1043 3696 p.
1054 3637 1107 3684 341.
1184 3636 1206 3684 h.
1223 3635 1320 3684 Domino
1331 3659 1356 3670 ·-
1369 3636 1478 3686 eduum

295 3730 338 3759 em.
351 3716 418 3759 WM.
496 3727 516 3760 o.
538 3715 623 3760 laeuae
641 3731 686 3760 noa
701 3724 735 3760 eet
750 3718 773 3761 s'a
790 3717 841 3761 cod.
855 3717 882 3761 V.
960 3716 982 3761 d.
1002 3710 1018 3761 'o
1035 3733 1077 3762 om.
1096 3720 1163 3764 WM.
1246 3732 1265 3763 e.
1287 3716 1379 3776 praesul
1397 3719 1478 3766 WM.

294 3792 311 3839 1.
331 3805 533 3840 rerum-neom.
546 3795 612 3840 WM.
660 3807 680 3852 g.
696 3795 840 3853 tempornV,
856 3795 984 3854 temporum
997 3797 1063 3842 ΨΜ.
1112 3796 1135 3842 h.
1152 3797 1302 3856 peiirntan.
1350 3798 1365 3842 i.
1382 3815 1427 3842 cm.
1444 3799 1478 3844 V.

295 3871 318 3919 lr.
337 3871 382 3919 dn’s
400 3874 427 3920 V.
489 3873 505 3918 1.
526 3891 568 3920 om.
587 3876 654 3920 WM.
716 3887 746 3920 m.
767 3873 851 3920 tardati
868 3876 936 3920 Wm.
997 3889 1019 3922 n.
1042 3893 1084 3921 em.
1098 3879 1165 3922 ΨΜ.
1229 3890 1250 3922 o.
1269 3875 1422 3936 promulgavit
1445 3879 1480 3924 V.

295 3965 318 4011 p.
337 3951 466 3998 difficultati
479 3955 547 3999 WM.
620 3966 642 4012 q.
659 3969 701 3999 cm.
719 3955 787 3999 WM.
859 3967 878 4000 r.
893 3955 950 4000 iuris
966 3954 1133 4000 consolatorum
1152 3956 1177 4002 V.
1250 3969 1269 4002 s.
1291 3959 1380 4002 secreta
1398 3958 1481 4004 ΜΤ.

294 4033 312 4078 t.
333 4046 361 4079 ex
376 4033 462 4079 intimis
481 4033 508 4087 V,
524 4031 576 4078 imis
594 4033 662 4078 WM.
731 4046 754 4078 u.
776 4033 847 4077 ertias
862 4035 886 4078 ot
901 4049 944 4079 em.
962 4035 1028 4080 WM.
1096 4047 1118 4079 v.
1138 4035 1279 4082 discerneret
1296 4035 1322 4082 V.
1390 4049 1417 4080 w.
1443 4037 1483 4084 ad

296 4127 337 4158 om.
356 4115 424 4158 WM.
501 4125 523 4158 x.
545 4123 623 4157 musea
640 4111 668 4166 V,
685 4111 783 4157 musicae
801 4114 869 4160 WM.
947 4126 969 4172 y.
991 4114 1094 4160 tramitae
1113 4115 1140 4162 V.

368 4217 393 4270 1.
418 4215 496 4270 Hane
514 4213 659 4284 epistolam
677 4213 712 4269 ab
730 4213 875 4272 Aldbelmo
893 4215 930 4272 ad
941 4215 1067 4272 Heddam
1079 4219 1238 4288 episcopum
1251 4217 1485 4276 Occidentalium

294 4302 435 4362 Saxonum
454 4305 487 4371 (s.
500 4303 716 4374 vintoniensem,
736 4305 892 4373 ouo-705)
912 4306 1023 4362 missam
1041 4320 1111 4375 esse,
1130 4307 1211 4364 docet
1222 4307 1382 4364 wilhelmus
1400 4308 1485 4365 lisl-

295 4391 491 4448 mesburiensis
509 4391 544 4448 de
562 4397 638 4461 pont.
657 4391 739 4461 Angl.
758 4391 789 4448 L.
802 4394 836 4450 V.
856 4409 900 4464 ap.
919 4393 987 4450 (isle
1005 4394 1075 4450 Hist.
1093 4395 1160 4451 Brit.
1180 4395 1228 4452 SS.
1241 4397 1328 4452 1341.
