3164 4842
320 276 387 341 470
556 293 762 340 murentur
783 293 863 340 rma
886 293 913 340 s.
929 291 1104 340 normann
1125 291 1201 340 can.
1217 291 1255 338 rx

408 433 480 502 mc
514 433 717 502 Enumeratio
738 433 836 518 igitur
857 434 942 502 beati
963 433 1025 500 riri
1046 433 1154 518 gostis,
1177 431 1289 518 qnibm
1304 432 1339 500 in
1351 431 1474 500 intmb‘a

321 557 353 618 ct
374 551 511 638 pueritia
532 550 583 617 vel
605 551 817 618 adolescentia
838 556 871 619 et
891 551 1054 618 iuventute
1076 554 1132 616 ant
1153 549 1249 616 οᾰω
1270 547 1475 616 insensatae

320 666 478 752 floruerat,
503 667 544 734 ad
566 687 613 751 ea,
637 685 717 753 quac
738 672 813 753 post
834 685 993 734 amomum
1015 665 1108 732 huius
1129 664 1241 732 mundi
1261 669 1378 732 metam
1393 665 1475 732 etle-

320 783 413 850 licem
435 784 519 850 vitae
541 783 634 850 istius
657 782 822 850 decursum
844 781 1031 850 mirabiliter
1053 781 1093 848 ad
1109 779 1284 848 irruendumb
1301 779 1477 848 mortalihm

323 899 406 968 beati
438 900 500 966 riri
527 900 611 966 vitae
639 899 837 966 sanctitatem
866 898 1002 966 Domino
1031 901 1220 984 cooperante
1244 900 1376 983 peracta
1401 901 1477 979 sunt

321 1017 502 1100 redeamus,
533 1020 566 1081 et
593 1015 797 1082 memorabile
819 1015 976 1102 quoddam
999 1013 1187 1082 miraculum
1207 1011 1395 1100 populisque
1414 1010 1479 1078 imi·

321 1132 434 1199 tabile⁸
457 1131 497 1198 ad
519 1131 704 1198 memoriam
726 1129 914 1198 reducimus.
953 1129 1043 1210 Quod
1065 1136 1097 1197 ct
1119 1151 1139 1196 a
1159 1129 1296 1214 glorium
1316 1147 1392 1212 roga
1411 1126 1479 1214 Pip-

321 1249 408 1335 pino,
431 1249 512 1314 sicut
533 1246 613 1333 ipsis
637 1246 697 1314 sibi
719 1245 937 1331 referentibus,
961 1247 1016 1332 qni
1037 1246 1111 1314 hnic
1126 1249 1308 1334 praesentas
1323 1248 1414 1310 amnt
1426 1243 1480 1310 mi·

321 1363 458 1448 ruonlol,
482 1367 666 1450 conpertum
689 1367 737 1430 cat
759 1368 808 1430 ct·
825 1363 866 1429 ad
887 1382 945 1430 nos
967 1383 1067 1450 usqne
1089 1381 1147 1449 pcr
1160 1359 1372 1428 vanuabilam
1385 1361 1480 1428 mum

321 1478 382 1546 Lul
404 1479 586 1566 episcopum
609 1478 746 1546 delatum
771 1482 828 1562 est,
852 1483 947 1564 atquo
965 1479 1012 1546 ita
1025 1479 1095 1566 ipso
1109 1478 1275 1545 nuntiante
1289 1476 1480 1544 intimatum:

322 1595 405 1681 quod
431 1595 466 1661 in
492 1595 575 1680 loco,
607 1595 661 1661 ubi
690 1594 850 1680 quondam
875 1595 1035 1681 pretiosus
1063 1594 1164 1662 sancti
1192 1593 1342 1680 martyris
1372 1589 1480 1660 alimus

322 1710 385 1778 est'
407 1711 551 1796 sanguis,
580 1730 651 1777 cum
680 1709 812 1777 consilio
839 1709 941 1797 plebis
971 1716 1065 1796 atquc
1092 1710 1229 1795 ingentis
1254 1709 1356 1796 partis
1379 1707 1482 1796 populi

320 1825 493 1894 Froaonum
522 1832 681 1894 structura
701 1826 865 1894 cuiusdam
887 1826 1001 1893 tumuli
1023 1833 1153 1914 propter
1174 1827 1333 1893 inmenm
1348 1819 1482 1892 ledonis¹

321 1961 358 2008 ac
386 1939 539 2010 malinae²
566 1943 779 2030 inruptiones,
814 1961 894 2027 quae
928 1941 1052 2010 divorso
1079 1943 1163 2010 inter
1190 1962 1225 2010 se
1252 1941 1364 2008 ordino
1393 1941 1484 2008 maria

321 2063 443 2125 aestum
466 2060 636 2144 oceanique
658 2079 785 2127 cursum
808 2059 864 2125 sod
886 2064 936 2124 et⁸
951 2078 1103 2144 aquarum
1119 2057 1342 2126 diminutiones
1358 2057 1484 2124 iniusio·
1524 2082 1526 2087 s

320 2194 439 2260 neuque
467 2181 679 2259 commonent,
709 2175 748 2242 ab
775 2175 841 2241 imo
867 2175 901 2242 in
931 2175 1089 2242 excelsum
1117 2193 1216 2260 usquc
1239 2177 1483 2255 construerem

320 2311 415 2378 super
446 2311 537 2376 quom
566 2291 700 2375 denique
730 2289 929 2375 aecclesiam,
959 2291 1041 2358 sicut
1062 2296 1173 2378 postea
1194 2295 1318 2374 gestum
1340 2295 1407 2375 ost,
1435 2309 1485 2356 aa·

320 2413 442 2474 enuere
464 2406 654 2491 cogitabant,
678 2426 715 2474 ac
732 2427 894 2474 servornm
909 2407 970 2475 Dei
985 2407 1212 2474 habitationem
1227 2407 1262 2473 in
1275 2405 1344 2472 loco
1361 2405 1484 2474 eodem*

321 2522 483 2590 collocare.
521 2521 583 2590 Sed
605 2542 677 2589 cum
694 2524 872 2610 praefatum
887 2523 1024 2590 colliculi
1038 2543 1118 2611 opus
1131 2523 1196 2590 iam
1211 2542 1251 2590 ex
1265 2522 1390 2606 integro
1406 2521 1486 2590 acdi-

319 2636 452 2704 ficarent
481 2644 513 2705 et
540 2659 632 2704 omne
655 2639 773 2726 quippe
796 2638 971 2706 aedilicium
994 2640 1095 2727 ipsine
1117 2645 1274 2706 structure
1296 2639 1485 2726 conplorent

192 2748 198 2765 '
321 2755 417 2821 etiam
444 2753 485 2822 ud
507 2774 541 2821 se
563 2755 698 2838 reuersi,
728 2755 816 2839 quid*
837 2753 954 2840 incole,
981 2754 1192 2822 habitatoresl
1213 2755 1275 2822 loci
1295 2753 1423 2841 ipsinr¹,
1451 2753 1487 2820 da

319 2871 458 2938 insulsae
485 2871 619 2957 penuria
645 2869 789 2956 limphe¹¹
812 2890 959 2954 -quae
986 2891 1043 2958 per
1071 2890 1197 2938 omnem
1225 2879 1324 2957 penel
1345 2869 1488 2938 Fresiam

320 2987 493 3055 maximam
514 2993 582 3052 tam
604 2986 783 3053 hominibus
806 3005 900 3072 quam
923 2987 1017 3054 etiem
1042 2986 1254 3054 animantibus
1273 2983 1487 3054 difficultatem

321 3103 480 3188 gignit-
501 3103 585 3170 inter
607 3102 798 3170 seinvicem
821 3101 1033 3189 disputarunt
1069 3103 1149 3168 Tum
1172 3103 1298 3170 domum
1320 3123 1404 3170 unns
1426 3101 1489 3168 Do·

320 3219 406 3285 mino
440 3218 627 3302 miserante,
661 3219 716 3304 qui
746 3217 883 3286 officium
912 3219 1111 3306 praelectum
1138 3217 1309 3286 secundum
1335 3218 1488 3286 indictum

321 3335 449 3418 gloriosi
478 3335 562 3418 regis
586 3332 713 3421 Pippini
742 3353 838 3422 super
864 3353 982 3421 pagum
1009 3335 1174 3421 locumque
1195 3334 1286 3402 illum
1307 3334 1439 3418 gerebat
1459 3339 1490 3401 at

320 3451 468 3538 princeps
489 3450 591 3536 ipsius
614 3455 683 3517 arat
704 3451 825 3537 operia,
853 3452 980 3518 nomine
1002 3451 1110 3536 Abba,
1139 3451 1274 3538 sumptis
1296 3471 1404 3519 secum
1426 3449 1489 3519 col

320 3567 410 3652 legis,
433 3587 549 3653 equum
571 3567 712 3634 ascendit
727 3587 774 3652 ac,
797 3567 1025 3652 circumagrato
1046 3567 1126 3635 colle
1140 3565 1322 3653 tumuloque
1335 3567 1488 3655 inspecto,

322 3689 451 3772 repento
474 3683 637 3750 cuiusdam
661 3682 819 3750 caballus⁰
841 3683 932 3771 pueri
955 3704 995 3750 ex
1015 3683 1186 3772 inproviso,
1209 3687 1334 3750 tantum
1355 3684 1489 3771 pedibus

394 3901 414 3934 a.
439 3885 571 3944 Qualiter
589 3888 619 3934 in
637 3887 712 3944 loco,
737 3889 785 3935 nbi
806 3891 960 3948 martyrum
981 3889 1100 3948 sanguia
1122 3888 1236 3936 clinans
1257 3889 1314 3946 eat,
1340 3885 1488 3935 acclaslaa

321 3971 486 4028 paraturam
511 3967 732 4027 explorantibus
755 3967 821 4014 fona
845 3969 928 4014 virus
953 3969 1090 4028 apparuit
1109 3971 1138 4018 A.
1225 3966 1248 4015 b.
1272 3967 1301 4014 ad
1324 3967 1437 4014 nnandam
1460 3969 1487 4023 Ε,

321 4047 506 4104 annuendum13
523 4065 553 4092 aa
568 4046 598 4092 ad
613 4046 758 4094 nudtndami
812 4059 832 4094 t.
851 4051 886 4095 aia
901 4049 983 4103 cedda
1000 4049 1206 4096 sessonensium
1221 4045 1354 4096 infinabllo.
1405 4045 1428 4093 d
1446 4045 1488 4094 ni·

321 4128 440 4175 raonlaF.
519 4141 538 4172 a.
560 4127 685 4174 atoma.
754 4127 897 4174 iaaaetd.
965 4139 987 4186 g.
1007 4127 1256 4183 acdetP‚acdatA.
1324 4125 1487 4174 headan!-

321 4209 337 4254 i.
357 4211 391 4256 eie
407 4207 476 4253 codd.
500 4206 629 4266 Aequod?
713 4206 737 4253 k
757 4205 942 4266 habitatoraeqna
957 4210 985 4253 Α.
1067 4205 1083 4254 l.
1102 4205 1164 4253 llllna
1180 4210 1208 4255 A.
1289 4221 1320 4256 m.
1338 4205 1444 4268 lymphae
1459 4209 1486 4254 A.

322 4301 345 4334 n.
364 4299 424 4346 pana
439 4301 482 4332 cnr.
497 4287 526 4332 F.
604 4299 625 4332 o.
648 4303 703 4332 corr.
719 4289 742 4333 r'a
758 4285 858 4333 cardina
872 4290 901 4333 A.

394 4391 418 4444 l.
444 4387 577 4444 undarum
595 4388 789 4445 recedentium.
879 4390 905 4445 2.
930 4394 1025 4446 aestua
1041 4391 1256 4448 inbumssocntla.
