3164 4842
418 302 467 352 ax
488 301 643 352 oumuosr
664 303 743 352 vrrs
766 303 794 352 s.
809 305 986 352 normann
1218 287 1285 356 485

115 438 271 512 minstret
305 442 349 512 Et
371 445 501 512 iterum:
528 446 591 512 Vae
612 447 710 527 eodm,
733 447 926 532 yporboe‘tae,
951 449 1181 533 perdocemus
1196 471 1283 515 mere·

115 571 181 626 tum
203 573 232 628 et
253 573 378 628 eadam
400 574 429 628 et
450 565 614 642 amoma,
639 575 668 628 et
687 565 839 648 praviora
862 563 939 649 lopas
957 578 1131 651 praeopta
1150 565 1283 652 reliqui·

114 680 188 757 aas,
218 678 276 744 boo
305 690 350 744 eet
377 680 531 745 iudicium
559 681 810 744 memoratam
839 693 869 744 et
885 681 993 763 fidun-
1028 679 1115 746 Haec
1146 685 1284 768 oportuit

105 794 237 878 faeere,
273 807 303 859 et
335 794 393 860 sua
419 817 484 860 aon
512 789 676 860 omitteret
717 793 819 860 Multa
848 813 971 880 quoque
998 796 1031 860 in
1064 794 1284 864 Hiezeuhihele

114 908 271 995 propbeta
295 909 334 976 de
356 909 535 976 huiusmodi
558 910 738 996 pastoribus
763 909 919 978 dicuntur.
1012 909 1090 994 Sed,
1119 911 1283 998 siplseet,

112 1025 343 1110 interrogemus
366 1027 491 1094 medem
514 1032 674 1112 pastores:
697 1026 853 1112 quomodo
875 1025 975 1094 velint
998 1047 1056 1094 sua
1074 1027 1234 1112 roborare,
1257 1028 1285 1096 si

112 1115 369 1226 praecedentium
391 1147 518 1229 patrum
541 1147 661 1210 statuta
682 1142 892 1210 iudicaverint
913 1162 982 1210 esse
1005 1143 1210 1226 destrueude;
1234 1144 1284 1212 rol

112 1258 270 1342 quomodo
295 1257 472 1326 aedilicium
502 1258 735 1345 superpositum
765 1264 850 1326 staro
877 1259 994 1344 possit,
1024 1260 1052 1326 si
1079 1259 1285 1329 fundamenta

112 1374 181 1440 eius
204 1381 278 1442 suut
293 1373 453 1442 eiciendo?
476 1373 695 1442 Fundamenta
708 1395 844 1459 namque
860 1380 987 1442 sauctae
1003 1375 1171 1444 aecclesiae
1186 1378 1283 1464 primi

111 1493 220 1576 patres
243 1490 347 1576 luera,
369 1492 452 1558 siout
474 1492 626 1577 scriptum
650 1497 714 1558 est:
737 1491 959 1558 Fundanorum
981 1494 1046 1558 eiua
1069 1495 1104 1557 ie
1125 1495 1283 1560 moestas
1344 1529 1347 1536 =

110 1601 255 1674 eomas&
291 1607 474 1694 Quicunque
500 1607 597 1692 igitur
619 1605 760 1693 lapidum
783 1607 1054 1694 superpositorum
1077 1608 1284 1677 fundamenta

110 1721 189 1790 talia
203 1724 293 1808 sequi
307 1723 505 1808 dedignatur,
526 1723 564 1789 do
580 1721 721 1790 aedilicio
737 1722 863 1790 uadesti
879 1723 1068 1790 eliminatur.
1138 1724 1191 1790 Ad
1205 1725 1283 1793 haee

110 1839 208 1906 etiam
231 1839 372 1908 dieamus
395 1840 553 1926 quoddam
570 1845 800 1924 argumentum,
824 1840 908 1925 quod
926 1839 1071 1908 omuibus
1087 1845 1211 1908 mustei
1225 1861 1281 1908 no-

109 1959 188 2022 tum.
226 1953 260 2022 Si
283 1956 353 2042 quis
375 1957 482 2042 itaque
505 1955 633 2024 ditionis
656 1975 731 2024 suae
755 1954 867 2022 silvam
885 1956 1123 2042 exstirpandam
1138 1977 1196 2044 pro
1213 1957 1282 2042 agri

109 2069 234 2138 cultura
255 2073 453 2157 aggreditur,
482 2078 722 2157 quantecumque
743 2071 949 2155 longitudinis
973 2076 1005 2138 et
1026 2072 1204 2140 latitudinis
1227 2094 1282 2140 vo-

108 2185 205 2254 luerit
226 2207 329 2273 agros,
353 2189 466 2256 exinde
489 2187 617 2256 sibimet
638 2187 782 2270 metitur3
807 2189 878 2255 aliis
900 2207 974 2256 reru
997 2208 1061 2254 non
1077 2209 1124 2273 ea,
1148 2189 1205 2255 sed
1219 2209 1283 2274 qus

109 2301 187 2388 rull,
210 2324 360 2372 mensura
381 2306 528 2392 partitur,
551 2303 671 2372 habens
692 2309 882 2391 potestatem
904 2305 1074 2390 unicuique
1096 2309 1192 2393 prout
1212 2304 1282 2374 vult

108 2419 259 2488 diridme.
295 2419 375 2488 Cum
398 2440 471 2504 ergo
494 2420 554 2486 hoo
575 2421 622 2486 ita
644 2439 713 2486 esse
737 2419 775 2488 ab
799 2421 943 2489 omnibus
967 2422 1101 2505 sciatur,
1125 2441 1181 2488 eur
1203 2442 1279 2506 rogo

106 2535 287 2618 ignoratur:
318 2536 402 2621 quod
423 2537 520 2623 primi
542 2537 701 2623 principes
724 2537 962 2621 aecclesiarum,
992 2537 1127 2624 apostoli
1151 2537 1279 2623 seilicet,

106 2671 287 2738 omnesque,
312 2653 365 2738 qui
388 2673 496 2721 eorum
520 2653 654 2736 vestigia
675 2657 841 2737 sequentes
863 2654 1032 2739 unicuique
1054 2655 1141 2737 genti
1156 2675 1279 2721 sauram

105 2765 199 2834 tidem
223 2768 371 2855 primitus
393 2768 602 2854 tradiderunt,
626 2770 809 2856 exstirpatis
832 2789 974 2836 errorum
996 2769 1156 2837 rariomm
1179 2771 1277 2856 silvis,

105 2884 140 2950 in
163 2885 350 2968 quibusdam
374 2885 499 2974 populis
522 2905 559 2952 ae
580 2885 750 2972 provinciis
772 2891 962 2972 potestatem
983 2885 1176 2972 habuerunt,
1204 2907 1277 2974 poa·

106 3001 262 3069 sessiones
285 3001 336 3068 vel
364 3001 518 3085 decimas,
547 3021 628 3086 quae
655 3000 716 3068 sibi
742 3000 980 3086 confingebant,
1008 3001 1056 3068 illi
1085 3009 1117 3069 et
1138 3002 1186 3070 illi
1208 3023 1278 3071 aeo-

104 3116 220 3184 desiae
243 3117 374 3200 donare;
399 3118 651 3204 quandoquidem
672 3118 765 3184 iuxta
785 3122 965 3184 sauctorum
981 3137 1136 3184 canonum
1152 3119 1279 3188 decreta

104 3233 243 3302 desimus
265 3234 300 3300 in
324 3238 457 3320 quatuor
474 3236 634 3320 portiones
651 3234 837 3316 dividentes,
860 3253 956 3300 unam
972 3234 1043 3318 sibi,
1067 3234 1200 3302 alteram
1215 3234 1277 3303 ole-

104 3350 189 3434 riois,
213 3351 339 3418 tertiam
363 3350 565 3437 pauperibus,
590 3355 733 3437 quartam
756 3350 972 3417 restaurandis
995 3351 1154 3419 aecclesiis
1177 3352 1276 3420 madi-

104 3462 246 3533 deruut‘.
282 3466 458 3552 Numquid,
487 3467 642 3534 avariciae
664 3486 740 3534 suae
763 3467 980 3534 tantummodo
1005 3467 1218 3553 consulentes,
1241 3469 1275 3535 iu

103 3582 325 3650 distributione
353 3582 546 3650 decimarum
569 3583 658 3649 obliti
682 3588 756 3648 sunt
778 3603 952 3670 pauperum
975 3584 1276 3670 restaurationisque

102 3698 347 3768 aecclesiarum?
375 3699 576 3766 sicutmodo
606 3698 798 3786 prohdolor
825 3701 983 3766 cernimus
1013 3696 1090 3784 agii
1132 3700 1274 3768 Oenones

103 3815 188 3884 enim
222 3817 341 3900 sancti,
375 3835 415 3884 er
451 3837 584 3901 quorum
613 3816 799 3883 auctoritate
828 3816 997 3900 erigrmtur
1024 3817 1181 3902 decimae,
1210 3837 1274 3884 non
1355 3817 1358 3825 '

102 3931 205 3998 solum
231 3932 369 4000 decimas
393 3933 461 3998 dari
485 3933 541 4000 sed
564 3932 660 3999 etiam
682 3933 767 3998 inter
788 3933 893 3999 varios
915 3933 1026 4000 iubent
1048 3933 1209 4016 distribui,
1238 3937 1274 4000 ut

101 4049 134 4116 in
157 4048 289 4116 urbibus
313 4047 505 4134 quibuslibet
526 4053 558 4116 et
579 4048 657 4115 riuis
679 4049 875 4116 xenodochia
896 4049 1087 4134 habeantur,
1118 4049 1172 4116 ubi
1194 4069 1273 4136 pau·

173 4235 198 4288 1.
222 4233 258 4289 V.
276 4233 343 4288 Luo.
358 4234 400 4303 11,
413 4233 456 4288 52.
532 4235 557 4288 2.
581 4234 616 4290 V.
635 4233 844 4304 marthaque.
916 4235 941 4288 3.
965 4233 1066 4302 Pado,
1080 4235 1105 4289 1.
1176 4235 1203 4288 t
1228 4231 1270 4289 of.

101 4322 129 4378 S.
142 4321 273 4378 Bonifatii
291 4337 334 4391 ep.
350 4323 382 4377 19
400 4338 483 4392 supra
501 4337 529 4392 p.
543 4324 591 4393 ⁷93
610 4325 638 4377 ot
651 4321 775 4377 Gratiani
793 4322 865 4377 deor.
878 4323 908 4377 P.
921 4321 949 4377 11
967 4321 1065 4378 oxu
1081 4337 1108 4392 q.
1121 4324 1138 4377 2
1154 4337 1213 4378 oen.
1226 4323 1270 4378 30.

100 4413 127 4466 b.
151 4409 193 4467 ef.
212 4409 350 4466 Lamberti
369 4412 481 4468 annales
499 4411 535 4466 ad
555 4413 632 4482 1073,
651 4409 1047 4484 Mou.Germ.SS.V192aq.
