3024 4864
293 273 322 322 e.
337 273 514 323 normann
535 273 579 321 sn
601 273 703 322 cucur
723 271 911 320 mammaea
929 271 967 320 rc.
983 269 1013 318 er
1173 255 1240 324 215

73 415 215 500 indiguus
236 414 398 500 diaeonus,
421 415 489 484 siue
504 414 723 502 prerogativa·
737 414 923 482 meritorum
937 411 1122 484 diaconatus
1136 413 1274 484 officioc.
1288 423 1406 480 tte-teo

72 531 211 617 iungens,
235 531 409 619 optabilem
431 531 464 599 iu
487 531 623 600 DomIno
646 530 790 597 amntem.

154 645 323 715 Almitatis
344 653 419 714 tuae
441 646 641 715 clementiam
662 646 785 714 iutimis
799 645 946 734 precibus
960 643 1078 730 flagito,
1101 649 1138 713 ut
1151 665 1241 714 meae

70 762 296 830 mediocritatis
329 765 470 830 carim
502 761 614 830 fulcire
647 761 786 846 digneris
814 763 878 828 tuis
907 761 1000 828 alume
1030 761 1240 845 oraminibns3

70 883 234 964 quatenus,
256 883 383 946 tuarum
406 878 585 946 orationum
606 877 948 963 intercessionnmque⁵
963 877 1051 964 pelta
1069 881 1241 964 protectus,

69 995 107 1060 ad
127 999 260 1082 portum
282 993 394 1062 amobe
417 995 583 1082 pervenire
604 1013 729 1062 merear
752 998 785 1061 et
812 993 1010 1082 piaculorum
1038 1011 1180 1059 meorum
1207 993 1242 1060 ln

68 1110 124 1178 boc
159 1115 286 1178 terreno
322 1109 480 1195 ergastulo
508 1109 633 1178 ueniam
665 1109 832 1195 consequi3
868 1109 951 1176 sicut
976 1109 1041 1176 iam
1070 1109 1241 1195 praeterito

70 1228 142 1294 anui
166 1226 284 1294 circulo
307 1246 365 1313 per
381 1225 627 1294 Denewaldum⁸
649 1225 781 1293 matrem
804 1229 958 1310 nostrum,
980 1223 1160 1292 litterarum
1175 1243 1242 1298 ma-

70 1361 157 1408 mum
184 1343 389 1428 portitorem,
419 1342 606 1429 deprecatus
629 1361 709 1408 sum.
801 1340 886 1425 Ergo
911 1341 1020 1408 uilium
1041 1339 1243 1408 munuaequ

70 1477 137 1524 rom
152 1457 372 1524 transmissio⁴¹
387 1456 546 1525 scedulam
561 1457 658 1525 iatam
673 1457 852 1541 comitatur,
875 1475 938 1524 uon
953 1461 1021 1524 tam
1036 1456 1134 1540 digna
1147 1475 1243 1542 quam

72 1573 182 1640 devota
195 1578 304 1641 mente
318 1572 447 1641 directa.
522 1572 676 1641 Similiter
692 1573 831 1657 obsecre,
854 1578 891 1641 ut
904 1571 983 1639 mihi
998 1571 1160 1640 Aldhelmi
1175 1573 1242 1659 epi-

72 1685 172 1776 acopi¹
195 1689 303 1774 aliqua
331 1687 497 1777 opuscula,
526 1707 583 1756 seu
610 1708 778 1778 prosarum
806 1707 861 1756 seu
889 1693 1063 1756 metrorum
1085 1693 1142 1756 aut
1162 1688 1242 1756 ritb-

72 1807 232 1890 mIcornm,
248 1805 386 1890 dirr'gere
401 1805 541 1890 digneris
557 1805 597 1872 ad
613 1804 859 1884 consolationem
875 1803 1137 1890 peregrinationis
1152 1823 1242 1872 meae

73 1926 102 1988 et
121 1922 161 1989 ob
183 1921 371 1990 memoriam
393 1921 494 2008 ipsius
516 1921 601 1988 beati
625 1921 808 1988 antestitis·.
889 1918 932 1987 Et
953 1919 1032 1987 mihi
1054 1939 1113 2007 per
1136 1919 1243 2006 alique

73 2038 164 2106 uerba
185 2043 260 2106 tuae
282 2035 477 2104 affabilitatis
498 2035 615 2121 indica,
639 2037 715 2122 qnid
737 2037 777 2104 de
798 2035 868 2103 istis
892 2036 998 2102 ualeat
1019 2035 1165 2123 precibus
1186 2041 1243 2102 tna

72 2154 250 2222 fraternitas
273 2151 438 2240 perficere3
463 2173 544 2240 quae
565 2151 724 2220 inhianter
747 2151 857 2220 audire
879 2157 999 2236 satago.
1034 2150 1119 2220 Beue
1133 2151 1241 2220 valen

71 2275 131 2337 tem
152 2275 186 2338 te
210 2276 243 2338 et
263 2268 480 2357 proficientem
503 2269 536 2336 iu
559 2269 771 2357 prosperitate
793 2268 916 2336 dierum
939 2272 972 2336 et
994 2267 1241 2337 intercedentem

71 2407 124 2472 pro
145 2405 199 2454 me
224 2390 341 2474 exopto
364 2383 466 2470 longis
489 2379 711 2472 temporibus¹.

75 2597 129 2669 77.
154 2599 301 2688 ingalice
319 2600 482 2688 preebytcr
500 2599 596 2666 Lectio
620 2599 754 2664 diacono
770 2599 948 2686 respondet.
984 2599 1121 2665 Munere
1135 2601 1240 2666 mittit.

154 2716 361 2801 Bomsatitcn
381 2716 502 2782 caluere
523 2712 629 2782 ceebet‘.
830 2711 865 2794 (S
882 2715 935 2798 39,
959 2710 999 2781 W
1018 2715 1116 2798 1028,
1140 2712 1240 2796 (391)

155 2848 251 2917 Claro
276 2853 370 2934 atque
391 2847 555 2914 carisomo
578 2846 639 2915 Dei
662 2845 808 2913 ministro
824 2845 916 2914 Lulle
933 2845 1070 2932 ingalice
1091 2846 1274 2931 indignuso.
1290 2855 1408 2913 'tet-tbi

72 2967 250 3054 presbyter,
280 2969 354 3030 tuus
377 2967 484 3030 umen
507 2983 564 3050 per
587 2963 694 3030 omnia
716 2961 847 3029 devotus
871 2962 1024 3049 famulus,
1047 2963 1082 3030 In
1103 2963 1240 3030 Domino

73 3081 239 3168 optabilem
263 3079 406 3147 salutem.

155 3195 299 3264 Litterae
322 3214 458 3282 namque
480 3193 667 3282 prudentiae
689 3199 763 3261 tuae
787 3198 818 3262 et
840 3213 973 3261 munera
994 3193 1151 3280 largitatis
1166 3200 1241 3262 tuae

139 3388 160 3421 a.
180 3388 224 3435 pro
239 3373 344 3432 rogatiu
361 3373 388 3418 V.
458 3371 480 3418 b.
501 3370 702 3418 intercessionibus
721 3371 749 3417 V.
819 3384 839 3417 c.
861 3369 1018 3418 Deueualdum
1035 3374 1061 3420 c.
1128 3372 1150 3419 d.
1167 3373 1240 3419 trans

76 3453 136 3502 ulcio
152 3455 180 3502 V.
260 3467 280 3499 e.
301 3451 421 3498 mitellita
440 3451 466 3498 V.
544 3449 561 3496 I.
581 3469 610 3497 ea·
628 3451 652 3498 V
665 3451 794 3498 tto-tt.
818 3451 921 3498 hema:
940 3450 997 3497 Item
1012 3449 1117 3512 epistola

138 3560 163 3614 1.
185 3555 418 3614 Seireburuensis.
508 3555 534 3610 2.
559 3555 587 3610 iu
605 3554 667 3610 cod.
683 3552 890 3612 Viudoboueusi
911 3554 1034 3624 sequitur
1051 3553 1167 3612 Ausonii
1184 3555 1240 3626 epi·

76 3661 189 3714 gmnma
200 3646 269 3704 VIII
286 3643 352 3700 hoo:

281 3733 368 3788 Fama
385 3735 436 3802 est,
454 3729 582 3786 fictilibus
600 3745 714 3786 cenasse
731 3729 903 3799 Agathoclea
919 3745 1013 3855 regem

335 3803 428 3873 Atque
445 3801 562 3858 abacum
580 3801 673 3857 Samio
692 3815 775 3870 saepe
793 3808 938 3856 onerasse·
966 3805 1023 3858 uto.

281 3875 397 3930 Feronia
412 3875 559 3944 mmmatia
577 3889 639 3928 cum
656 3877 771 3943 poneret
787 3871 885 3928 horrea
903 3869 995 3928 raalai

336 3947 373 4001 Et
390 3946 517 4000 misceret
534 3959 600 4014 opes
617 3944 828 4014 pauperiemque
847 3943 936 4013 simul,

282 4015 429 4084 Quaerenti
447 4032 558 4072 mosem
577 4015 731 4085 respondit:
749 4015 828 4069 ltex⁰
845 4029 898 4083 ego
915 4014 963 4084 qui
981 4029 1043 4070 aum

335 4085 468 4157 Sicaniae,
487 4087 570 4157 figulo
588 4102 649 4142 sum
668 4087 792 4155 genitore
810 4083 914 4142 actual.

280 4159 429 4214 Fortunam
448 4162 604 4214 reverenter
622 4156 717 4227 babe·,
735 4158 900 4227 quicumque
917 4159 1030 4228 repente

335 4230 421 4286 Diues
439 4227 474 4284 ab
493 4230 593 4299 exiguo
610 4228 786 4298 progrediere
803 4229 872 4284 loeo.

147 4341 165 4374 a
184 4329 287 4376 Samioaa
305 4341 408 4376 morasse
429 4347 485 4376 corr.
501 4345 581 4376 manue
594 4331 705 4389 posterior
720 4331 743 4376 tn
760 4327 835 4376 Samio
852 4341 920 4388 saepe
937 4339 1052 4374 marasse.
1129 4325 1151 4372 b.
1172 4339 1240 4374 aurea

89 4397 135 4432 Μ
149 4391 173 4436 7,
247 4405 268 4439 t.
288 4391 337 4439 Ru
352 4393 510 4452 emmonim
525 4407 604 4438 mensu
618 4393 736 4451 posterior.
814 4391 837 4437 d.
858 4390 918 4437 laius
935 4390 963 4437 V.
1041 4401 1060 4436 a.
1080 4387 1150 4434 habet
1167 4389 1195 4436 V.
