3148 4846
316 269 383 337 384
628 285 814 334 mueronem
836 283 1065 334 procuramus
1087 285 1124 330 or.
1141 285 1171 331 ss

229 438 297 493 1107
404 427 466 495 Pro
488 428 596 496 multis
616 427 775 495 laboribus
790 427 854 493 tuis
869 427 1077 514 pepercimus,
1101 425 1185 512 quod
1199 425 1381 511 deliqueras.
1411 423 1467 492 Ite-

315 565 398 627 rum,
422 545 518 612 ctiam
540 544 655 613 litteris
678 543 794 610 nostris
809 542 996 631 prohibitus,
1019 543 1247 610 consecrationi
1262 541 1339 626 eius,
1361 541 1412 627 qui
1425 541 1468 606 iu·

317 662 448 728 vestitus
482 667 566 746 erat,
597 659 777 728 interfuisti.
815 658 952 726 Vocatus
987 657 1027 725 ad
1060 658 1228 726 concilium
1261 677 1323 725 non
1354 657 1468 724 venisti

315 775 449 864 Propter
476 778 554 846 haec
581 797 654 846 cum
681 795 780 862 usque
810 775 851 842 ad
877 774 1130 842 interdictionem
1159 775 1206 842 tui
1236 773 1330 840 officii
1356 772 1472 840 iusticie

316 893 440 976 gladius
462 893 644 977 desevisset,
667 891 891 979 preteritorum
912 889 992 958 beno
1014 897 1173 974 gestorum
1196 890 1349 958 memoria
1370 889 1473 956 stirs·

316 1014 401 1076 trum
423 1014 602 1076 nostrorum
624 1029 681 1075 nos
705 1007 893 1095 supplicatio
915 1007 1083 1074 revocavit
1119 1007 1218 1091 Igitur
1237 1007 1333 1074 etiam
1346 1023 1475 1072 nuncca

316 1124 375 1192 tibi
396 1125 570 1192 intentione
591 1125 767 1213 parcimus,
791 1129 826 1190 ut
849 1128 881 1192 et
903 1122 942 1190 de
964 1128 1068 1191 cetero
1090 1142 1219 1210 prorsus
1243 1121 1281 1190 ab
1304 1120 1474 1188 huiusmodi

317 1241 553 1327 presumptione
574 1240 718 1322 desistes,
741 1259 799 1307 nec
821 1245 853 1306 te
874 1237 992 1307 talibus
1009 1239 1185 1306 commissis
1201 1238 1384 1306 admisceas.
1417 1236 1475 1304 No-

316 1354 420 1424 lumus
443 1356 542 1440 enim,
570 1361 606 1424 ut
624 1355 797 1424 iuuentutis
819 1355 994 1422 certamina
1014 1360 1171 1442 tempore,
1200 1354 1284 1439 quod
1306 1353 1404 1440 absit,
1431 1373 1476 1422 se-

316 1472 452 1540 nectutis
474 1471 611 1540 omittas.
694 1471 827 1540 Noveris
849 1476 1015 1558 praeterea
1034 1470 1166 1538 notram
1188 1476 1333 1538 nostrum
1353 1469 1477 1554 Mogon-

317 1584 437 1656 tinum¹
451 1607 523 1656 oum
546 1586 691 1654 omuibus
714 1585 919 1670 suffraganeis
943 1587 1008 1653 suis
1031 1591 1158 1674 praeter
1172 1581 1479 1672 Bubcnborgensem'

319 1710 351 1772 et
378 1699 589 1787 Guriensem³,
625 1704 679 1789 qui
706 1703 825 1790 synodo
852 1699 1106 1787 Longobardioe⁴
1132 1703 1291 1788 interfuit,
1325 1723 1384 1790 pro
1407 1719 1480 1769 'con-

318 1817 399 1888 eiiii*
423 1819 569 1888 absencia
591 1839 610 1886 a
632 1821 698 1887 suis
720 1817 831 1888 officiis
853 1819 1047 1886 interdictos.
1129 1819 1239 1904 Neque
1260 1819 1340 1886 illud
1362 1817 1480 1886 concilii

319 1941 471 2004 statutum
498 1942 531 2002 tc
556 1937 668 2003 lateat:
697 1943 747 2021 ut,
776 1935 918 2022 quisquis
940 1935 1073 2002 clericus
1095 1935 1242 2022 deinceps
1264 1936 1480 2004 investituram

319 2052 451 2120 aienius
480 2052 610 2120 ecclesie
638 2058 671 2120 et
698 2051 866 2135 dignitatm
889 2051 928 2118 de
950 2071 1048 2118 uranu
1069 2052 1145 2120 laici
1166 2051 1341 2139 susceperit
1363 2056 1395 2120 et
1416 2051 1481 2137 ipse

320 2173 367 2236 et·
389 2169 444 2254 qui
473 2169 502 2236 ci
529 2187 659 2236 manum
681 2169 883 2255 imposuerit,
911 2168 1028 2252 gradm
1051 2169 1100 2236 sui
1122 2167 1298 2255 periculum
1322 2167 1433 2236 subeat
1452 2172 1483 2234 et

320 2284 540 2352 communione
562 2285 713 2370 privetur.
748 2283 833 2350 Dat.
847 2333 855 2349 .
870 2332 900 2350 ..
939 2277 943 2286 '

324 2469 385 2542 38.
407 2471 575 2538 Pactolo
591 2470 634 2536 II
648 2495 738 2560 popa
761 2472 960 2537 Rothardam
982 2471 1251 2558 archiepiscopum
1265 2471 1484 2558 Mopocatinum

410 2591 577 2676 oitscpcrct,
603 2589 688 2674 qaod
709 2587 753 2652 od
768 2589 935 2652 concilium
949 2611 1013 2654 noa
1028 2592 1190 2654 accesserit
1207 2587 1409 2676 Udorucmque
1423 2589 1484 2676 epi·

410 2725 538 2790 scopam
568 2703 863 2769 Hildeeteimenacm
889 2707 1066 2770 restituerat.
1105 2703 1157 2770 Dc
1185 2705 1317 2770 concilio
1345 2703 1487 2771 Trecenti

411 2820 575 2906 mpapicai.
610 2819 730 2901 Monet,
753 2832 788 2886 ut
809 2823 844 2884 irs
866 2822 952 2884 ciam
973 2818 1107 2885 redeosi.

236 2963 304 3018 1107
412 2949 551 3020 Pascalis
584 2953 749 3040 episcopus
779 2973 888 3020 servus
919 2972 1080 3020 servorum
1110 2952 1170 3019 Dei
1199 2954 1373 3021 venarabili
1402 2951 1488 3020 frain

323 3067 483 3134 Rothardo
505 3066 688 3152 Mogontino
718 3067 952 3156 archiepiscopo
981 3069 1115 3136 salutem
1144 3074 1176 3135 st
1205 3069 1414 3156 apostolicam
1440 3070 1489 3138 bc-

323 3183 542 3250 nedictionem.
1261 3173 1263 3180 ¹

412 3297 535 3376 Quanto
564 3299 666 3383 magis
695 3299 965 3384 erga‘Romanam
994 3299 1158 3367 ecclesiam
1184 3305 1218 3367 to
1246 3301 1398 3369 haetenus
1422 3301 1490 3368 obe-

323 3413 462 3481 dientem
484 3415 582 3482 fuisse
605 3420 637 3482 et
657 3435 717 3502 pro
739 3436 777 3484 ea
798 3415 900 3482 multa
919 3417 1034 3483 asseris
1049 3417 1246 3501 sustinuisse,
1269 3421 1359 3484 tanto
1374 3419 1409 3484 in
1425 3435 1490 3484 eam

323 3549 408 3596 nnnc
440 3531 568 3615 gravius
602 3531 772 3616 deliquisse
802 3531 1027 3618 comprobaris.
1067 3531 1240 3618 Postquam
1270 3533 1355 3600 euim
1385 3539 1492 3600 sanus

324 3645 466 3714 Romana
494 3647 626 3714 ecclesia
648 3653 793 3714 materna
814 3667 909 3735 super
931 3654 965 3715 te
986 3648 1108 3714 vineoe
1129 3647 1250 3714 laxavit
1270 3656 1302 3716 et
1324 3650 1358 3716 in
1383 3669 1441 3716 sno
1462 3653 1493 3714 te

324 3765 444 3849 mauric
466 3764 711 3830 misericorditer
734 3763 882 3850 suscepit,
904 3769 1034 3840 vocatus
1058 3763 1097 3829 ad
1118 3763 1285 3830 concilium
1305 3785 1365 3834 neo
1381 3762 1493 3832 venisti

325 3899 384 3947 neo
420 3879 586 3947 canonicas
626 3881 842 3946 excusationes
882 3879 1079 3966 pretendisti.
1126 3873 1493 3961 Hildinisheimensem⁶,

397 4026 419 4060 a.
438 4016 462 4060 st
477 4013 569 4060 addida
646 4012 668 4060 b.
688 4015 752 4060 Haec
772 4031 807 4072 ep.
824 4016 913 4073 scripto
931 4024 964 4062 est
984 4017 1007 4061 a·
1029 4015 1164 4062 Amadasse
1179 4017 1280 4063 Samo
1303 4015 1354 4062 cod.
1371 4015 1426 4060 W.
1441 4016 1493 4071 inp.

326 4095 403 4140 Para.
419 4095 463 4139 lut.
479 4092 554 4139 11851
572 4090 696 4153 (quosdam
712 4095 860 4155 Sangarinus.
877 4095 928 4140 cod.
940 4092 995 4150 440)
1007 4094 1052 4150 fol.
1064 4094 1137 4139 tito.
1161 4095 1287 4140 Easdemne
1299 4098 1402 4140 totunm
1417 4095 1493 4140 am

326 4174 387 4220 rand
403 4174 463 4221 ceu.
477 4176 490 4219 1
505 4173 564 4226 6163
580 4188 609 4216 σε
623 4171 700 4217 eodem
717 4173 769 4218 cod.
785 4174 808 4217 in
823 4188 893 4217 mcum
908 4189 971 4218 mum
988 4175 1084 4218 correxit
1099 4175 1231 4232 leopoldus
1246 4175 1338 4222 Mula.

398 4251 422 4304 1.
447 4247 624 4304 liethardum.
710 4249 735 4303 2.
759 4247 919 4304 OttonemI.
1002 4251 1028 4304 3.
1047 4249 1203 4306 Widonem.
1285 4253 1311 4306 4.
1334 4249 1492 4306 Guastniim

327 4335 371 4391 die
378 4339 425 4479 ἐξ
437 4335 496 4392 Oct
511 4337 579 4391 1106
598 4333 715 4392 habitae.
802 4339 828 4392 5.
851 4337 1004 4408 irecensis,
1023 4339 1087 4394 ciro.
1100 4341 1136 4394 23
1148 4341 1212 4396 iiaii
1230 4357 1255 4396 a
1270 4341 1337 4396 1107
1355 4337 1490 4396 second.

328 4427 353 4478 6.
422 4439 510 4479 ouem.
962 4455 967 4462 ·
