3110 4844
307 321 336 369 s.
352 320 527 370 normann
548 321 593 368 rr
615 319 717 368 unum
740 319 928 368 nemnem
952 319 998 366 roe
1171 303 1237 368 265

88 463 148 529 lieet
165 461 273 549 positis
296 463 497 548 antiquorum
520 466 648 549 patrum
672 461 807 527 decretis
830 479 867 526 ac
880 459 1003 547 legibus
1018 460 1252 528 ecclesiasticis
1301 471 1353 526 755

87 577 194 662 relictis,
215 578 309 645 multi
331 579 423 646 iuxta
444 579 590 665 proprias
612 577 850 645 adinventiones
866 597 967 663 prusa
981 582 1013 644 et
1026 577 1238 664 plurimorum
1247 548 1406 592 ’ΝΜ

85 694 180 760 nocim
200 693 296 761 saluti
318 695 461 762 sentiunt
483 691 653 760 adfirmant
675 699 769 779 atque
792 698 905 777 agunt3
934 699 970 760 ut
992 692 1113 760 scilicet
1134 697 1238 759 trans-

86 815 143 876 acto
162 829 242 876 enno
266 831 285 876 a
307 810 444 896 quodam
466 829 601 894 magnac
616 809 814 877 auctoritatis
829 809 898 874 viro
914 808 1034 875 dictum
1049 813 1098 876 st·
1113 814 1237 893 gestum

85 946 141 992 ense
161 932 293 993 constat
384 925 437 994 Ad
458 925 537 993 haec
560 932 664 993 autem
688 945 761 1009 noe,
790 930 827 991 nt
848 924 944 990 timeo
966 923 1184 1011 pusillanimes
1206 929 1239 993 et

83 1042 171 1108 ninus
193 1042 261 1109 zelo
283 1041 425 1110 iustitiae
441 1042 575 1125 accensi,
599 1041 674 1127 quid
690 1039 776 1107 uliud
790 1041 825 1106 in
839 1039 953 1127 primis
969 1059 1062 1124 agere
1077 1039 1237 1125 debemus,

83 1177 162 1242 mam
189 1162 225 1224 ut
252 1158 466 1225 indesinenter
496 1155 647 1242 suffragia
669 1161 850 1224 sanctornm
873 1155 1089 1243 postulemus·
1112 1162 1238 1244 aposto-

81 1271 168 1340 lorum
196 1280 436 1361 martyrumque
458 1273 577 1340 Christi
600 1291 637 1339 ec
658 1271 885 1339 venerabilium
911 1273 1088 1340 antistitum
1111 1272 1239 1340 eeclesi-

82 1407 157 1454 nnm
170 1389 248 1472 Dei3
273 1396 309 1457 ut
330 1390 364 1456 in
386 1389 455 1474 hoc,
479 1389 564 1475 qnod
586 1389 690 1455 vocati
706 1407 743 1455 ae
758 1388 921 1454 constituti
937 1408 1057 1470 sumus,
1081 1389 1238 1456 continuis

80 1505 204 1572 merbiis
230 1505 349 1572 Christi
371 1507 476 1590 gratie
496 1525 554 1572 nos
576 1505 673 1572 faeiat
694 1523 917 1590 perseverare3
942 1511 974 1572 et
995 1511 1032 1572 ut
1053 1523 1118 1572 non
1139 1505 1238 1572 simus

74 1622 189 1720 reprom
212 1622 271 1690 sed
291 1623 394 1707 magis
415 1622 547 1708 accepti,
570 1641 635 1689 non
650 1618 774 1687 desides
790 1619 845 1687 sed
861 1619 1014 1705 sollertes,
1037 1641 1102 1688 non
1117 1620 1239 1707 disper·

78 1743 171 1820 gentes
186 1738 245 1806 sed
259 1743 495 1823 congregantes,
519 1757 732 1823 quoscumque
748 1737 920 1821 valeamus,
943 1737 983 1803 ad
997 1736 1238 1804 unanimitatem

77 1852 256 1922 christianae
282 1853 445 1938 religionis
473 1858 506 1921 et
532 1853 688 1920 unitatem
717 1853 947 1920 ecclesiasticas
974 1852 1237 1936 conversationis3

78 1975 220 2053 qmtenns
248 1970 461 2036 ministerium
484 1975 612 2036 nostrae
634 1968 880 2056 dispensationis
903 1973 935 2036 et
956 1968 1074 2035 laboris
1097 1968 1239 2036 sollertia

77 2085 255 2153 odlandum
278 2091 311 2153 et
332 2086 464 2170 gloriam
487 2085 549 2153 Dei
571 2085 797 2172 omnipotentis
819 2083 980 2171 proficiat,
1007 2089 1044 2152 ut
1065 2103 1135 2152 eum
1159 2085 1240 2153 bone

76 2203 276 2270 servientibus
304 2222 342 2269 ao
368 2201 565 2290 placentibus
595 2201 664 2268 Deo
692 2200 881 2286 quandoque
907 2219 1086 2268 mercamur
1114 2199 1237 2268 audire:

76 2317 180 2385 Restm
203 2341 330 2400 emus,
361 2341 469 2406 qm,
495 2341 564 2384 cam
587 2320 705 2384 veneo
726 2317 901 2398 Dominus,
925 2321 1079 2384 invocent
1100 2317 1238 2404 υἰρὲἰαιι-

75 2431 157 2512 tcm'3
187 2435 294 2502 Amen
322 2437 393 2501 dico
422 2435 526 2516 vodis,
559 2435 646 2520 quod
673 2455 768 2520 ceper
797 2437 904 2500 ornato
931 2435 1014 2500 dccc
1041 2457 1100 2500 ειιιι
1122 2437 1238 2501 emti·

75 2561 126 2616 oo
146 2545 246 2616 mm'.

150 2665 194 2732 Et
218 2665 260 2732 ad
284 2665 361 2732 haec
382 2665 577 2749 frequentius
600 2663 640 2731 ad
662 2665 848 2732 memoriam
871 2663 1009 2753 exempli
1031 2683 1127 2732 causa
1148 2685 1238 2732 revo-

73 2797 182 2848 cemus:
206 2781 402 2848 recordando
417 2781 588 2848 memoriae
603 2781 764 2866 egregrins
779 2781 931 2866 magister
946 2785 978 2848 et
991 2785 1114 2868 marm
1128 2781 1239 2848 beatus

73 2892 242 2964 Bonifatius
272 2897 427 2983 quomodo
456 2897 507 2965 rel
538 2902 656 2984 quanta
684 2896 825 2964 sollertia
852 2895 1012 2966 laboraret
1038 2897 1072 2962 in
1094 2895 1239 2963 doctrina

72 3009 133 3096 llei,
155 3017 279 3100 quanta
300 3012 441 3100 pericula
464 3019 557 3100 etque
574 3012 776 3082 difficultates
793 3033 852 3100 pro
868 3031 975 3081 umore
990 3011 1107 3079 Christi
1123 3016 1156 3080 et
1170 3012 1238 3079 ani-

73 3145 185 3196 marum
207 3129 299 3196 lucro
322 3131 416 3196 etiam
441 3149 541 3214 nsque
564 3131 605 3198 ad
626 3131 732 3218 ipsam
753 3105 889 3197 mor'tom
910 3127 1045 3196 libenter
1066 3126 1237 3196 tolleraret

71 3239 108 3309 Itt
127 3247 202 3330 qnia
226 3245 460 3333 Omnipotentis
483 3246 577 3314 medo
599 3246 766 3314 familiaris
788 3246 890 3312 iactus
913 3250 972 3327 est
994 3243 1164 3331 prudentia
1184 3265 1238 3313 ve-

72 3363 130 3427 stra
150 3361 300 3429 sollerter
323 3361 480 3429 attendet:
504 3363 532 3428 si
556 3363 623 3430 eins
646 3381 702 3430 ros
725 3366 870 3449 oporteat
890 3361 989 3428 sacris
1005 3359 1239 3428 ammonitioni·

72 3473 122 3542 bus
144 3477 324 3544 consentire
347 3483 380 3545 et
401 3479 530 3565 pietatis
551 3477 638 3546 illius
661 3477 808 3565 exempla
828 3497 887 3564 pro
910 3475 1030 3544 viribus
1053 3476 1151 3561 sequi.
1181 3475 1238 3543 llle

72 3593 161 3678 enim,
193 3599 349 3680 qnantum
373 3593 458 3660 illins
482 3595 672 3662 domesticus
695 3595 796 3661 lactus
820 3598 884 3678 est,
907 3613 1000 3678 quem
1024 3593 1143 3659 amarit
1165 3597 1238 3659 ante

72 3709 178 3792 omnin,
202 3714 330 3776 tantum
353 3710 475 3776 maiora
490 3709 574 3797 apud
595 3731 667 3777 enm
682 3709 801 3797 poterit
816 3709 968 3796 optinere.
1003 3707 1093 3776 Unde
1109 3709 1236 3796 qnippe,

71 3823 94 3886 si
113 3825 211 3910 aliqui
236 3825 448 3894 subiectorum
470 3825 567 3910 illius,
592 3824 705 3911 quibus
727 3845 798 3893 cum
814 3823 972 3910 quondam
988 3824 1096 3892 divina
1109 3825 1237 3911 dupon-

72 3941 141 4006 ene
167 3941 350 4025 magisterii
379 3939 448 4008 looo
476 3941 624 4029 prefecit,
656 3942 695 4009 ab
724 3943 791 4009 eins
819 3940 1014 4008 documentis
1042 3940 1238 4028 spiritalibus

73 4052 255 4124 dissentiunt
277 4056 328 4124 vel
351 4077 452 4143 prava
473 4058 712 4126 conversatione
733 4057 898 4141 recedunt,
922 4057 976 4142 qui
998 4056 1144 4124 defensor
1166 4057 1236 4124 illo·

71 4189 132 4238 rum
152 4175 187 4240 in
212 4178 323 4241 sterno
346 4171 462 4240 indicio
485 4193 554 4242 esse
576 4175 690 4260 potnit,
713 4171 750 4240 fit
771 4173 877 4260 potins
901 4177 1064 4240 aecusator
1086 4179 1119 4240 et
1139 4173 1236 4240 ratio-

133 4329 152 4361 n.
173 4329 187 4361 e
206 4315 237 4362 V.
313 4315 337 4362 b.
356 4313 498 4376 pustularum
516 4316 544 4363 7.

133 4419 158 4472 1.
183 4418 282 4475 naeu
295 4419 402 4490 enne
421 4419 487 4475 oue.
501 4420 544 4488 ιι,
557 4419 600 4474 er.
690 4420 716 4476 n.
740 4417 950 4490 monaco.
