3110 4844
311 257 376 327 308
516 275 543 326 s.
558 275 734 327 normann
754 277 800 325 uu
820 277 924 326 nuum
945 276 1132 326 urmuouau
1155 277 1208 325 reo.
1223 275 1270 323 rso

443 417 480 486 ln
502 439 599 504 regno
622 417 742 504 Patris,
766 439 824 487 eeu
846 417 949 486 olarus
972 419 1067 486 Titan
1088 419 1123 486 in
1145 419 1230 504 orhe,

442 535 549 622 Atque
569 555 628 623 per
651 541 817 620 augustam
839 533 1039 602 Hierusalem
1060 555 1137 602 vooe
1160 534 1332 602 Tonantem

443 651 497 720 Sia
518 651 682 719 dominum
705 671 830 738 semper
852 651 983 720 laudant
1004 652 1073 718 sine
1096 650 1158 719 fine
1181 653 1348 737 dicantar,

442 767 487 835 Et
508 771 634 835 sanatas
657 770 777 855 pariter
799 769 989 836 eoneinnant
1011 789 1065 836 ere
1088 789 1147 856 per
1169 787 1272 836 auras.

442 883 504 952 Hie
524 885 642 970 iugiter
663 884 825 953 celebrant
846 886 969 953 exeelso
992 887 1134 954 earmina
1156 885 1296 968 Christ03

443 999 543 1079 Quem
564 1001 678 1068 ohorus
700 1007 876 1090 martyrum
899 1003 945 1070 aie
967 1003 1062 1070 simul
1084 1003 1187 1069 omnis
1209 998 1341 1084 orabit¹¹‚

442 1115 577 1184 llultum
600 1115 639 1185 de
661 1117 798 1185 Domino
821 1119 976 1203 gaudens,
1001 1119 1040 1186 de
1062 1124 1204 1206 pertore·
1228 1115 1344 1183 multas

440 1231 614 1300 Effundens
636 1233 745 1302 laudes
767 1235 916 1320 gratansd
938 1235 1119 1321 hominique
1141 1235 1282 1320 Deoque‚

442 1348 569 1418 Laetior
592 1370 648 1417 era
670 1352 771 1418 modis
795 1351 939 1418 attollens
961 1350 1088 1438 placida
1108 1351 1209 1418 miris.

394 1531 408 1558 ‚
444 1465 544 1534 Crede
567 1466 660 1552 mihi,
685 1469 760 1553 quia
782 1474 814 1535 te
836 1487 959 1535 summo
982 1467 1164 1554 oonpleotor
1186 1483 1302 1532 amore.

396 1609 476 1678 Vale
498 1609 623 1678 Christo
646 1611 842 1698 virguncula,
906 1581 909 1590 ‚
934 1609 1052 1678 Christi
1075 1629 1189 1696 nempe
1211 1606 1380 1690 mantula,

396 1723 475 1794 hfihi
498 1736 588 1793 eara·
610 1747 801 1814 magnopere
892 1732 986 1812 atque
1008 1747 1108 1811 gnara
1129 1727 1164 1792 in
1186 1744 1290 1812 opere,

397 1843 468 1911 Tibi
489 1842 599 1911 laudes
622 1849 790 1911 contexero
881 1848 978 1928 atque
996 1848 1102 1928 grates
1124 1841 1293 1926 ingemino.

397 1957 502 2046 Teque
525 1980 601 2045 rogo
625 1980 698 2027 eum
719 1965 866 2046 tremore,
958 1979 1055 2046 agna,
1079 1957 1197 2025 Christi
1219 1977 1277 2044 pro
1302 1973 1425 2022 amore:

298 2073 301 2084 ’
395 2074 479 2143 Vota
500 2075 596 2143 redde
618 2097 691 2143 oum
712 2076 836 2144 fervore
924 2073 1089 2144 Altissimo
1113 2076 1146 2141 in
1170 2073 1305 2140 aethere.

396 2191 483 2271 Quae
504 2193 683 2279 pepigimus
707 2194 837 2280 pariter,
928 2212 1104 2259 memorare
1126 2187 1301 2258 vivaciter'.

311 2377 398 2448 140.
420 2377 560 2462 Ονίᾱαηι
576 2379 625 2448 Si.
642 2395 853 2468 aeqrotaatem
872 2380 1079 2448 amaheae
1104 2377 1140 2460 (S
1151 2379 1206 2464 48,
1218 2375 1258 2444 W
1273 2378 1347 2460 162,
1360 2373 1390 2442 G
1404 2371 1475 2454 150)

395 2507 660 2580 Reuerentissimo
675 2513 767 2582 fratri
782 2513 962 2600 Christique
978 2514 1109 2581 emerito
1123 2509 1236 2578 militih
1249 2483 1303 2578 Ξ.
1321 2511 1357 2578 in
1374 2508 1476 2577 aethe·

306 2628 354 2695 rio
376 2627 444 2696 Dee
465 2629 637 2714 gloriosam
659 2630 785 2697 divinae
807 2631 970 2720 sospitatis
993 2629 1137 2696 salutem.

396 2744 610 2824 Quorumdam
644 2747 871 2815 venerabilium
905 2767 1067 2814 seruorum
1095 2745 1155 2812 Dei
1183 2744 1337 2813 relatione
1366 2739 1476 2824 dedici,

307 2861 391 2950 qued
414 2863 527 2930 aeerha
548 2862 730 2930 morborum
752 2863 926 2932 valitudine
948 2863 1087 2948 graviter
1109 2860 1256 2946 alfaeus,
1280 2859 1336 2926 diu
1358 2858 1478 2927 erucia-

306 2984 368 3065 tua,
391 2978 548 3047 laboriose
564 2979 720 3064 ‘fatigatus
743 2981 804 3065 sis,
827 2999 891 3047 non
913 2985 1021 3047 tamen
1042 2978 1217 3063 lugubriter
1239 2977 1392 3044 deiectus.
1438 2971 1480 3040 Ut

308 3099 413 3164 autem
435 3096 495 3164 hoo
516 3095 594 3162 mihi
618 3101 803 3183 ooopertum
827 3102 884 3181 est,
908 3101 1013 3182 grates
1037 3093 1174 3183 spiritali
1195 3093 1280 3181 patri
1295 3113 1406 3178 agens,
1430 3109 1478 3158 oe-

307 3210 381 3278 lesti
402 3213 506 3296 gratia
526 3217 559 3280 te
581 3211 761 3296 visitatum,
786 3214 893 3280 divino
916 3232 1046 3280 munere
1069 3211 1222 3296 ditatum,
1247 3209 1386 3299 spiritali
1410 3226 1479 3294 spe-

307 3327 422 3394 eimine
445 3335 589 3396 ornatum
612 3349 690 3416 esse,
714 3329 866 3397 intellexi.
901 3329 975 3414 Ista,
998 3329 1138 3416 inquam,
1162 3328 1301 3395 visitatio
1315 3323 1480 3410 flagellau-

306 3445 349 3511 tis
372 3443 502 3511 Domini
523 3451 555 3512 te
578 3445 710 3531 invitat,
734 3453 770 3513 ut
792 3448 821 3514 ei
844 3447 986 3513 inhiante
1009 3445 1163 3512 desiderio
1186 3450 1220 3512 et
1240 3437 1480 3510 iumareisoibili

307 3562 440 3629 cantato
470 3561 620 3645 iungeris.
665 3562 737 3630 ldoo
772 3583 945 3650 numquam
973 3563 1012 3629 de
1039 3563 1193 3630 memoria
1221 3557 1480 3641 oblitterandum,

308 3677 392 3764 quod
421 3677 541 3745 dietum
570 3684 632 3745 est:
667 3678 853 3767 coemptos
880 3704 936 3748 roo
963 3683 1097 3767 eaedem
1127 3693 1214 3749 troam
1222 3673 1240 3742 ¹.
1285 3675 1330 3742 Et
1357 3672 1482 3742 sollerti

307 3794 512 3862 meditatione
539 3815 602 3862 non
630 3794 756 3880 ignores
784 3800 834 3880 te,
863 3795 938 3864 lieet
961 3795 1000 3861 ad
1023 3800 1147 3880 tempus
1170 3813 1266 3860 manu
1288 3789 1482 3876 flagellantis

308 3917 340 3979 et
362 3911 497 3979 amantis
519 3909 648 3977 Domini
676 3909 887 3996 infirmatum,
917 3917 1024 3978 tamen
1053 3909 1255 3978 aeternaliter
1282 3907 1323 3975 ad
1351 3899 1482 3974 ammae

306 4028 442 4096 salutern
463 4031 684 4116 preparatum3
715 4026 789 4114 quia
816 4025 957 4112 flagellat
978 4027 1065 4094 Deus
1088 4047 1214 4094 omnem
1236 4025 1352 4111 lilium,
1383 4041 1481 4111 quem

378 4185 399 4218 ι.
419 4171 522 4218 dissutas
540 4170 568 4217 7.
645 4170 668 4218 b.
688 4172 723 4218 sto
742 4179 776 4218 ut
795 4188 871 4218 aarum
892 4173 916 4217 ia
932 4171 984 4217 cod.
1063 4183 1082 4216 e.
1102 4173 1195 4230 patiore
1210 4171 1303 4229 rorabit
1316 4170 1423 4217 Servius
1437 4184 1482 4227 pro

306 4255 398 4298 mamre
416 4251 443 4299 V.
519 4249 543 4296 d.
563 4251 654 4308 gratam
670 4251 761 4310 certeris
776 4251 879 4300 Sauras
894 4267 937 4310 pro
953 4247 1068 4309 gratulam
1086 4251 1113 4298 V.
1187 4265 1207 4298 e.
1228 4262 1283 4296 eura
1300 4250 1328 4296 V.
1398 4245 1417 4294 i.
1438 4245 1483 4293 mi-

307 4331 394 4378 usoitor
410 4331 438 4378 7.
516 4341 538 4388 g.
558 4347 587 4375 ιε
603 4331 628 4377 7
640 4331 762 4379 tl—tle.
786 4331 892 4380 buu:
908 4329 964 4378 Item
980 4329 1085 4391 aplstola.
1161 4329 1185 4378 h.
1206 4329 1279 4376 milita
1297 4329 1326 4377 V.

380 4433 647 4504 ammam
