3110 4844
432 295 621 347 rrmuonss
642 295 870 348 rsoousrrssu
893 301 947 348 ns
1206 283 1271 350 317

111 435 142 504 l.
170 435 236 503 Leo
259 437 323 504 ΙΙΙ
333 462 427 527 papo
449 439 579 527 Riesdso
603 444 748 528 episcopo
768 441 957 528 Moponoioo
980 443 1019 508 de
1040 464 1167 508 monere
1190 444 1272 511 lius·

169 549 277 632 sequ
296 550 420 634 pretias
443 551 510 634 opst
532 551 742 636 eoepeeeasque
757 549 793 616 S.
810 547 953 616 Caesarii
964 550 1117 636 reliquias
1130 554 1243 618 mittit·
1254 547 1270 616 ¹.

108 685 114 695 '
191 677 257 746 Leo
279 681 444 768 episeopus
467 699 575 748 seruus
598 701 760 752 servorum
776 683 837 750 Dei
858 683 1112 750 reverentissimo
1134 689 1166 750 et
1180 703 1271 751 suue-
1289 689 1343 744 81⁰

104 794 227 861 fissimo
249 793 372 864 Rioulfo
394 799 551 885 episeopo.

192 909 272 978 (lum
295 911 335 978 ed
356 911 469 980 limine
493 915 657 982 hestorum
684 914 864 1001 principum
895 913 1108 1002 apostolorum
1131 913 1270 982 Beruhs-

102 1027 169 1093 rius
197 1029 386 1096 uenerabilis
415 1027 600 1118 episeopus¹
622 1047 686 1098 uuo
715 1049 786 1097 eum
814 1026 1015 1097 Adslhsrdo⁸
1037 1031 1191 1116 relegisse
1215 1033 1270 1099 sb·

102 1141 186 1228 bete,
208 1127 299 1211 missi
319 1143 378 1212 filii
393 1147 493 1214 nostri
509 1147 617 1214 domni
632 1146 738 1214 Caroli
753 1147 948 1214 serenissimi
962 1147 1172 1233 imperatui-ts,
1196 1167 1271 1214 eoo·

100 1257 298 1327 iunxissent‘
319 1267 352 1328 et
378 1263 485 1330 omnia
506 1281 659 1350 prospero
682 1283 719 1330 oe
741 1263 880 1331 salubris
902 1263 941 1330 de
963 1261 1105 1348 predicto
1126 1262 1191 1330 lilio
1213 1283 1271 1330 no-

100 1379 167 1441 stro
190 1396 247 1443 seu
269 1377 308 1445 de
330 1379 397 1445 eius
420 1379 647 1447 sublimissime
667 1376 773 1466 prole⁸
795 1379 846 1446 uel
868 1379 1013 1447 omuibus
1036 1377 1181 1446 fidelibus
1204 1381 1271 1446 suis

99 1491 193 1558 uobis
215 1493 424 1580 nuntiassent,
447 1496 606 1578 inmensos
630 1495 837 1583 omnipotenti
852 1493 920 1562 Deo
942 1495 1115 1580 grstisrum
1132 1497 1270 1562 notiones

99 1608 276 1676 retulimus.
344 1610 469 1679 luteres
482 1609 607 1680 offeruit
621 1611 711 1679 uobis
726 1612 885 1699 proeletus
897 1609 1088 1678 Bernhurius
1103 1612 1269 1698 episeopus

100 1725 280 1794 seuetitetis
302 1733 427 1795 restrae
449 1728 696 1816 pulcherrimum
717 1747 832 1796 munus
855 1733 887 1796 et
908 1727 1042 1795 littores.
1088 1727 1172 1806 Ques
1195 1747 1269 1794 sero

99 1839 224 1908 litteras
252 1843 442 1929 relegentes,
477 1847 596 1930 gratiss
623 1844 814 1912 reverendus
844 1843 979 1911 elmitoti
1007 1848 1132 1912 vestroe
1160 1843 1269 1911 retuli·

99 1977 186 2041 mus3
217 1961 292 2044 quis
313 1961 415 2028 nostri
436 1981 591 2030 memores
614 1962 648 2028 in
669 1961 783 2028 vestris
805 1959 873 2028 Deo
896 1961 1033 2047 eooeptis
1056 1959 1268 2026 orationibus*

99 2092 163 2139 uon
192 2077 438 2161 pretermittitis.
484 2074 533 2146 De
559 2078 656 2144 tontis
685 2081 791 2144 eutem
817 2076 1017 2160 muneribus,
1053 2076 1182 2161 quibus·
1210 2095 1267 2142 uos

100 2189 245 2258 semiue*
271 2211 329 2280 pro
364 2213 470 2261 amore
500 2193 587 2262 besti
614 2191 701 2261 Petri
729 2192 864 2280 apostoli
892 2193 1017 2278 ditetis,
1050 2191 1206 2259 eredimus
1233 2193 1268 2258 iu

1 2363 2 2384 2
100 2307 348 2394 omnipotentem
371 2309 492 2395 Deum,
521 2309 596 2396 quie
623 2309 752 2394 ὥςιιιιιι
774 2308 1013 2378 retributionem
1036 2307 1087 2375 hio
1109 2313 1142 2375 et
1162 2309 1197 2375 iu
1218 2307 1268 2374 tu-

98 2427 169 2491 turo
195 2423 236 2491 sb
257 2425 327 2512 ipso
349 2425 505 2511 olorigero
527 2427 617 2510 regui
640 2425 783 2493 eselestis
801 2425 993 2514 percipietis.
1062 2421 1111 2492 De
1125 2423 1269 2510 reliquiis

98 2559 173 2607 sero
196 2543 297 2608 saneti
321 2539 457 2627 Gessrii,
480 2543 562 2610 sieut
584 2541 719 2629 petistis,
746 2542 959 2629 pereuntem
981 2540 1190 2608 Bsmherium
1212 2561 1267 2608 vs·

1 2685 2 2688 ¹
96 2655 271 2724 uerebilsm
295 2657 477 2746 episeopum
500 2659 661 2726 sanctitati
683 2665 806 2726 vestrae
828 2659 1011 2726 direximus.

1 2756 2 2832 l
96 2769 173 2840 Leo
202 2775 411 2863 episeopus
444 2795 581 2843 servus
608 2795 811 2842 servorum
840 2773 914 2843 Dei
940 2773 1267 2842 reverentissimo

326 2895 364 2958 et
386 2891 640 2959 remotissimo
662 2891 821 2960 Rieulfo
842 2891 1037 2978 episeopo.

98 3071 134 3144 2.
164 3078 361 3146 Amlardus
395 3079 491 3146 obbae
521 3093 550 3148 st
576 3080 725 3146 monasti
750 3078 987 3146 Horubaeensss
1017 3078 1182 3164 Rioolfssm
1212 3101 1265 3144 or·

165 3187 396 3276 elispiseopum
417 3199 542 3273 repant,
565 3199 600 3254 ut
621 3189 804 3254 monasterii
825 3186 960 3252 eeclesiis
981 3189 1017 3251 in
1039 3188 1173 3252 dioecesi
1192 3187 1265 3252 Mo-

162 3297 298 3380 punem
320 3298 389 3362 sitm
411 3294 613 3361 Mucianum
631 3295 849 3382 presbyterem
865 3315 1013 3380 praeesse
1034 3287 1165 3359 sinot'⁸.

186 3426 311 3495 Domuo
335 3432 368 3495 et
389 3428 474 3516 petri
490 3427 611 3494 Rioulfo
636 3427 882 3515 archiepiscopo,
906 3447 999 3513 quem
1021 3426 1124 3512 gratis
1146 3425 1266 3494 oeterni
1283 3437 1425 3494 ooo-818

94 3543 180 3628 regis
203 3543 429 3632 perpetualiter
452 3544 492 3612 sd
515 3544 649 3612 sulutem
671 3544 842 3611 multorum
865 3547 897 3609 et
911 3541 1080 3610 seeolesioe
1095 3541 1266 3610 ootholioee

169 3691 190 3724 ι.
211 3695 240 3724 a
254 3679 280 3726 8.
295 3681 410 3735 Bonifatii
428 3679 573 3739 epistolarum
596 3679 648 3726 cod.
666 3677 834 3726 Vindobomsi
854 3675 887 3734 (e.
903 3693 974 3738 supra
990 3694 1016 3738 p.
1028 3675 1070 3734 ll)
1085 3679 1130 3734 fol.
1144 3677 1183 3724 49.
1212 3678 1265 3726 Siue

94 3760 206 3806 laum.
300 3757 322 3805 Ιι.
346 3771 397 3804 esse
420 3757 532 3804 meldim
550 3757 645 3804 viderur.
739 3771 759 3806 e.
783 3756 865 3818 quibus
887 3775 929 3805 oss.
948 3759 975 3805 V.
1065 3757 1087 3804 d.
1112 3755 1218 3804 meiius
1237 3757 1264 3804 V.

94 3853 115 3884 s.
135 3857 165 3885 ss
180 3841 205 3886 S.
219 3840 335 3895 Bonifatii
352 3839 496 3897 epistolum
516 3837 569 3885 cesi.
586 3837 754 3885 movim·
770 3839 814 3894 fol.
826 3837 882 3886 teo.
907 3841 1011 3886 Mna.-
1031 3836 1134 3898 Epistol!
1149 3835 1265 3884 Amslrsdl

94 3917 125 3965 sel
139 3917 254 3966 Blestium
269 3918 410 3978 episcopum.

167 3997 192 4051 1.
217 3995 296 4052 Hune
313 3995 465 4064 epistolum,
483 3993 512 4050 lu
530 3993 558 4049 S.
570 3993 702 4050 Bonifatii
720 3995 897 4066 epistolarum
915 3995 984 4051 serie
997 3995 1124 4066 positum,
1143 3994 1264 4064 signauit

94 4082 220 4140 Sensim
238 4101 265 4140 ιι.
278 4085 321 4154 ¹15,
340 4083 552 4140 Wtirdtweinius
570 4100 597 4139 n.
611 4085 671 4153 135,
690 4083 809 4139 Gilesius
827 4099 853 4138 ιι.
867 4085 927 4140 126.
999 4083 1025 4137 2.
1046 4083 1262 4140 wormatiensis.

93 4176 121 4228 a
144 4173 158 4228 1
177 4171 278 4230 obbste
295 4170 461 4228 Gorbeieusl.
532 4173 559 4228 4.
582 4171 624 4228 Cf.
643 4171 775 4228 liluhurdi
791 4173 904 4228 moles
920 4173 987 4242 809,
1011 4171 1082 4226 llon.
1103 4169 1194 4226 Germ.
1212 4169 1261 4226 SS.

93 4262 183 4318 1196.
253 4263 279 4318 b.
303 4260 453 4331 ludoviso,
471 4265 570 4332 posteo
586 4262 758 4332 imperatore.
830 4263 855 4318 6.
879 4259 993 4331 Signata
1010 4264 1054 4314 est
1067 4259 1135 4315 hseo
1147 4258 1263 4328 epistole

93 4365 140 4421 sp.
158 4349 296 4407 &terium
315 4351 418 4421 (Epmt.
436 4349 465 4408 S.
482 4349 627 4420 Bouilstii)
645 4369 672 4408 ιι.
691 4351 756 4421 113,
779 4366 823 4422 sp.
836 4350 1063 4408 thrdtweiuium
1081 4365 1108 4404 u.
1129 4349 1193 4419 136,
1216 4363 1261 4419 sp.

92 4439 228 4498 (iilesium
245 4457 272 4497 n.
286 4441 347 4498 125.
