3176 4846
337 323 418 372 vrrs
440 323 595 372 smronm
615 323 879 374 unonmmsoom
900 325 1096 376 noocnnmr
1232 311 1294 376 641

129 467 161 530 et
182 483 234 530 res
258 463 441 550 diligerent,
470 465 631 534 ciuitatem
653 467 880 533 monesterium
903 471 936 534 et
958 467 1065 534 omnie
1088 467 1193 534 ableto
1214 468 1299 535 infre

126 577 207 645 illud
234 581 372 665 spotium
402 582 462 648 sibi
491 601 561 648 cum
584 583 672 648 omni
693 583 875 666 integritate
897 584 1116 664 restituerent3
1146 589 1179 649 et
1201 582 1298 650 offen·

127 713 196 760 sem
224 695 346 764 illatum
378 697 473 782 digno
502 697 703 765 exhibitionis
734 698 853 764 honore
879 718 937 785 pro
967 699 1162 785 beneplacito
1190 699 1298 764 domni

127 811 268 898 episcopi
290 831 363 878 cnm
386 815 472 880 omni
495 814 714 882 emendatione
737 812 916 901 expiarent3
940 820 972 882 et
994 815 1153 882 cidtetem
1177 822 1210 882 et
1225 835 1298 902 pro·

1353 479 1422 534 1159

1308 555 1360 599 ente
1373 553 1428 600 Deo·
1436 553 1466 602 ib

125 927 232 1012 prium
260 926 361 995 lerem
389 934 421 996 et
443 934 543 996 totum
569 931 786 1017 episcopatum
808 949 908 1016 usque
931 930 971 996 ed
994 930 1129 1014 gretiam
1152 951 1245 998 suem
1267 935 1314 1018 et¹

125 1047 309 1129 preceptum
336 1044 526 1112 ebiurorent.
617 1045 727 1113 Noluit
749 1050 854 1112 eutem
878 1046 1011 1112 domnus
1034 1047 1200 1132 episcopus
1222 1053 1298 1114 tunc
1369 1073 1376 1084 ·

126 1157 159 1222 in
182 1158 336 1226 instantio
358 1181 467 1228 eornm
490 1163 683 1228 iuramento·
704 1163 855 1249 recipere,
877 1163 940 1228 nisi
963 1163 1101 1248 primum
1118 1182 1297 1229 excommn-

124 1273 292 1341 uicationis
315 1276 439 1344 vinculo
464 1279 588 1344 exirent
608 1283 641 1344 et
662 1277 833 1344 secundum
856 1279 1040 1346 cononicam
1064 1297 1098 1345 se
1113 1276 1298 1344 exhiberent

123 1389 288 1457 iustitium.
322 1390 411 1471 Quod
440 1394 564 1478 quidem
594 1395 633 1460 ob
661 1394 833 1460 obsidionis
861 1394 1128 1462 ferventissimum
1157 1393 1296 1460 studium

125 1506 166 1572 ed
191 1505 347 1595 Pupiense
375 1527 475 1594 usque
504 1509 635 1576 dilatum
665 1516 713 1576 ost
741 1510 918 1578 concilium.
1011 1510 1183 1594 Setegebot
1212 1510 1296 1575 enim

124 1622 258 1689 domnus
279 1625 462 1711 imperetur,
487 1630 559 1692 ento
581 1627 757 1692 nativitatis
779 1628 959 1713 proximum
980 1627 1095 1693 festum
1110 1631 1147 1692 ut
1161 1621 1297 1712 oppido¹

110 1726 174 1806 ¹vel
197 1739 356 1807 deditione
379 1761 435 1808 sen
456 1741 576 1808 uiribus
599 1743 765 1828 potiretur.

211 1854 342 1923 Interim
365 1862 469 1925 eutem
494 1893 535 1904 -
560 1857 749 1924 adversariis
770 1857 889 1925 ibidem
911 1859 1043 1926 retentis
1051 1857 1073 1942 ⁵,
1096 1861 1133 1924 ut
1155 1860 1296 1943 postmo-

122 1969 208 2055 dnm,
231 1971 294 2038 nisi
318 1973 425 2039 omnio
445 1973 687 2041 restituerentur
705 1975 863 2061 episcopo,
887 1975 1014 2058 gravius
1031 1974 1066 2040 in
1083 1993 1136 2040 eos
1153 1971 1295 2038 animod-

121 2091 297 2156 verteretur
320 2125 362 2136 —
386 2088 520 2157 domnus
547 2089 722 2177 imperator
749 2091 783 2155 in
806 2089 864 2156 bec
886 2089 984 2157 verbe
1007 2088 1222 2173 Mogontinis·
1245 2108 1295 2154 re·

121 2203 247 2271 scribit:

211 2319 416 2403 „Fredericns
439 2320 500 2388 Dei
526 2321 630 2406 gretie
659 2321 872 2388 Romanorum
901 2321 1076 2407 imperetur
1107 2324 1139 2387 et
1168 2338 1295 2406 semper

120 2439 272 2518 augustus
301 2435 448 2502 universo
479 2436 562 2502 clero
590 2437 687 2503 totius
710 2437 847 2504 civitatis
870 2435 1053 2520 Mogontine
1076 2435 1294 2502 ministeriali·

120 2549 240 2636 busque
269 2558 301 2618 et
328 2551 473 2620 omnibus
501 2551 642 2620 eiusdem
669 2553 807 2619 civitotis
839 2552 960 2620 civibus
988 2553 1124 2636 gretiam
1148 2557 1295 2618 suomet

119 2685 213 2734 omno
240 2666 368 2736 bonum.
459 2667 595 2736 Veniens
624 2670 664 2737 ad
691 2675 799 2736 nostre
826 2669 1002 2736 maiestatis
1024 2669 1218 2755 presentium
1241 2686 1294 2734 ce·

117 2782 263 2850 sissimus
291 2790 324 2851 et
346 2783 445 2851 nostri
467 2785 625 2852 maximos
647 2785 773 2871 imperii
795 2785 958 2872 princeps,
988 2784 1149 2851 Arnoldus
1172 2783 1293 2850 ercbie·

117 2902 267 2987 piscopos
294 2905 414 2983 vester,
443 2899 656 2968 miserendum
685 2905 718 2966 et
743 2901 860 2966 nostris
890 2898 1085 2985 temporibus
1113 2899 1291 2966 inauditum

118 3015 247 3084 auribus
270 3018 387 3084 nostris
406 3017 441 3083 in
456 3016 614 3084 communi
629 3015 807 3100 frequentis
820 3016 1000 3103 principum
1015 3020 1195 3082 nostrorum
1212 3035 1288 3100 que·

117 3131 216 3200 relem
241 3133 390 3200 adversus
415 3151 469 3199 vos
493 3131 652 3218 deposuit:
677 3131 824 3198 videlicet
847 3132 930 3217 quod
952 3133 1055 3218 ipsam
1072 3131 1201 3197 domum
1217 3130 1288 3216 Dei,

117 3247 283 3316 ecclesiam
305 3249 469 3333 maiorem,
493 3248 575 3334 quod
600 3267 619 3314 e
641 3248 746 3314 secolo
769 3267 832 3314 non
855 3249 1085 3330 catamitum,
1108 3245 1289 3314 incastelle-

116 3365 242 3446 veritis3
267 3371 313 3449 et,
337 3383 398 3450 que
420 3364 532 3430 domus
554 3363 614 3430 Dei
638 3363 768 3431 domus⁶
791 3365 942 3431 cretionis
966 3364 1128 3450 exipsius
1153 3383 1206 3429 ore
1228 3362 1290 3431 Dei

114 3480 298 3567 predicetur
304 3477 325 3565 ¹,
349 3481 532 3568 speluncam
547 3480 706 3546 letronnm
723 3485 755 3547 et
770 3481 911 3548 omnium
927 3479 1085 3548 officinam
1102 3479 1288 3546 abusionum

115 3596 205 3662 robis
227 3595 337 3664 illicite
360 3601 392 3664 et
413 3595 567 3682 flagitiose
589 3597 736 3664 feceritis.
773 3595 873 3674 Quem
897 3596 936 3664 ob
959 3617 1037 3682 rem,
1061 3598 1144 3663 siout
1164 3597 1287 3680 gledius

114 3710 232 3778 doloris
266 3730 324 3800 pro
358 3714 440 3780 tenti
474 3713 601 3780 sceleris
636 3733 715 3779 cusu
743 3717 776 3778 et
803 3733 861 3800 pru
889 3719 954 3779 mm
984 3713 1138 3799 piaculari
1165 3712 1286 3797 flagitio

114 3829 238 3895 viscere
258 3833 369 3897 nostre
391 3830 549 3896 concussit
572 3833 604 3895 et
625 3829 697 3915 ipse
718 3828 883 3914 precordia
905 3834 1016 3896 nostre
1038 3849 1167 3916 prorsus
1188 3849 1285 3915 pene·

113 3945 229 4030 travit,
258 3945 304 4012 sic
326 3945 430 4031 ipsum
453 3945 593 4029 gledinm
616 3945 752 4030 iustitie,
780 3945 920 4029 gladium
941 3943 1088 4030 ultionis,
1112 3955 1221 4030 quom·
1245 3944 1285 4010 ed

177 4161 198 4195 ι.
219 4162 297 4197 eornm
311 4150 336 4198 in
351 4151 455 4198 umente
470 4150 492 4197 1.
554 4148 577 4197 b.
597 4148 683 4196 relictis
698 4151 721 4196 2.
781 4163 802 4196 c.
822 4149 954 4208 Mezentius
967 4151 989 4198 1.
1052 4149 1075 4196 d.
1095 4148 1175 4196 domus
1192 4149 1284 4196 addidi.

114 4242 136 4277 e.
156 4231 240 4292 quel.

185 4336 211 4391 1.
230 4333 337 4392 &eme
427 4335 453 4390 2.
477 4333 573 4390 nauh.
586 4333 629 4403 21,
642 4333 689 4388 1³:
714 4333 841 4404 „Domus
859 4347 920 4389 meo
938 4331 1035 4388 domus
1053 4331 1183 4389 cretionis
1201 4347 1282 4388 voce·

112 4421 187 4480 bitur
195 4423 218 4480 ⁴⁴.

157 4519 236 4575 Jun'.
252 4523 396 4568 Bibliotbeoe
409 4523 448 4568 nl.
1034 4518 1069 4574 41
