3110 4844
187 431 240 486 755

302 263 369 330 264
547 278 574 326 s.
591 277 769 327 nourrsrrr
790 278 835 324 ar
857 277 959 325 nunni
981 275 1168 325 namucum
1191 275 1236 323 roe

302 423 387 506 gotio
415 420 631 509 prevelemus,
659 421 797 487 fatemur
823 437 882 486 nos
905 437 1030 505 semper
1052 437 1120 485 esse
1143 422 1281 504 paratos.
1327 415 1457 484 Undein

133 507 293 552 mantenano
343 537 350 552 .

301 538 414 626 primis
437 537 477 604 ad
499 535 770 604 confirmationem
792 535 980 619 dilectionis,
1004 554 1098 619 quam
1121 553 1197 618 erga
1215 553 1270 600 vos
1285 532 1457 618 hebentpc

301 653 436 721 netralia
463 652 566 719 cordis
601 652 717 735 nostri,
749 670 895 718 sermone
923 649 1098 735 affectuque
1125 649 1260 736 apostoli
1287 654 1409 715 utamm
1433 655 1460 716 et

301 790 374 838 cum
396 769 539 855 apostolo
562 766 657 835 simul
680 767 839 834 dicemus:
866 765 982 835 Gratia
1003 767 1091 832 vodis
1114 779 1142 833 ct
1156 790 1244 854 pree,-
1264 770 1385 853 pretias
1399 769 1460 850 αφ’·

189 927 194 938 ·
301 909 370 952 mue
384 886 455 952 Deo
478 909 600 972 seraper
621 907 682 972 pro
707 885 850 950 omuibus
864 884 963 965 cubic,
987 886 1170 950 memorium
1176 882 1334 968 sociaetee
1349 885 1383 947 ic
1397 905 1462 947 ora·

302 1002 438 1067 tendas
460 1005 577 1068 noeane
599 1004 667 1066 eine
688 1003 933 1077 inmusicum
962 1021 1111 1065 memoras
1134 1002 1237 1085 operte
1251 999 1335 1082 fidei
1355 1009 1464 1063 casuue

303 1131 332 1184 et
360 1117 477 1182 locoru
507 1131 537 1183 et
566 1120 707 1182 canucio
736 1130 765 1182 et
793 1118 997 1182 sustinentiae
1024 1117 1095 1202 spei
1125 1116 1247 1180 domiui
1272 1117 1376 1180 coac-t
1400 1113 1464 1178 Iaso

303 1231 420 1298 clareat
447 1245 519 1298 uate
548 1234 640 1297 deum
670 1245 699 1298 et
719 1245 844 1318 putrere
865 1245 1007 1298 coetuum
1016 1226 1033 1296 ¹.
1080 1229 1170 1308 Quod
1193 1230 1276 1296 enim
1299 1229 1365 1294 iam
1387 1227 1464 1310 elin,

303 1347 429 1414 vivente
450 1347 648 1414 venerandae
670 1348 842 1413 memoriae
857 1345 1029 1432 Bonilecio,
1053 1366 1111 1432 per
1133 1346 1252 1431 scripta
1273 1343 1423 1412 nonnulle
1438 1347 1466 1410 et

304 1484 361 1551 per
384 1461 490 1530 fideles
514 1463 724 1529 internuntios
748 1481 846 1548 aeque
869 1463 1031 1530 conditum
1054 1481 1123 1530 esse
1146 1467 1284 1545 constet,
1313 1460 1466 1547 idipsum

303 1600 429 1666 semper
450 1599 603 1646 renovare
626 1580 666 1644 ad
695 1580 846 1663 invicem,
877 1580 955 1645 satis
983 1578 1197 1646 necessarium
1227 1576 1387 1658 ducimus3
1415 1575 1467 1642 hoc

304 1701 367 1763 est:
395 1701 432 1762 ut
461 1701 588 1762 mutuae
615 1714 674 1781 pro
703 1694 793 1761 nobis
823 1694 986 1779 notrisque
1014 1700 1046 1761 et
1073 1694 1126 1760 hic
1148 1693 1326 1760 viventibus
1350 1698 1383 1759 et
1402 1691 1468 1756 hinc

303 1811 481 1879 obientibus
509 1810 779 1896 interpellationes
808 1811 985 1877 orationes*
1008 1811 1240 1895 missarumque
1267 1807 1410 1875 remedia
1433 1804 1468 1870 ad

302 1930 462 1995 viventem
485 1925 590 1993 Deum
619 1931 651 1992 et
673 1926 809 1993 iudicem
832 1927 974 1993 omnium
997 1923 1183 2013 suppliciter
1208 1930 1358 2008 agantur,
1387 1923 1469 1988 iuxta

303 2044 476 2133 apostolica
508 2042 651 2108 monita:
693 2042 789 2108 Orate
815 2042 925 2126 inquid
951 2065 1015 2130 pro
1042 2046 1192 2123 invisent,
1227 2054 1262 2106 at
1288 2031 1469 2105 solvente?

302 2159 433 2246 reliqua.
473 2157 541 2226 Hoc
563 2159 648 2224 enim
671 2157 764 2223 modo
788 2156 880 2224 nobis
903 2157 1043 2224 divinam
1067 2157 1267 2225 clementium
1289 2155 1470 2241 conplacare

302 2276 511 2358 dinoscimur,
548 2272 714 2340 offerentes
743 2273 773 2339 ei
802 2273 980 2339 orationum
1007 2294 1088 2360 pura
1113 2273 1283 2352 libamine3
1313 2271 1362 2338 sic
1387 2269 1470 2338 nobis

303 2392 435 2459 eandem
468 2395 708 2477 prosperantem
743 2390 938 2456 inveniemus
973 2389 1007 2454 in
1040 2387 1190 2456 adversis.
1242 2387 1390 2472 Etenim,
1422 2383 1472 2452 ubi

302 2507 432 2573 Domini
458 2507 549 2572 iuxta
575 2506 676 2592 ipsius
703 2506 861 2592 promissa
888 2509 1014 2592 praesto
1045 2509 1094 2572 est
1122 2503 1329 2588 adiutorium,
1366 2507 1473 2570 cuneta

301 2624 430 2708 fugator
458 2621 669 2706 malignorum
699 2621 883 2688 adversitas.
931 2620 1002 2709 lpse
1031 2621 1116 2688 enim
1144 2619 1241 2685 dixit:
1278 2619 1318 2686 St
1348 2623 1412 2686 duo
1440 2643 1473 2684 ee

302 2742 389 2808 cubio
417 2742 628 2805 commorunt
654 2761 750 2824 super
775 2751 891 2804 tearum
914 2740 952 2803 de
975 2741 1062 2803 omni
1082 2758 1127 2817 re,
1153 2734 1401 2824 qecceraceuaquul
1419 2757 1472 2822 pe·

303 2861 419 2937 terim,
435 2857 493 2940 fiet
514 2855 580 2920 illes
603 2879 624 2918 u
645 2867 737 2941 putre
759 2876 842 2935 meo,
867 2857 981 2940 quiin
1004 2855 1077 2918 celet
1101 2847 1170 2918 αι’.

393 2970 462 3038 Hoc
476 2970 561 3037 enim
577 2969 684 3052 sagaci
706 2969 847 3035 sollertia
869 2968 1040 3035 studiosius
1063 2968 1133 3035 ideo
1157 2967 1313 3052 egendum
1337 2985 1409 3034 esse
1430 2967 1474 3032 iu·

303 3088 455 3170 dicamus,
480 3087 580 3172 quia⁸,
604 3085 694 3150 iuxta
717 3084 891 3172 apostolice
912 3085 1069 3170 presagio,
1091 3084 1213 3151 instant
1233 3102 1317 3150 nunc
1332 3089 1476 3171 tempore

287 3199 498 3290 ,periculosa‘
521 3201 708 3286 etreliqua,
732 3221 812 3286 quae
834 3201 903 3287 ipse
926 3201 960 3266 in
983 3201 1091 3267 eadem
1115 3200 1316 3286 prosequitur
1331 3199 1474 3286 epistole

303 3318 347 3385 Et
369 3318 443 3403 quia
465 3337 528 3385 non
552 3323 600 3384 est
622 3337 716 3405 opus,
748 3317 885 3383 scribere
906 3317 996 3383 vobis
1019 3317 1058 3382 de
1081 3315 1291 3382 exterioribus
1313 3316 1477 3382 aelamita-

305 3440 374 3500 tum
395 3434 583 3518 incursibus,
607 3453 685 3519 ques
708 3435 889 3518 frequenter
911 3438 947 3499 ut
968 3452 1039 3499 reor
1061 3432 1150 3518 pessi
1172 3432 1258 3515 estis,
1281 3431 1314 3498 id
1335 3439 1389 3500 est
1409 3451 1477 3519 per-

305 3548 518 3616 sedationibus
540 3550 662 3636 rapinis
685 3549 765 3616 odiis
789 3555 821 3616 et
843 3549 1000 3616 scandalis
1024 3548 1125 3616 ethis
1146 3548 1313 3630 similibus,
1333 3553 1478 3616 ceterum

305 3664 397 3730 eceel
420 3685 514 3749 quem
537 3665 683 3751 plurimis
707 3665 741 3732 in
763 3665 841 3732 locis
864 3665 1055 3732 christianae
1078 3663 1239 3748 religionis
1255 3663 1363 3732 valide
1378 3669 1478 3732 staua

305 3779 446 3861 vacillet3
477 3780 551 3846 dum
574 3801 656 3867 pene
678 3780 815 3867 undique
836 3782 975 3849 exterius
996 3781 1169 3848 interiusve
1195 3801 1302 3847 rerum
1330 3780 1479 3847 ecclesie·

304 3895 456 3963 sticarum
477 3895 679 3981 perturbetur
694 3896 781 3982 ordo,
804 3897 1061 3981 novellarumque
1080 3897 1357 3964 conversationum
1382 3915 1480 3984 prave

302 4011 419 4097 ubique
442 4031 522 4098 pene
546 4017 746 4079 succrescunt
769 4017 898 4080 sectea‘.
934 4012 999 4080 Nec
1022 4013 1155 4097 mirum,
1180 4012 1271 4096 dum,
1294 4019 1370 4099 post
1394 4013 1480 4080 vide-

376 4176 398 4208 ι
417 4161 540 4219 erutiones,
557 4163 671 4210 orationes
689 4163 717 4210 V.
800 4161 822 4208 b.
843 4176 984 4223 quecumque
1003 4165 1030 4211 V.
1113 4176 1133 4210 c.
1154 4163 1193 4222 qni
1212 4164 1240 4209 V.
1320 4163 1342 4209 d
1367 4167 1394 4209 et
1409 4176 1437 4210 ce
1454 4162 1481 4208 V.

303 4256 323 4288 e.
344 4244 434 4289 saache
453 4242 480 4288 7.

375 4322 401 4374 1.
425 4318 522 4374 rhus.
539 4319 562 4389 1,
575 4321 600 4374 a.
613 4319 639 4373 s.
712 4317 948 4388 2.1ecob.o,1e.
1020 4319 1282 4388 ontearum.
1354 4321 1383 4375 4.
1406 4319 1481 4374 nru-

228 4433 231 4440 ·
305 4405 427 4478 moth.3‚
442 4408 466 4461 1.
