3144 4852
320 319 400 366 vrrs
423 317 578 366 sancum
599 316 860 366 momemcom
881 315 1080 366 aroannam
1216 297 1282 366 oct

113 477 186 526 suos
208 479 230 524 a
250 479 284 526 sa
304 459 517 542 diremisset·;
541 458 675 544 aliiqua'
691 459 731 526 dc
753 458 918 526 altitudine
932 459 1067 526 turrium
1082 460 1117 525 in
1132 470 1281 547 preceps·
1309 467 1380 522 1160

113 574 168 642 aiii
190 575 223 640 in
247 596 358 642 manns
381 576 517 642 hostium
541 595 576 642 sa
593 575 787 657 dedissenti,
812 580 905 660 atque
929 575 983 641 aiii
1005 576 1089 642 irent
1110 575 1157 642 sic
1179 581 1212 642 et
1228 574 1282 642 aiii
1299 540 1389 588 Μ

114 691 175 772 uio;
203 693 416 778 conspiciens,
444 711 478 758 ss
504 692 572 758 iore
594 691 628 758 in
650 691 754 758 madio
777 691 975 758 flammarum
999 711 1069 758 cnm
1092 692 1190 758 fratre
1213 711 1282 775 ger-

113 827 208 874 mano
231 808 364 875 Dudona
395 807 593 890 derelictum3
623 807 669 874 ait
697 807 737 874 ad
765 808 895 874 tetram
924 827 1015 874 sunm
1041 806 1227 874 lacrimabili
1251 812 1283 874 et

113 922 257 1000 luctuosa
279 943 370 990 voce:
394 925 510 990 Frater
531 923 650 1007 inquit·
675 926 820 990 dominae
843 924 943 1004 Deae,
968 927 1025 1010 pai
1046 925 1216 990 acuamus
1239 937 1284 992 oet

114 1043 149 1108 ire
179 1043 317 1106 consiliio
346 1054 375 1106 ct
402 1044 459 1127 qui
488 1044 593 1106 omnic
622 1043 791 1105 necandum
820 1063 910 1106 cuam
938 1042 1080 1127 diaponit
1107 1053 1135 1106 et
1157 1043 1284 1108 ordinat

114 1157 318 1238 voluntatem,
348 1160 392 1222 od
414 1158 495 1222 baruc
517 1159 711 1243 inpraealem
728 1154 1017 1242 perturbatioacm'
1038 1157 1138 1222 voluit
1158 1180 1207 1222 rore
1228 1179 1282 1222 rae-

115 1276 287 1340 ceecitotem
310 1275 531 1360 propeccatis
555 1275 629 1338 meis
653 1275 812 1338 deducere.
848 1273 892 1338 Et
914 1297 1007 1354 aare,
1033 1273 1110 1338 buc⁶
1133 1275 1168 1337 ira
1190 1275 1283 1338 certi-

112 1392 188 1475 piroe
214 1412 336 1470 reram,
367 1402 436 1454 arto
463 1391 628 1476 procinctu
657 1391 751 1468 scm,
784 1389 986 1474 bcne'pnitats'e
1008 1411 1063 1454 eae
1082 1391 1282 1475 presentiam,

116 1503 195 1592 quo*
211 1509 279 1592 ipse
295 1505 358 1586 (me
373 1504 510 1586 eccard)
526 1507 687 1590 deputatur,
703 1506 793 1570 odire
807 1505 986 1591 compellor,
1009 1503 1118 1570 rotildek
1131 1507 1282 1591 peniteas,

116 1623 202 1708 qood
225 1622 284 1688 tibi
304 1623 352 1688 aii
375 1623 450 1688 boui
470 1625 505 1686 ic
528 1623 593 1686 uita
615 1643 694 1700 mea,
718 1625 799 1686 sicut
812 1623 913 1707 potui,
927 1620 1073 1705 fecerim
1110 1619 1175 1686 Sed
1189 1643 1285 1707 parce

114 1739 194 1804 mibi
215 1738 254 1804 et¹
268 1733 350 1804 bdnc
372 1760 489 1804 nocam
512 1749 549 1816 et,
575 1738 727 1822 quicquid
748 1740 783 1801 ire
804 1745 856 1801 te⁰
870 1739 1009 1822 peccori,
1032 1739 1168 1812 rernitte5
1190 1739 1283 1802 retri-

115 1854 252 1940 cumque
280 1855 339 1920 tibi
365 1856 559 1940 omnipoteni
581 1851 671 1916 Deru
692 1853 878 1936 fidelitatem
901 1865 929 1918 et
951 1853 1145 1918 dilectionem
1157 1851 1283 1936 froter-

115 1993 206 2051 aum,
238 1992 335 2055 pacm
362 1969 442 2034 mibi
468 1971 511 2033 ad
538 1971 633 2033 boum
661 1969 829 2034 articulum
856 1990 954 2053 nepae
982 1970 1123 2032 amacii.
1213 1968 1284 2054 Epo

117 2088 215 2166 rado,
244 2098 279 2151 ul
307 2085 396 2152 Deua
426 2084 505 2149 mibi
532 2086 705 2170 diepooait,
741 2085 785 2148 ad
811 2097 941 2150 mortem
970 2096 998 2148 ct
1025 2085 1068 2148 ad
1092 2086 1284 2160 martirium

117 2205 232 2283 emmo,
263 2204 349 2288 qaod
378 2201 532 2286 eucrilepc
560 2223 672 2264 manaa
695 2201 956 2285 Mopuratirrorum
977 2207 1045 2264 me⁰
1067 2221 1131 2264 reon
1154 2200 1287 2266 dimittet

117 2321 229 2384 civero.
259 2317 324 2384 Sed
346 2330 432 2384 tanto
454 2321 555 2405 caepio
579 2339 685 2384 coram
699 2316 769 2381 Dec
793 2337 845 2382 cro
869 2317 1006 2396 liberior,
1032 2327 1149 2401 pacato
1171 2319 1284 2400 alapia,

118 2457 189 2500 oum
211 2435 408 2518 adjecerim
431 2435 593 2521 ooprtole⁰,
623 2433 773 2500 mulctae
796 2435 966 2512 laetitiam,
991 2432 1030 2496 ab
1053 2433 1161 2518 irreptio
1184 2431 1286 2497 bomi-

118 2551 210 2616 rribue
234 2552 359 2616 occidor
380 2553 590 2638 bedemprrior.
677 2549 729 2614 Ne
741 2548 833 2633 forte
855 2569 928 2634 erpo
950 2549 1130 2613 incendium
1151 2549 1237 2613 istud
1259 2561 1287 2614 te

118 2679 242 2754 rporte
264 2679 425 2732 concamac
447 2680 474 2732 et
497 2678 624 2753 decerpet
644 2687 773 2744 mecum,
787 2665 912 2749 scebro
934 2675 963 2728 et
983 2684 1064 2748 rope
1086 2665 1125 2728 ab
1149 2664 1287 2728 bortibae

117 2784 384 2859 raemicordiaw
409 2784 674 2867 committerioqae
691 2782 885 2859 birrebricoai,
902 2779 974 2862 filio
991 2779 1141 2864 Menpoti
1178 2779 1288 2844 Niobil

119 2901 202 2966 enim
223 2921 364 2985 unquam
386 2902 472 2985 ipeoe
496 2898 610 2974 herem
631 2900 687 2962 ced
708 2901 887 2962 innocenter
909 2917 979 2960 cum
1002 2897 1045 2960 eis
1068 2916 1099 2958 ee
1122 2917 1286 2960 convasa-

118 3028 168 3080 ιω
190 3019 226 3082 ic
248 3017 331 3082 diem
353 3015 443 3080 benc.
535 3012 676 3096 Cumque
697 3011 752 3078 ilie
774 3011 971 3078 amanssima
992 3007 1083 3076 tieret
1105 3013 1152 3092 ot,
1180 3029 1287 3076 secum

118 3131 200 3198 mori
228 3149 333 3198 secum
362 3130 469 3198 vivere
497 3134 529 3196 at
556 3128 661 3214 ipsum
689 3147 850 3211 nunquam
879 3126 1024 3192 deserere
1051 3124 1158 3209 veliet
1186 3125 1289 3192 muita

119 3247 298 3312 constantia
326 3247 553 3328 obtestaretur,
589 3243 642 3310 vix
673 3249 791 3311 tomen*
819 3241 927 3308 multis
958 3239 1083 3308 fletibus
1111 3241 1216 3328 ipsum
1247 3241 1287 3308 ad

119 3361 297 3430 abeundum
321 3361 481 3450 compulit
516 3359 780 3428 inenarrabilibus
804 3379 878 3442 argo
891 3357 1016 3424 fletibus
1032 3357 1177 3444 suspiriis
1193 3363 1287 3442 atque

119 3477 309 3562 singultibus
338 3478 533 3563 abscedens',
564 3479 603 3546 ad
632 3482 722 3564 porte
749 3475 847 3542 limen
874 3475 960 3540 intus
988 3473 1027 3540 da
1055 3473 1136 3540 turri
1158 3493 1287 3560 progre-

119 3594 225 3679 diens,
248 3593 468 3662 Embriconem
494 3601 619 3678 encrat,
643 3599 679 3660 ut
699 3591 894 3659 liberationis
917 3590 1203 3677 suppeditationem
1226 3589 1288 3657 sibi

119 3715 285 3798 prestaret.
376 3710 471 3777 Tum·
493 3711 561 3778 iiic:
587 3711 684 3778 Valde
706 3708 809 3794 inquit
831 3709 970 3788 libenter,
988 3685 1110 3774 'domne
1124 3707 1234 3788 Dodo,
1259 3720 1288 3774 tc

119 3828 241 3894 ealcum
268 3830 404 3914 recipio,·
434 3831 513 3894 cerri.
604 3825 716 3892 Gladio
744 3825 841 3908 igitur
868 3823 1019 3910 potestati
1048 3842 1104 3888 suc
1131 3826 1287 3908 porrecto,

120 3941 195 4010 aclis
218 3942 310 4008 lineis
334 3941 500 4009 dumtaxat
521 3949 554 4009 ct
575 3942 674 4009 ocreis
697 3947 733 4007 nt
754 3944 824 4008 erat
843 3939 999 4022 amictus,
1023 3938 1133 4004 dextm
1148 3937 1287 4002 inheret·

192 4127 211 4159 a
235 4111 360 4159 dirimionet
375 4114 396 4157 1.
458 4109 481 4157 b.
502 4110 540 4157 ulii
557 4124 582 4157 se
595 4113 614 4156 1.
676 4123 696 4156 c.
714 4110 738 4156 in
754 4121 850 4168 preceps
866 4110 941 4155 osai.
1004 4107 1070 4154 din
1084 4117 1179 4166 preceps
1196 4105 1253 4150 odd.
1264 4105 1286 4151 1.

120 4209 139 4240 a.
162 4195 239 4238 aad.
300 4189 316 4238 i.
336 4191 532 4252 perturbacionem
545 4192 566 4246 1,
583 4193 672 4236 cornia
689 4189 882 4250 perturbationum
894 4189 915 4234 t.
977 4201 998 4245 g.
1017 4186 1108 4232 hanel.
1169 4184 1193 4231 ir,
1209 4187 1286 4244 quat.

119 4274 135 4320 i
157 4287 194 4319 me
209 4285 290 4318 vocare
307 4273 398 4318 addidi.
476 4271 499 4318 k.
519 4284 554 4317 ms
571 4271 628 4316 add.
646 4271 667 4316 1.
744 4269 760 4315 i.
781 4267 810 4315 ad
827 4271 848 4314 1.
926 4281 955 4314 m.
976 4267 999 4313 in
1014 4269 1038 4312 te
1054 4283 1097 4312 om.
1114 4267 1135 4312 2.
1208 4278 1230 4310 n.
1250 4277 1287 4310 me

119 4353 212 4400 addidi.
279 4365 301 4398 o.
321 4352 418 4412 capitale
433 4354 569 4412 rcrtpripro
585 4349 631 4396 tria
648 4352 669 4406 1,
686 4351 708 4396 2.
773 4363 796 4408 p.
816 4348 886 4394 veliet
900 4349 922 4394 t.
989 4360 1011 4406 q.
1033 4347 1081 4392 tum
1097 4345 1119 4392 t.
1182 4357 1200 4390 r.
1222 4355 1286 4391 acce-

119 4433 215 4480 denst.
280 4431 413 4478 nonunt.
475 4431 665 4478 taccinctmt.
727 4427 915 4476 uiuhereml.
