3110 4844
341 275 368 326 s.
385 275 562 326 normann
584 278 629 324 nu
650 277 753 326 uuum
776 277 962 326 nrrsrousrr
986 278 1031 325 ros
1205 261 1271 330 263

107 423 243 502 umque·
263 418 424 502 egregium
449 417 567 486 Christi
590 418 724 486 militem
748 439 820 486 oum
842 419 952 486 multis
974 419 1054 487 bene
1077 419 1218 490 educatis
1240 429 1272 490 et

105 533 217 620 optime
239 533 402 602 instrumis
425 534 589 622 discipulis
611 555 689 620 gens
711 534 889 619 Auglorum
912 536 1034 602 aduena
1055 535 1091 602 eb
1112 534 1273 604 Brittania

104 650 214 716 meruit
236 649 343 736 palam
366 650 512 718 omnibns
535 651 576 718 ad
598 651 757 738 spiritales
781 671 897 735 agones
920 655 953 718 et
972 650 1013 717 ad
1027 650 1199 718 multarum
1213 673 1272 739 per

102 764 156 832 Dei
186 766 414 853 omnipotentis
449 767 586 850 gratiam
622 766 757 835 salutm
787 767 966 834 animarum
995 766 1034 833 dc
1064 787 1133 834 sese
1162 767 1272 854 procul

1334 401 1518 486 uee'

1280 505 1440 552 nonnemo

101 881 300 948 laudabiliter
334 883 492 965 emittere3
527 889 563 949 ut
595 881 688 968 longe
723 883 848 968 lateque
875 882 1088 950 ferocissimas
1116 883 1271 969 nationes,
1369 929 1375 948 .

99 1018 152 1084 per
175 997 271 1065 devia
293 998 411 1066 diutius
434 1003 593 1084 errantes,
621 998 660 1066 de
682 999 749 1067 lata
771 1019 808 1066 ac
830 999 973 1085 spatiosa
994 998 1144 1083 voragine
1166 999 1272 1086 perdi-

100 1114 193 1180 tionis
223 1119 396 1201 perpetuae
423 1113 463 1180 ad
493 1112 696 1202 splendifluas
724 1114 853 1182 semitas
882 1134 1037 1201 supernae
1068 1115 1192 1201 patriae
1214 1135 1273 1202 per

99 1249 206 1296 acrae
230 1229 459 1298 exhortationis
482 1231 688 1298 incitamenta
710 1235 743 1298 et
764 1251 822 1318 per
845 1231 991 1318 exempla
1012 1231 1141 1318 pietatis
1165 1250 1202 1298 ac
1216 1231 1273 1298 bo-

98 1346 207 1412 uitatis
230 1345 299 1432 ipse
323 1345 433 1414 ductor
456 1351 488 1414 ct
509 1347 655 1432 signiter,
685 1347 897 1414 antecedendo
920 1351 953 1414 et
976 1347 1109 1414 advorsa
1132 1367 1273 1433 quaeque

98 1461 276 1548 opitulante
299 1459 367 1529 Deo
387 1462 512 1530 fortiter
535 1464 761 1550 expugnando,
783 1462 918 1530 feliciter
939 1463 1135 1549 perduceret
1182 1461 1273 1542 Quod

98 1578 139 1644 ita
169 1577 357 1644 actitatum⁶
386 1577 542 1646 veraciter
572 1579 656 1646 ferol
687 1579 783 1645 otiam
812 1599 919 1645 rerum
947 1577 1076 1646 effeetus
1104 1578 1272 1664 gloriosius

97 1714 193 1780 quam
216 1693 303 1762 dicta
325 1693 552 1779 demonstrant,
576 1699 608 1762 et
630 1695 663 1760 in
686 1693 750 1760 illis
767 1715 890 1781 quoque
904 1694 993 1780 locis,
1017 1715 1095 1780 quos
1111 1701 1184 1762 ante
1200 1715 1273 1761 cum

96 1810 204 1878 nullus
241 1809 409 1896 aliquando
438 1809 678 1895 euangelizandi
706 1830 803 1877 causa
831 1811 940 1878 doctor
969 1809 1057 1878 adire
1084 1810 1271 1897 temptabat.

97 1925 188 1994 Unde
210 1926 309 2010 igitur
325 1932 456 2013 -post
476 1926 724 2013 incomparabile
746 1931 813 1993 toto
836 1926 912 1994 orbe
935 1925 1126 2013 apostolicae
1147 1925 1273 1994 electio-

95 2043 144 2110 nis
176 2048 210 2109 et
238 2042 362 2108 numeri
390 2043 577 2128 mysterium
607 2041 803 2128 aliorumque
831 2048 906 2110 tuno
934 2042 1086 2130 temporis
1114 2041 1273 2126 euangeli-

97 2159 241 2225 zantium
271 2158 497 2244 discipulorum
520 2157 639 2224 Christi
667 2159 880 2226 ministerium
903 2193 944 2204 —
969 2159 1053 2225 buno
1080 2159 1163 2226 inter
1186 2177 1274 2242 egre·

96 2276 185 2359 glos·
209 2279 243 2342 et
272 2273 409 2360 optimos
438 2273 632 2342 orthodoxae
661 2272 734 2342 fidei
757 2275 900 2342 doctores
924 2280 956 2342 ot
978 2273 1156 2342 amabiliter
1178 2274 1274 2342 habe-

94 2389 183 2458 mus'
206 2395 240 2457 et
261 2388 463 2457 laudabiliter
484 2409 683 2457 veneramur.

186 2505 279 2574 Unde
301 2507 336 2572 in
358 2505 496 2590 generali
520 2506 640 2592 synodo
664 2511 828 2572 nostra-
848 2505 903 2572 ubi
926 2506 1019 2574 etde
1042 2505 1155 2574 ceteris
1171 2505 1273 2572 omni·

95 2622 171 2708 bus,
201 2641 284 2707 quaa
305 2627 429 2690 vestrae
452 2621 545 2688 modo
569 2622 730 2688 sanctitati
753 2623 863 2709 paucis
886 2621 1120 2707 depromimus,
1148 2619 1273 2708 plenius

96 2739 181 2806 inter
204 2758 264 2804 nos
288 2738 525 2806 conferebamus
547 2773 588 2784 -
612 2738 679 2805 eius
703 2735 805 2805 diem¹
827 2737 968 2805 natalicii
990 2736 1139 2823 illiusque
1162 2737 1272 2804 cobor-

96 2855 137 2921 tis
168 2874 244 2922 cum
266 2874 303 2921 co
326 2855 562 2942 martyrizantis
585 2854 782 2921 insinuantes
806 2853 974 2920 statuimus
998 2873 1103 2920 annua
1124 2851 1272 2939 frequen·

96 2973 220 3038 tatione
243 2969 437 3038 sollemniter
458 2969 632 3052 celebrare;
656 2974 765 3056 utpote
786 2989 879 3056 quem
899 2968 1079 3056 specialiter
1094 2968 1185 3036 nobis
1201 2989 1272 3035 cum

97 3087 191 3154 beato
215 3084 367 3170 Gregorio
397 3091 430 3153 et
450 3086 628 3171 Augustino
652 3091 685 3152 et
705 3090 875 3172 patronum
899 3084 1079 3171 quaerimus
1103 3089 1135 3152 et
1156 3083 1273 3168 babere

96 3202 316 3270 indubitanter
338 3202 494 3270 credimus
517 3222 623 3268 coram
645 3201 770 3268 Christo
794 3201 931 3285 domino,
955 3221 1048 3286 quem
1071 3201 1106 3266 iu
1128 3198 1195 3268 rita
1216 3220 1275 3266 sua

98 3338 227 3406 semper
250 3318 369 3385 amavit
391 3325 424 3384 et
445 3319 479 3385 iu
502 3323 621 3402 morte,
645 3322 681 3383 ut
703 3317 804 3404 ipsius
827 3317 944 3384 meruit
966 3317 1084 3402 gratia,
1108 3314 1274 3400 magnilice

97 3432 294 3501 clarificavit.

188 3549 358 3616 Praeterea
381 3549 508 3636 quippe,
533 3553 569 3615 ut
590 3547 803 3637 prediximus,
826 3553 951 3616 vestrae
973 3545 1108 3614 sollicite
1131 3545 1273 3634 speculu-

97 3667 195 3734 tionis
219 3684 328 3732 curam
358 3671 389 3732 et
417 3665 507 3750 quasi
534 3665 639 3732 taedio
669 3664 825 3732 absentati
852 3663 953 3750 patris
981 3662 1137 3747 familias,
1166 3666 1202 3728 ut
1227 3662 1275 3728 ita

99 3783 220 3866 dicam,
251 3780 482 3866 quodammodo
509 3781 684 3848 conlectam
712 3799 771 3848 noc
798 3798 862 3846 non
885 3783 917 3846 et
939 3779 1177 3864 generalitatem
1200 3777 1274 3846 sub-

100 3899 253 3966 iectorum
278 3897 366 3964 uobis
389 3917 551 3964 servorum
573 3897 634 3964 Dei
656 3896 798 3983 paternis
822 3893 968 3963 affatibus
990 3896 1201 3980 fraternisque
1224 3914 1274 3961 so·

100 4013 190 4082 laciis
217 4014 380 4082 relevare⁸
403 4018 434 4080 et
463 4012 639 4097 consolare,
670 4011 858 4098 ubicumque
891 4017 923 4078 et
944 4011 979 4078 in
1001 4030 1197 4098 quocumque
1219 4030 1274 4078 nc-

172 4205 193 4240 a
213 4195 307 4253 tumque
327 4191 354 4238 V.
416 4189 438 4236 b.
461 4191 582 4238 aaddtda'.
645 4203 665 4236 c.
687 4189 779 4236 actimm
799 4189 826 4236 V.
890 4187 984 4236 dflcri
1004 4189 1031 4236 V.
1093 4201 1112 4234 e.
1129 4185 1232 4246 ermrior
1246 4187 1274 4234 V.

104 4269 122 4316 l.
140 4274 237 4334 sequitur
252 4273 340 4318 luem
355 4279 438 4330 apum
453 4274 501 4328 sere
517 4273 640 4318 litterarum
656 4273 679 4316 in
698 4270 726 4316 7.
803 4281 824 4326 g.
845 4268 945 4316 revelare
963 4268 990 4315 V.

173 4377 198 4433 1.
222 4375 280 4432 de
298 4391 335 4430 rn.
353 4373 432 4430 lunii.
