<?xml version="1.0" encoding="UTF-8"?>
<!DOCTYPE html PUBLIC "-//W3C//DTD XHTML 1.0 Transitional//EN"
    "http://www.w3.org/TR/xhtml1/DTD/xhtml1-transitional.dtd">
<html xmlns="http://www.w3.org/1999/xhtml" xml:lang="en" lang="en">
 <head>
  <title>
</title>
<meta http-equiv="Content-Type" content="text/html;charset=utf-8" />
  <meta name='ocr-system' content='tesseract 3.04.00' />
  <meta name='ocr-capabilities' content='ocr_page ocr_carea ocr_par ocr_line ocrx_word'/>
</head>
<body>
  <div class='ocr_page' id='page_1' title='image "./bibliothecareru03jaffgoog_0074.png"; bbox 0 0 3142 4848; ppageno 0'>
   <div class='ocr_carea' id='block_1_1' title="bbox 308 263 1230 328">
    <p class='ocr_par' dir='ltr' id='par_1_1' title="bbox 308 263 1230 328">
     <span class='ocr_line' id='line_1_1' title="bbox 308 263 1230 328; baseline -0.004 0"><span class='ocrx_word' id='word_1_1' title='bbox 308 263 353 328; x_wconf 82' lang='lat'>54</span> <span class='ocrx_word' id='word_1_2' title='bbox 559 277 779 327; x_wconf 71' lang='lat' dir='ltr'>enormen</span> <span class='ocrx_word' id='word_1_3' title='bbox 800 277 844 324; x_wconf 86' lang='lat' dir='ltr'>nn</span> <span class='ocrx_word' id='word_1_4' title='bbox 866 277 969 324; x_wconf 81' lang='lat' dir='ltr'>nnrnn</span> <span class='ocrx_word' id='word_1_5' title='bbox 989 275 1177 324; x_wconf 75' lang='lat' dir='ltr'>nrrsronsn</span> <span class='ocrx_word' id='word_1_6' title='bbox 1200 276 1230 324; x_wconf 83' lang='lat' dir='ltr'>uo</span> 
     </span>
    </p>
   </div>
   <div class='ocr_carea' id='block_1_2' title="bbox 150 409 1490 4092">
    <p class='ocr_par' dir='ltr' id='par_1_2' title="bbox 150 409 1472 968">
     <span class='ocr_line' id='line_1_2' title="bbox 150 409 1470 507; baseline 0.002 -25"><span class='ocrx_word' id='word_1_7' title='bbox 150 426 292 483; x_wconf 73' lang='lat' dir='ltr'>tlt-⁷18</span> <span class='ocrx_word' id='word_1_8' title='bbox 309 419 433 507; x_wconf 83' lang='lat' dir='ltr'>plenius</span> <span class='ocrx_word' id='word_1_9' title='bbox 455 417 678 505; x_wconf 80' lang='lat' dir='ltr'>liquidiusque,</span> <span class='ocrx_word' id='word_1_10' title='bbox 700 418 768 487; x_wconf 87' lang='lat' dir='ltr'>Deo</span> <span class='ocrx_word' id='word_1_11' title='bbox 786 417 999 505; x_wconf 73' lang='lat' dir='ltr'>patrocinium</span> <span class='ocrx_word' id='word_1_12' title='bbox 1015 409 1206 504; x_wconf 80' lang='lat' dir='ltr'>praestanto,</span> <span class='ocrx_word' id='word_1_13' title='bbox 1229 415 1362 505; x_wconf 90' lang='lat' dir='ltr'>implere</span> <span class='ocrx_word' id='word_1_14' title='bbox 1376 415 1470 484; x_wconf 82' lang='lat' dir='ltr'>valeo.</span> 
     </span>
     <span class='ocr_line' id='line_1_3' title="bbox 309 532 1472 622; baseline -0.002 -20"><span class='ocrx_word' id='word_1_15' title='bbox 309 536 390 615; x_wconf 82' lang='lat' dir='ltr'>Quia</span> <span class='ocrx_word' id='word_1_16' title='bbox 416 536 486 622; x_wconf 90' lang='lat' dir='ltr'>ipse</span> <span class='ocrx_word' id='word_1_17' title='bbox 509 555 581 601; x_wconf 91' lang='lat' dir='ltr'>cum</span> <span class='ocrx_word' id='word_1_18' title='bbox 610 555 708 621; x_wconf 87' lang='lat' dir='ltr'>supra</span> <span class='ocrx_word' id='word_1_19' title='bbox 737 534 821 600; x_wconf 90' lang='lat' dir='ltr'>dicto</span> <span class='ocrx_word' id='word_1_20' title='bbox 849 533 948 600; x_wconf 84' lang='lat' dir='ltr'>fratre</span> <span class='ocrx_word' id='word_1_21' title='bbox 975 533 1182 600; x_wconf 87' lang='lat' dir='ltr'>redivivo-</span> <span class='ocrx_word' id='word_1_22' title='bbox 1206 532 1282 600; x_wconf 90' lang='lat' dir='ltr'>dum</span> <span class='ocrx_word' id='word_1_23' title='bbox 1309 551 1412 619; x_wconf 83' lang='lat' dir='ltr'>nuper</span> <span class='ocrx_word' id='word_1_24' title='bbox 1437 533 1472 600; x_wconf 90' lang='lat' dir='ltr'>dc</span> 
     </span>
     <span class='ocr_line' id='line_1_4' title="bbox 310 647 1472 737; baseline -0.003 -19"><span class='ocrx_word' id='word_1_25' title='bbox 310 650 532 718; x_wconf 75' lang='lat' dir='ltr'>transmarinis</span> <span class='ocrx_word' id='word_1_26' title='bbox 555 649 698 737; x_wconf 90' lang='lat' dir='ltr'>partibus</span> <span class='ocrx_word' id='word_1_27' title='bbox 722 649 762 716; x_wconf 87' lang='lat' dir='ltr'>ad</span> <span class='ocrx_word' id='word_1_28' title='bbox 784 650 862 716; x_wconf 80' lang='lat' dir='ltr'>istas</span> <span class='ocrx_word' id='word_1_29' title='bbox 875 649 1022 736; x_wconf 82' lang='lat' dir='ltr'>pervenit</span> <span class='ocrx_word' id='word_1_30' title='bbox 1035 647 1179 732; x_wconf 80' lang='lat' dir='ltr'>regiones</span> <span class='ocrx_word' id='word_1_31' title='bbox 1195 685 1236 695; x_wconf 91' lang='lat'><strong>—</strong></span> <span class='ocrx_word' id='word_1_32' title='bbox 1252 648 1374 716; x_wconf 88' lang='lat' dir='ltr'>locutus</span> <span class='ocrx_word' id='word_1_33' title='bbox 1389 667 1472 730; x_wconf 89' lang='lat' dir='ltr'>snm;</span> 
     </span>
     <span class='ocr_line' id='line_1_5' title="bbox 309 765 1472 852; baseline -0.002 -19"><span class='ocrx_word' id='word_1_34' title='bbox 309 771 341 834; x_wconf 88' lang='lat' dir='ltr'>et</span> <span class='ocrx_word' id='word_1_35' title='bbox 363 765 416 832; x_wconf 89' lang='lat' dir='ltr'>ille</span> <span class='ocrx_word' id='word_1_36' title='bbox 439 765 518 832; x_wconf 91' lang='lat' dir='ltr'>mihi</span> <span class='ocrx_word' id='word_1_37' title='bbox 539 767 711 852; x_wconf 84' lang='lat' dir='ltr'>stupendas</span> <span class='ocrx_word' id='word_1_38' title='bbox 734 765 880 848; x_wconf 88' lang='lat' dir='ltr'>visiones,</span> <span class='ocrx_word' id='word_1_39' title='bbox 904 783 993 850; x_wconf 82' lang='lat' dir='ltr'>ques,</span> <span class='ocrx_word' id='word_1_40' title='bbox 1017 768 1108 831; x_wconf 84' lang='lat' dir='ltr'>extra</span> <span class='ocrx_word' id='word_1_41' title='bbox 1122 783 1236 852; x_wconf 89' lang='lat' dir='ltr'>corpus</span> <span class='ocrx_word' id='word_1_42' title='bbox 1250 784 1343 832; x_wconf 92' lang='lat' dir='ltr'>suurn</span> <span class='ocrx_word' id='word_1_43' title='bbox 1355 768 1472 851; x_wconf 87' lang='lat' dir='ltr'>raptus,</span> 
     </span>
     <span class='ocr_line' id='line_1_6' title="bbox 308 881 1095 968; baseline -0.003 -20"><span class='ocrx_word' id='word_1_44' title='bbox 308 881 342 948; x_wconf 94' lang='lat' dir='ltr'>in</span> <span class='ocrx_word' id='word_1_45' title='bbox 365 881 480 968; x_wconf 89' lang='lat' dir='ltr'>spiritu</span> <span class='ocrx_word' id='word_1_46' title='bbox 500 881 597 965; x_wconf 88' lang='lat' dir='ltr'>vidit,</span> <span class='ocrx_word' id='word_1_47' title='bbox 619 881 749 968; x_wconf 88' lang='lat' dir='ltr'>proprio</span> <span class='ocrx_word' id='word_1_48' title='bbox 773 881 919 967; x_wconf 86' lang='lat' dir='ltr'>exposuit</span> <span class='ocrx_word' id='word_1_49' title='bbox 942 899 1095 946; x_wconf 86' lang='lat' dir='ltr'>sermone.</span> 
     </span>
    </p>

    <p class='ocr_par' dir='ltr' id='par_1_3' title="bbox 308 993 1480 2471">
     <span class='ocr_line' id='line_1_7' title="bbox 397 993 1474 1084; baseline -0.002 -22"><span class='ocrx_word' id='word_1_50' title='bbox 397 995 532 1065; x_wconf 87' lang='lat' dir='ltr'>Dicebat</span> <span class='ocrx_word' id='word_1_51' title='bbox 555 999 690 1084; x_wconf 86' lang='lat' dir='ltr'>quippe,</span> <span class='ocrx_word' id='word_1_52' title='bbox 715 1016 749 1063; x_wconf 88' lang='lat' dir='ltr'>ss</span> <span class='ocrx_word' id='word_1_53' title='bbox 771 1006 846 1082; x_wconf 86' lang='lat' dir='ltr'>par·</span> <span class='ocrx_word' id='word_1_54' title='bbox 867 995 1014 1062; x_wconf 81' lang='lat' dir='ltr'>violentis</span> <span class='ocrx_word' id='word_1_55' title='bbox 1037 994 1224 1078; x_wconf 79' lang='lat' dir='ltr'>egritudinis</span> <span class='ocrx_word' id='word_1_56' title='bbox 1247 993 1387 1062; x_wconf 87' lang='lat' dir='ltr'>dolorem</span> <span class='ocrx_word' id='word_1_57' title='bbox 1409 1013 1474 1061; x_wconf 89' lang='lat' dir='ltr'>cor·</span> 
     </span>
     <span class='ocr_line' id='line_1_8' title="bbox 308 1108 1475 1198; baseline 0 -22"><span class='ocrx_word' id='word_1_58' title='bbox 308 1111 396 1198; x_wconf 92' lang='lat' dir='ltr'>poris</span> <span class='ocrx_word' id='word_1_59' title='bbox 419 1111 608 1194; x_wconf 74' lang='lat' dir='ltr'>gravedineb</span> <span class='ocrx_word' id='word_1_60' title='bbox 631 1112 735 1178; x_wconf 89' lang='lat' dir='ltr'>subito</span> <span class='ocrx_word' id='word_1_61' title='bbox 758 1116 888 1178; x_wconf 75' lang='lat' dir='ltr'>cxnmm</span> <span class='ocrx_word' id='word_1_62' title='bbox 910 1111 1017 1178; x_wconf 86' lang='lat' dir='ltr'>luisse.</span> <span class='ocrx_word' id='word_1_63' title='bbox 1051 1110 1093 1176; x_wconf 88' lang='lat' dir='ltr'>Et</span> <span class='ocrx_word' id='word_1_64' title='bbox 1114 1109 1310 1176; x_wconf 88' lang='lat' dir='ltr'>simillimum</span> <span class='ocrx_word' id='word_1_65' title='bbox 1332 1129 1400 1176; x_wconf 87' lang='lat' dir='ltr'>esse</span> <span class='ocrx_word' id='word_1_66' title='bbox 1415 1108 1475 1176; x_wconf 92' lang='lat' dir='ltr'>col·</span> 
     </span>
     <span class='ocr_line' id='line_1_9' title="bbox 308 1224 1475 1312; baseline -0.003 -19"><span class='ocrx_word' id='word_1_67' title='bbox 308 1226 437 1312; x_wconf 88' lang='lat' dir='ltr'>latione,</span> <span class='ocrx_word' id='word_1_68' title='bbox 462 1226 560 1294; x_wconf 84' lang='lat' dir='ltr'>voluti</span> <span class='ocrx_word' id='word_1_69' title='bbox 583 1227 611 1293; x_wconf 93' lang='lat' dir='ltr'>si</span> <span class='ocrx_word' id='word_1_70' title='bbox 633 1227 769 1294; x_wconf 86' lang='lat' dir='ltr'>videntis</span> <span class='ocrx_word' id='word_1_71' title='bbox 792 1231 825 1293; x_wconf 86' lang='lat' dir='ltr'>et</span> <span class='ocrx_word' id='word_1_72' title='bbox 845 1227 1006 1311; x_wconf 86' lang='lat' dir='ltr'>vigilantis</span> <span class='ocrx_word' id='word_1_73' title='bbox 1029 1226 1165 1292; x_wconf 89' lang='lat' dir='ltr'>hominis</span> <span class='ocrx_word' id='word_1_74' title='bbox 1187 1224 1270 1292; x_wconf 90' lang='lat' dir='ltr'>oculi</span> <span class='ocrx_word' id='word_1_75' title='bbox 1292 1225 1475 1292; x_wconf 86' lang='lat' dir='ltr'>densissimo</span> 
     </span>
     <span class='ocr_line' id='line_1_10' title="bbox 310 1341 1477 1427; baseline -0.002 -19"><span class='ocrx_word' id='word_1_76' title='bbox 310 1343 448 1426; x_wconf 80' lang='lat' dir='ltr'>tegmine</span> <span class='ocrx_word' id='word_1_77' title='bbox 470 1343 630 1424; x_wconf 87' lang='lat' dir='ltr'>velentur;</span> <span class='ocrx_word' id='word_1_78' title='bbox 654 1347 687 1409; x_wconf 87' lang='lat' dir='ltr'>et</span> <span class='ocrx_word' id='word_1_79' title='bbox 702 1343 806 1410; x_wconf 89' lang='lat' dir='ltr'>subito</span> <span class='ocrx_word' id='word_1_80' title='bbox 823 1342 983 1408; x_wconf 86' lang='lat' dir='ltr'>auferatur</span> <span class='ocrx_word' id='word_1_81' title='bbox 998 1341 1152 1426; x_wconf 81' lang='lat' dir='ltr'>velamen,</span> <span class='ocrx_word' id='word_1_82' title='bbox 1176 1347 1207 1408; x_wconf 90' lang='lat' dir='ltr'>et</span> <span class='ocrx_word' id='word_1_83' title='bbox 1222 1346 1298 1406; x_wconf 89' lang='lat' dir='ltr'>tunc</span> <span class='ocrx_word' id='word_1_84' title='bbox 1312 1341 1477 1427; x_wconf 88' lang='lat' dir='ltr'>perspicua</span> 
     </span>
     <span class='ocr_line' id='line_1_11' title="bbox 310 1456 1475 1542; baseline -0.003 -17"><span class='ocrx_word' id='word_1_85' title='bbox 310 1457 375 1525; x_wconf 88' lang='lat' dir='ltr'>sint</span> <span class='ocrx_word' id='word_1_86' title='bbox 402 1457 525 1542; x_wconf 83' lang='lat' dir='ltr'>omnia,</span> <span class='ocrx_word' id='word_1_87' title='bbox 554 1477 634 1542; x_wconf 89' lang='lat' dir='ltr'>quae</span> <span class='ocrx_word' id='word_1_88' title='bbox 663 1463 774 1524; x_wconf 70' lang='lat' dir='ltr'>antea⁸</span> <span class='ocrx_word' id='word_1_89' title='bbox 797 1477 861 1524; x_wconf 93' lang='lat' dir='ltr'>non</span> <span class='ocrx_word' id='word_1_90' title='bbox 888 1457 957 1523; x_wconf 88' lang='lat' dir='ltr'>visa</span> <span class='ocrx_word' id='word_1_91' title='bbox 979 1461 1012 1524; x_wconf 86' lang='lat' dir='ltr'>et</span> <span class='ocrx_word' id='word_1_92' title='bbox 1032 1456 1137 1524; x_wconf 83' lang='lat' dir='ltr'>relata</span> <span class='ocrx_word' id='word_1_93' title='bbox 1159 1463 1192 1523; x_wconf 89' lang='lat' dir='ltr'>et</span> <span class='ocrx_word' id='word_1_94' title='bbox 1211 1457 1321 1540; x_wconf 78' lang='lat' dir='ltr'>ignota</span> <span class='ocrx_word' id='word_1_95' title='bbox 1340 1457 1475 1522; x_wconf 82' lang='lat' dir='ltr'>fuerunt</span> 
     </span>
     <span class='ocr_line' id='line_1_12' title="bbox 311 1572 1477 1658; baseline -0.003 -18"><span class='ocrx_word' id='word_1_96' title='bbox 311 1572 365 1641; x_wconf 89' lang='lat' dir='ltr'>Sic</span> <span class='ocrx_word' id='word_1_97' title='bbox 391 1573 468 1658; x_wconf 88' lang='lat' dir='ltr'>sibi,</span> <span class='ocrx_word' id='word_1_98' title='bbox 498 1573 618 1641; x_wconf 87' lang='lat' dir='ltr'>abiecto</span> <span class='ocrx_word' id='word_1_99' title='bbox 647 1572 809 1640; x_wconf 75' lang='lat' dir='ltr'>terrenaed</span> <span class='ocrx_word' id='word_1_100' title='bbox 842 1572 999 1639; x_wconf 79' lang='lat' dir='ltr'>uelamine</span> <span class='ocrx_word' id='word_1_101' title='bbox 1027 1572 1147 1657; x_wconf 86' lang='lat' dir='ltr'>carnis,</span> <span class='ocrx_word' id='word_1_102' title='bbox 1177 1577 1250 1639; x_wconf 86' lang='lat' dir='ltr'>ante</span> <span class='ocrx_word' id='word_1_103' title='bbox 1277 1576 1477 1658; x_wconf 88' lang='lat' dir='ltr'>conspectum</span> 
     </span>
     <span class='ocr_line' id='line_1_13' title="bbox 310 1688 1478 1774; baseline -0.003 -18"><span class='ocrx_word' id='word_1_104' title='bbox 310 1689 492 1756; x_wconf 87' lang='lat' dir='ltr'>universum</span> <span class='ocrx_word' id='word_1_105' title='bbox 515 1688 679 1756; x_wconf 87' lang='lat' dir='ltr'>collectum</span> <span class='ocrx_word' id='word_1_106' title='bbox 700 1689 798 1756; x_wconf 86' lang='lat' dir='ltr'>luisse</span> <span class='ocrx_word' id='word_1_107' title='bbox 820 1688 988 1755; x_wconf 87' lang='lat' dir='ltr'>mundum:</span> <span class='ocrx_word' id='word_1_108' title='bbox 1015 1693 1052 1754; x_wconf 89' lang='lat' dir='ltr'>ut</span> <span class='ocrx_word' id='word_1_109' title='bbox 1075 1693 1203 1754; x_wconf 88' lang='lat' dir='ltr'>cunctas</span> <span class='ocrx_word' id='word_1_110' title='bbox 1224 1693 1381 1754; x_wconf 87' lang='lat' dir='ltr'>terrarum</span> <span class='ocrx_word' id='word_1_111' title='bbox 1405 1706 1478 1774; x_wconf 88' lang='lat' dir='ltr'>par·</span> 
     </span>
     <span class='ocr_line' id='line_1_14' title="bbox 310 1801 1479 1892; baseline -0.002 -20"><span class='ocrx_word' id='word_1_112' title='bbox 310 1810 359 1872; x_wconf 88' lang='lat' dir='ltr'>tes</span> <span class='ocrx_word' id='word_1_113' title='bbox 387 1811 419 1872; x_wconf 87' lang='lat' dir='ltr'>et</span> <span class='ocrx_word' id='word_1_114' title='bbox 440 1804 574 1892; x_wconf 91' lang='lat' dir='ltr'>populos</span> <span class='ocrx_word' id='word_1_115' title='bbox 598 1809 631 1872; x_wconf 90' lang='lat' dir='ltr'>et</span> <span class='ocrx_word' id='word_1_116' title='bbox 651 1805 753 1870; x_wconf 87' lang='lat' dir='ltr'>maria</span> <span class='ocrx_word' id='word_1_117' title='bbox 774 1803 833 1871; x_wconf 88' lang='lat' dir='ltr'>sub</span> <span class='ocrx_word' id='word_1_118' title='bbox 854 1823 918 1870; x_wconf 92' lang='lat' dir='ltr'>uno</span> <span class='ocrx_word' id='word_1_119' title='bbox 942 1810 1070 1890; x_wconf 87' lang='lat' dir='ltr'>aspectu</span> <span class='ocrx_word' id='word_1_120' title='bbox 1094 1807 1304 1871; x_wconf 87' lang='lat' dir='ltr'>contueretur.</span> <span class='ocrx_word' id='word_1_121' title='bbox 1348 1801 1392 1869; x_wconf 88' lang='lat' dir='ltr'>Et</span> <span class='ocrx_word' id='word_1_122' title='bbox 1412 1807 1479 1870; x_wconf 84' lang='lat' dir='ltr'>tan</span> 
     </span>
     <span class='ocr_line' id='line_1_15' title="bbox 310 1917 1479 2007; baseline -0.003 -19"><span class='ocrx_word' id='word_1_123' title='bbox 310 1941 444 2005; x_wconf 79' lang='lat' dir='ltr'>magnae</span> <span class='ocrx_word' id='word_1_124' title='bbox 467 1920 621 1987; x_wconf 83' lang='lat' dir='ltr'>claritatis</span> <span class='ocrx_word' id='word_1_125' title='bbox 644 1926 676 1987; x_wconf 87' lang='lat' dir='ltr'>et</span> <span class='ocrx_word' id='word_1_126' title='bbox 698 1919 875 2007; x_wconf 88' lang='lat' dir='ltr'>splendoris</span> <span class='ocrx_word' id='word_1_127' title='bbox 899 1919 1026 2003; x_wconf 77' lang='lat' dir='ltr'>angelos</span> <span class='ocrx_word' id='word_1_128' title='bbox 1048 1939 1136 2004; x_wconf 83' lang='lat' dir='ltr'>oum,</span> <span class='ocrx_word' id='word_1_129' title='bbox 1166 1937 1328 2004; x_wconf 80' lang='lat' dir='ltr'>egressum</span> <span class='ocrx_word' id='word_1_130' title='bbox 1350 1917 1390 1986; x_wconf 92' lang='lat' dir='ltr'>de</span> <span class='ocrx_word' id='word_1_131' title='bbox 1412 1937 1479 1986; x_wconf 90' lang='lat' dir='ltr'>cor·</span> 
     </span>
     <span class='ocr_line' id='line_1_16' title="bbox 310 2033 1480 2124; baseline 0 -22"><span class='ocrx_word' id='word_1_132' title='bbox 310 2055 404 2124; x_wconf 86' lang='lat' dir='ltr'>pore,</span> <span class='ocrx_word' id='word_1_133' title='bbox 439 2036 631 2123; x_wconf 81' lang='lat' dir='ltr'>suscepisse,</span> <span class='ocrx_word' id='word_1_134' title='bbox 666 2041 703 2102; x_wconf 90' lang='lat' dir='ltr'>nt</span> <span class='ocrx_word' id='word_1_135' title='bbox 735 2035 915 2103; x_wconf 88' lang='lat' dir='ltr'>nullatanus</span> <span class='ocrx_word' id='word_1_136' title='bbox 948 2055 1006 2121; x_wconf 89' lang='lat' dir='ltr'>pro</span> <span class='ocrx_word' id='word_1_137' title='bbox 1037 2035 1136 2102; x_wconf 92' lang='lat' dir='ltr'>nimio</span> <span class='ocrx_word' id='word_1_138' title='bbox 1169 2033 1336 2122; x_wconf 88' lang='lat' dir='ltr'>splendore</span> <span class='ocrx_word' id='word_1_139' title='bbox 1364 2034 1399 2100; x_wconf 92' lang='lat' dir='ltr'>in</span> <span class='ocrx_word' id='word_1_140' title='bbox 1427 2053 1480 2102; x_wconf 87' lang='lat' dir='ltr'>eos</span> 
     </span>
     <span class='ocr_line' id='line_1_17' title="bbox 312 2149 1478 2238; baseline -0.002 -20"><span class='ocrx_word' id='word_1_141' title='bbox 312 2152 453 2238; x_wconf 87' lang='lat' dir='ltr'>aspicere</span> <span class='ocrx_word' id='word_1_142' title='bbox 480 2152 645 2238; x_wconf 79' lang='lat' dir='ltr'>potuisset.</span> <span class='ocrx_word' id='word_1_143' title='bbox 680 2151 741 2230; x_wconf 88' lang='lat' dir='ltr'>Qui</span> <span class='ocrx_word' id='word_1_144' title='bbox 768 2151 912 2218; x_wconf 85' lang='lat' dir='ltr'>iucundis</span> <span class='ocrx_word' id='word_1_145' title='bbox 935 2156 968 2216; x_wconf 87' lang='lat' dir='ltr'>st</span> <span class='ocrx_word' id='word_1_146' title='bbox 990 2151 1134 2217; x_wconf 89' lang='lat' dir='ltr'>consonis</span> <span class='ocrx_word' id='word_1_147' title='bbox 1157 2150 1286 2219; x_wconf 87' lang='lat' dir='ltr'>vocibus</span> <span class='ocrx_word' id='word_1_148' title='bbox 1308 2149 1478 2218; x_wconf 88' lang='lat' dir='ltr'>canebant:</span> 
     </span>
     <span class='ocr_line' id='line_1_18' title="bbox 311 2266 1480 2354; baseline -0.004 -19"><span class='ocrx_word' id='word_1_149' title='bbox 311 2269 467 2349; x_wconf 81' lang='lat' dir='ltr'>Domine,</span> <span class='ocrx_word' id='word_1_150' title='bbox 497 2289 537 2334; x_wconf 81' lang='lat' dir='ltr'>ree</span> <span class='ocrx_word' id='word_1_151' title='bbox 564 2271 599 2332; x_wconf 80' lang='lat' dir='ltr'>ire</span> <span class='ocrx_word' id='word_1_152' title='bbox 627 2271 679 2333; x_wconf 84' lang='lat' dir='ltr'>e&#39;rc</span> <span class='ocrx_word' id='word_1_153' title='bbox 707 2282 762 2336; x_wconf 73' lang='lat' dir='ltr'>oto</span> <span class='ocrx_word' id='word_1_154' title='bbox 790 2290 909 2354; x_wconf 77' lang='lat' dir='ltr'>crpccs</span> <span class='ocrx_word' id='word_1_155' title='bbox 931 2287 994 2350; x_wconf 82' lang='lat' dir='ltr'>me,</span> <span class='ocrx_word' id='word_1_156' title='bbox 1023 2289 1123 2353; x_wconf 80' lang='lat' dir='ltr'>neque</span> <span class='ocrx_word' id='word_1_157' title='bbox 1144 2269 1179 2332; x_wconf 76' lang='lat' dir='ltr'>eis</span> <span class='ocrx_word' id='word_1_158' title='bbox 1192 2266 1310 2353; x_wconf 82' lang='lat' dir='ltr'>furore</span> <span class='ocrx_word' id='word_1_159' title='bbox 1332 2279 1386 2334; x_wconf 78' lang='lat' dir='ltr'>tuo</span> <span class='ocrx_word' id='word_1_160' title='bbox 1410 2288 1480 2334; x_wconf 86' lang='lat' dir='ltr'>eor·</span> 
     </span>
     <span class='ocr_line' id='line_1_19' title="bbox 310 2379 511 2471; baseline -0.015 -21"><span class='ocrx_word' id='word_1_161' title='bbox 310 2388 414 2471; x_wconf 63' lang='lat' dir='ltr'>rspice</span> <span class='ocrx_word' id='word_1_162' title='bbox 436 2379 511 2450; x_wconf 86' lang='lat' dir='ltr'>mc¹.</span> 
     </span>
    </p>

    <p class='ocr_par' dir='ltr' id='par_1_4' title="bbox 305 2497 1488 3512">
     <span class='ocr_line' id='line_1_20' title="bbox 401 2497 1484 2566; baseline -0.001 0"><span class='ocrx_word' id='word_1_163' title='bbox 401 2501 447 2566; x_wconf 78' lang='lat' dir='ltr'>Et</span> <span class='ocrx_word' id='word_1_164' title='bbox 476 2499 682 2566; x_wconf 66' lang='lat' dir='ltr'>sodkoodcst</span> <span class='ocrx_word' id='word_1_165' title='bbox 707 2521 756 2564; x_wconf 84' lang='lat' dir='ltr'>me</span> <span class='ocrx_word' id='word_1_166' title='bbox 784 2537 826 2548; x_wconf 92' lang='grc'><strong>-</strong></span> <span class='ocrx_word' id='word_1_167' title='bbox 857 2497 938 2564; x_wconf 87' lang='lat' dir='ltr'>dixit</span> <span class='ocrx_word' id='word_1_168' title='bbox 961 2535 1002 2546; x_wconf 90' lang='lat'><em>—</em></span> <span class='ocrx_word' id='word_1_169' title='bbox 1026 2501 1062 2563; x_wconf 82' lang='lat' dir='ltr'>irs</span> <span class='ocrx_word' id='word_1_170' title='bbox 1089 2506 1182 2563; x_wconf 81' lang='lat' dir='ltr'>cero·</span> <span class='ocrx_word' id='word_1_171' title='bbox 1209 2520 1343 2564; x_wconf 73' lang='lat' dir='ltr'>acanus.</span> <span class='ocrx_word' id='word_1_172' title='bbox 1381 2498 1428 2565; x_wconf 73' lang='lat' dir='ltr'>lde</span> <span class='ocrx_word' id='word_1_173' title='bbox 1447 2499 1484 2565; x_wconf 62' lang='grc' dir='ltr'>ἐκ</span> 
     </span>
     <span class='ocr_line' id='line_1_21' title="bbox 312 2611 1483 2702; baseline -0.001 -20"><span class='ocrx_word' id='word_1_174' title='bbox 312 2618 447 2682; x_wconf 60' lang='lat' dir='ltr'>wecilo</span> <span class='ocrx_word' id='word_1_175' title='bbox 470 2619 564 2681; x_wconf 82' lang='lat' dir='ltr'>totius</span> <span class='ocrx_word' id='word_1_176' title='bbox 587 2618 700 2682; x_wconf 81' lang='lat' dir='ltr'>muudi</span> <span class='ocrx_word' id='word_1_177' title='bbox 720 2619 825 2702; x_wconf 52' lang='lat' dir='ltr'>deero</span> <span class='ocrx_word' id='word_1_178' title='bbox 846 2616 1006 2680; x_wconf 80' lang='lat' dir='ltr'>ardentem</span> <span class='ocrx_word' id='word_1_179' title='bbox 1027 2615 1171 2680; x_wconf 72' lang='lat' dir='ltr'>edebam</span> <span class='ocrx_word' id='word_1_180' title='bbox 1193 2611 1235 2681; x_wconf 81' lang='lat' dir='ltr'>et‘</span> <span class='ocrx_word' id='word_1_181' title='bbox 1248 2617 1416 2702; x_wconf 70' lang='lat' dir='ltr'>flumem</span> <span class='ocrx_word' id='word_1_182' title='bbox 1431 2619 1483 2682; x_wconf 74' lang='lat' dir='ltr'>ele·</span> 
     </span>
     <span class='ocr_line' id='line_1_22' title="bbox 311 2731 1483 2818; baseline 0.001 -22"><span class='ocrx_word' id='word_1_183' title='bbox 311 2753 436 2798; x_wconf 80' lang='lat' dir='ltr'>moresca</span> <span class='ocrx_word' id='word_1_184' title='bbox 451 2734 679 2818; x_wconf 72' lang='lat' dir='ltr'>mcpree‘tude&#39;cea</span> <span class='ocrx_word' id='word_1_185' title='bbox 695 2731 890 2796; x_wconf 74' lang='lat' dir='ltr'>anhelantem</span> <span class='ocrx_word' id='word_1_186' title='bbox 906 2743 934 2796; x_wconf 86' lang='lat' dir='ltr'>et</span> <span class='ocrx_word' id='word_1_187' title='bbox 948 2731 1128 2796; x_wconf 71' lang='lat' dir='ltr'>teersdilc&#39;ter</span> <span class='ocrx_word' id='word_1_188' title='bbox 1143 2732 1187 2796; x_wconf 83' lang='lat' dir='ltr'>cd</span> <span class='ocrx_word' id='word_1_189' title='bbox 1196 2733 1363 2818; x_wconf 68' lang='lat' dir='ltr'>superdueo</span> <span class='ocrx_word' id='word_1_190' title='bbox 1374 2753 1483 2797; x_wconf 69' lang='lat' dir='ltr'>usses·</span> 
     </span>
     <span class='ocr_line' id='line_1_23' title="bbox 313 2846 1487 2933; baseline 0 -21"><span class='ocrx_word' id='word_1_191' title='bbox 313 2849 450 2928; x_wconf 75' lang='lat' dir='ltr'>decem,</span> <span class='ocrx_word' id='word_1_192' title='bbox 481 2870 545 2912; x_wconf 79' lang='lat' dir='ltr'>coo</span> <span class='ocrx_word' id='word_1_193' title='bbox 574 2847 666 2912; x_wconf 83' lang='lat' dir='ltr'>aliter</span> <span class='ocrx_word' id='word_1_194' title='bbox 691 2871 771 2932; x_wconf 83' lang='lat' dir='ltr'>pene</span> <span class='ocrx_word' id='word_1_195' title='bbox 798 2870 894 2933; x_wconf 81' lang='lat' dir='ltr'>qoam</span> <span class='ocrx_word' id='word_1_196' title='bbox 920 2859 956 2912; x_wconf 83' lang='lat' dir='ltr'>et</span> <span class='ocrx_word' id='word_1_197' title='bbox 976 2846 1033 2912; x_wconf 83' lang='lat' dir='ltr'>scd</span> <span class='ocrx_word' id='word_1_198' title='bbox 1056 2867 1120 2912; x_wconf 80' lang='lat' dir='ltr'>cuo</span> <span class='ocrx_word' id='word_1_199' title='bbox 1140 2846 1234 2932; x_wconf 77' lang='lat' dir='ltr'>plodo</span> <span class='ocrx_word' id='word_1_200' title='bbox 1257 2849 1350 2913; x_wconf 82' lang='lat' dir='ltr'>totius</span> <span class='ocrx_word' id='word_1_201' title='bbox 1372 2849 1487 2913; x_wconf 77' lang='lat' dir='ltr'>mundi</span> 
     </span>
     <span class='ocr_line' id='line_1_24' title="bbox 312 2963 1484 3050; baseline 0.002 -22"><span class='ocrx_word' id='word_1_202' title='bbox 312 2963 492 3028; x_wconf 75' lang='lat' dir='ltr'>machinam</span> <span class='ocrx_word' id='word_1_203' title='bbox 523 2963 776 3050; x_wconf 66' lang='lat' dir='ltr'>conplecteretur,</span> <span class='ocrx_word' id='word_1_204' title='bbox 812 2965 876 3027; x_wconf 81' lang='lat' dir='ltr'>ns&#39;se&#39;</span> <span class='ocrx_word' id='word_1_205' title='bbox 909 2983 977 3026; x_wconf 84' lang='lat' dir='ltr'>eam</span> <span class='ocrx_word' id='word_1_206' title='bbox 1005 2976 1131 3028; x_wconf 81' lang='lat' dir='ltr'>canctus</span> <span class='ocrx_word' id='word_1_207' title='bbox 1160 2963 1305 3049; x_wconf 79' lang='lat' dir='ltr'>capetus,</span> <span class='ocrx_word' id='word_1_208' title='bbox 1338 2966 1484 3050; x_wconf 80' lang='lat' dir='ltr'>inpresso</span> 
     </span>
     <span class='ocr_line' id='line_1_25' title="bbox 313 3077 1485 3164; baseline 0.002 -21"><span class='ocrx_word' id='word_1_209' title='bbox 313 3082 404 3164; x_wconf 76' lang='lat' dir='ltr'>cipeto</span> <span class='ocrx_word' id='word_1_210' title='bbox 428 3092 555 3144; x_wconf 79' lang='lat' dir='ltr'>scoctoe</span> <span class='ocrx_word' id='word_1_211' title='bbox 578 3081 679 3144; x_wconf 76' lang='lat' dir='ltr'>erucis</span> <span class='ocrx_word' id='word_1_212' title='bbox 703 3077 832 3157; x_wconf 72' lang='lat' dir='ltr'>Chresti,</span> <span class='ocrx_word' id='word_1_213' title='bbox 857 3088 1059 3163; x_wconf 79' lang='lat' dir='ltr'>conpesceret.</span> <span class='ocrx_word' id='word_1_214' title='bbox 1107 3077 1243 3158; x_wconf 80' lang='lat' dir='ltr'>Quando</span> <span class='ocrx_word' id='word_1_215' title='bbox 1266 3082 1348 3144; x_wconf 82' lang='lat' dir='ltr'>enim</span> <span class='ocrx_word' id='word_1_216' title='bbox 1369 3082 1406 3144; x_wconf 81' lang='lat' dir='ltr'>ire</span> <span class='ocrx_word' id='word_1_217' title='bbox 1430 3080 1485 3146; x_wconf 84' lang='lat' dir='ltr'>od·</span> 
     </span>
     <span class='ocr_line' id='line_1_26' title="bbox 313 3191 1488 3280; baseline 0 -20"><span class='ocrx_word' id='word_1_218' title='bbox 313 3197 400 3260; x_wconf 76' lang='lat' dir='ltr'>odem</span> <span class='ocrx_word' id='word_1_219' title='bbox 422 3196 556 3260; x_wconf 81' lang='lat' dir='ltr'>minaeis</span> <span class='ocrx_word' id='word_1_220' title='bbox 570 3195 722 3280; x_wconf 75' lang='lat' dir='ltr'>flammae</span> <span class='ocrx_word' id='word_1_221' title='bbox 750 3197 875 3279; x_wconf 72' lang='lat' dir='ltr'>cippum</span> <span class='ocrx_word' id='word_1_222' title='bbox 903 3196 1003 3258; x_wconf 60' lang='lat' dir='ltr'>eccos</span> <span class='ocrx_word' id='word_1_223' title='bbox 1026 3191 1144 3258; x_wconf 73' lang='lat' dir='ltr'>Clera&#39;ctc&#39;</span> <span class='ocrx_word' id='word_1_224' title='bbox 1171 3207 1379 3280; x_wconf 80' lang='lat' dir='ltr'>eeprcsserot‚</span> <span class='ocrx_word' id='word_1_225' title='bbox 1411 3207 1488 3261; x_wconf 71' lang='lat' dir='ltr'>uene</span> 
     </span>
     <span class='ocr_line' id='line_1_27' title="bbox 305 3311 1488 3398; baseline -0.001 -22"><span class='ocrx_word' id='word_1_226' title='bbox 305 3311 442 3398; x_wconf 81' lang='lat' dir='ltr'>flemma</span> <span class='ocrx_word' id='word_1_227' title='bbox 470 3331 589 3396; x_wconf 75' lang='lat' dir='ltr'>mopso</span> <span class='ocrx_word' id='word_1_228' title='bbox 618 3333 655 3375; x_wconf 83' lang='lat' dir='ltr'>ee</span> <span class='ocrx_word' id='word_1_229' title='bbox 680 3323 773 3396; x_wconf 87' lang='lat' dir='ltr'>porte</span> <span class='ocrx_word' id='word_1_230' title='bbox 795 3311 971 3374; x_wconf 81' lang='lat' dir='ltr'>decrescens</span> <span class='ocrx_word' id='word_1_231' title='bbox 993 3312 1115 3374; x_wconf 80' lang='lat' dir='ltr'>resedit.</span> <span class='ocrx_word' id='word_1_232' title='bbox 1162 3311 1206 3375; x_wconf 85' lang='lat' dir='ltr'>Et</span> <span class='ocrx_word' id='word_1_233' title='bbox 1227 3313 1318 3374; x_wconf 59' lang='lat' dir='ltr'>sirtica</span> <span class='ocrx_word' id='word_1_234' title='bbox 1332 3313 1488 3396; x_wconf 78' lang='lat' dir='ltr'>flammea</span> 
     </span>
     <span class='ocr_line' id='line_1_28' title="bbox 314 3425 1488 3512; baseline -0.001 -19"><span class='ocrx_word' id='word_1_235' title='bbox 314 3427 451 3493; x_wconf 81' lang='lat' dir='ltr'>terribili</span> <span class='ocrx_word' id='word_1_236' title='bbox 473 3427 587 3491; x_wconf 88' lang='lat' dir='ltr'>ardore</span> <span class='ocrx_word' id='word_1_237' title='bbox 609 3425 859 3491; x_wconf 80' lang='lat' dir='ltr'>intollerabile&#39;ter</span> <span class='ocrx_word' id='word_1_238' title='bbox 882 3425 1064 3512; x_wconf 79' lang='lat' dir='ltr'>torquebar,</span> <span class='ocrx_word' id='word_1_239' title='bbox 1090 3425 1188 3492; x_wconf 81' lang='lat' dir='ltr'>oculis</span> <span class='ocrx_word' id='word_1_240' title='bbox 1211 3429 1346 3491; x_wconf 76' lang='lat' dir='ltr'>cweime</span> <span class='ocrx_word' id='word_1_241' title='bbox 1368 3429 1488 3492; x_wconf 80' lang='lat' dir='ltr'>orders·</span> 
     </span>
    </p>

    <p class='ocr_par' dir='ltr' id='par_1_5' title="bbox 224 3543 1489 3956">
     <span class='ocr_line' id='line_1_29' title="bbox 224 3543 1487 3630; baseline -0.001 -21"><span class='ocrx_word' id='word_1_242' title='bbox 224 3575 227 3583; x_wconf 90' lang='lat'><strong>·</strong></span> <span class='ocrx_word' id='word_1_243' title='bbox 315 3543 398 3610; x_wconf 80' lang='lat' dir='ltr'>tibus</span> <span class='ocrx_word' id='word_1_244' title='bbox 428 3556 458 3608; x_wconf 89' lang='lat' dir='ltr'>ct</span> <span class='ocrx_word' id='word_1_245' title='bbox 484 3543 649 3630; x_wconf 77' lang='lat' dir='ltr'>splendore</span> <span class='ocrx_word' id='word_1_246' title='bbox 671 3543 867 3629; x_wconf 77' lang='lat' dir='ltr'>felpeuticm</span> <span class='ocrx_word' id='word_1_247' title='bbox 894 3545 1065 3629; x_wconf 80' lang='lat' dir='ltr'>spirituum</span> <span class='ocrx_word' id='word_1_248' title='bbox 1091 3544 1351 3610; x_wconf 72' lang='lat' dir='ltr'>vehementissime</span> <span class='ocrx_word' id='word_1_249' title='bbox 1379 3565 1487 3608; x_wconf 86' lang='lat' dir='ltr'>recer-</span> 
     </span>
     <span class='ocr_line' id='line_1_30' title="bbox 315 3659 1488 3746; baseline 0.001 -23"><span class='ocrx_word' id='word_1_250' title='bbox 315 3659 447 3735; x_wconf 84' lang='lat' dir='ltr'>beratis,·</span> <span class='ocrx_word' id='word_1_251' title='bbox 475 3660 572 3724; x_wconf 77' lang='lat' dir='ltr'>donec</span> <span class='ocrx_word' id='word_1_252' title='bbox 600 3659 786 3745; x_wconf 77' lang='lat' dir='ltr'>splendidae</span> <span class='ocrx_word' id='word_1_253' title='bbox 813 3661 943 3723; x_wconf 79' lang='lat' dir='ltr'>cisionis</span> <span class='ocrx_word' id='word_1_254' title='bbox 974 3660 1103 3746; x_wconf 76' lang='lat' dir='ltr'>adpetes</span> <span class='ocrx_word' id='word_1_255' title='bbox 1130 3681 1242 3724; x_wconf 74' lang='lat' dir='ltr'>omnus</span> <span class='ocrx_word' id='word_1_256' title='bbox 1265 3679 1341 3724; x_wconf 83' lang='lat' dir='ltr'>seue</span> <span class='ocrx_word' id='word_1_257' title='bbox 1361 3661 1488 3744; x_wconf 77' lang='lat' dir='ltr'>doposi-</span> 
     </span>
     <span class='ocr_line' id='line_1_31' title="bbox 317 3775 1489 3862; baseline -0.001 -22"><span class='ocrx_word' id='word_1_258' title='bbox 317 3777 400 3840; x_wconf 80' lang='lat' dir='ltr'>te&#39;one</span> <span class='ocrx_word' id='word_1_259' title='bbox 423 3787 518 3860; x_wconf 81' lang='lat' dir='ltr'>eaput</span> <span class='ocrx_word' id='word_1_260' title='bbox 538 3797 641 3839; x_wconf 79' lang='lat' dir='ltr'>merem</span> <span class='ocrx_word' id='word_1_261' title='bbox 665 3778 760 3860; x_wconf 84' lang='lat' dir='ltr'>qccce&#39;</span> <span class='ocrx_word' id='word_1_262' title='bbox 775 3788 943 3861; x_wconf 73' lang='lat' dir='ltr'>preceperas</span> <span class='ocrx_word' id='word_1_263' title='bbox 964 3775 1110 3862; x_wconf 72' lang='lat' dir='ltr'>scopebat</span> <span class='ocrx_word' id='word_1_264' title='bbox 1125 3788 1153 3842; x_wconf 87' lang='lat' dir='ltr'>et</span> <span class='ocrx_word' id='word_1_265' title='bbox 1166 3797 1215 3840; x_wconf 83' lang='lat' dir='ltr'>me</span> <span class='ocrx_word' id='word_1_266' title='bbox 1230 3800 1250 3840; x_wconf 88' lang='lat' dir='ltr'><em>a</em></span> <span class='ocrx_word' id='word_1_267' title='bbox 1267 3775 1489 3861; x_wconf 80' lang='lat' dir='ltr'>lesioaeflam·</span> 
     </span>
     <span class='ocr_line' id='line_1_32' title="bbox 315 3892 733 3956; baseline -0.005 0"><span class='ocrx_word' id='word_1_268' title='bbox 315 3911 441 3956; x_wconf 81' lang='lat' dir='ltr'>morum</span> <span class='ocrx_word' id='word_1_269' title='bbox 463 3903 563 3956; x_wconf 78' lang='lat' dir='ltr'>tectum</span> <span class='ocrx_word' id='word_1_270' title='bbox 584 3892 733 3956; x_wconf 80' lang='lat' dir='ltr'>reddidit.</span> 
     </span>
    </p>

    <p class='ocr_par' dir='ltr' id='par_1_6' title="bbox 405 4002 1490 4092">
     <span class='ocr_line' id='line_1_33' title="bbox 405 4002 1490 4092; baseline 0.001 -21"><span class='ocrx_word' id='word_1_271' title='bbox 405 4002 573 4072; x_wconf 85' lang='lat' dir='ltr'>Praeterea</span> <span class='ocrx_word' id='word_1_272' title='bbox 595 4004 765 4072; x_wconf 85' lang='lat' dir='ltr'>referebat:</span> <span class='ocrx_word' id='word_1_273' title='bbox 788 4004 844 4070; x_wconf 93' lang='lat' dir='ltr'>illo</span> <span class='ocrx_word' id='word_1_274' title='bbox 867 4005 901 4071; x_wconf 95' lang='lat' dir='ltr'>in</span> <span class='ocrx_word' id='word_1_275' title='bbox 922 4005 1076 4092; x_wconf 83' lang='lat' dir='ltr'>temporis</span> <span class='ocrx_word' id='word_1_276' title='bbox 1097 4004 1211 4091; x_wconf 84' lang='lat' dir='ltr'>spatio,</span> <span class='ocrx_word' id='word_1_277' title='bbox 1234 4023 1295 4089; x_wconf 85' lang='lat' dir='ltr'>quo</span> <span class='ocrx_word' id='word_1_278' title='bbox 1310 4009 1402 4071; x_wconf 82' lang='lat' dir='ltr'>entra</span> <span class='ocrx_word' id='word_1_279' title='bbox 1417 4023 1490 4072; x_wconf 89' lang='lat' dir='ltr'>cor-</span> 
     </span>
    </p>
   </div>
   <div class='ocr_carea' id='block_1_3' title="bbox 318 4181 1491 4320">
    <p class='ocr_par' dir='ltr' id='par_1_7' title="bbox 318 4181 1491 4320">
     <span class='ocr_line' id='line_1_34' title="bbox 389 4181 1491 4241; baseline 0.002 -13"><span class='ocrx_word' id='word_1_280' title='bbox 389 4196 409 4228; x_wconf 82' lang='lat' dir='ltr'>s.</span> <span class='ocrx_word' id='word_1_281' title='bbox 432 4193 501 4241; x_wconf 81' lang='lat' dir='ltr'>super</span> <span class='ocrx_word' id='word_1_282' title='bbox 518 4183 593 4241; x_wconf 77' lang='lat' dir='ltr'>Cpro</span> <span class='ocrx_word' id='word_1_283' title='bbox 609 4193 634 4228; x_wconf 85' lang='lat' dir='ltr'>se</span> <span class='ocrx_word' id='word_1_284' title='bbox 649 4195 698 4241; x_wconf 86' lang='lat' dir='ltr'>por.</span> <span class='ocrx_word' id='word_1_285' title='bbox 790 4181 813 4228; x_wconf 87' lang='lat' dir='ltr'>b.</span> <span class='ocrx_word' id='word_1_286' title='bbox 834 4182 950 4239; x_wconf 76' lang='lat' dir='ltr'>gravidine</span> <span class='ocrx_word' id='word_1_287' title='bbox 968 4183 996 4230; x_wconf 78' lang='lat'>7.</span> <span class='ocrx_word' id='word_1_288' title='bbox 1089 4195 1109 4228; x_wconf 73' lang='lat' dir='ltr'>e.</span> <span class='ocrx_word' id='word_1_289' title='bbox 1128 4182 1180 4228; x_wconf 78' lang='lat' dir='ltr'>suta</span> <span class='ocrx_word' id='word_1_290' title='bbox 1197 4184 1232 4227; x_wconf 80' lang='lat' dir='ltr'>M.</span> <span class='ocrx_word' id='word_1_291' title='bbox 1325 4181 1347 4228; x_wconf 87' lang='lat' dir='ltr'>d.</span> <span class='ocrx_word' id='word_1_292' title='bbox 1368 4183 1442 4230; x_wconf 67' lang='lat' dir='ltr'>tabee</span> <span class='ocrx_word' id='word_1_293' title='bbox 1460 4182 1491 4230; x_wconf 76' lang='lat'>7.</span> 
     </span>
     <span class='ocr_line' id='line_1_35' title="bbox 318 4250 1181 4320; baseline -0.002 -12"><span class='ocrx_word' id='word_1_294' title='bbox 318 4275 338 4308; x_wconf 88' lang='lat' dir='ltr'>s.</span> <span class='ocrx_word' id='word_1_295' title='bbox 358 4261 387 4308; x_wconf 78' lang='lat' dir='ltr'>st</span> <span class='ocrx_word' id='word_1_296' title='bbox 403 4260 552 4310; x_wconf 77' lang='lat' dir='ltr'>sublevabant</span> <span class='ocrx_word' id='word_1_297' title='bbox 567 4273 603 4308; x_wconf 81' lang='lat' dir='ltr'>nne</span> <span class='ocrx_word' id='word_1_298' title='bbox 618 4261 643 4306; x_wconf 93' lang='lat' dir='ltr'>in</span> <span class='ocrx_word' id='word_1_299' title='bbox 659 4274 710 4306; x_wconf 87' lang='lat' dir='ltr'>aare</span> <span class='ocrx_word' id='word_1_300' title='bbox 726 4250 787 4320; x_wconf 64' lang='lat' dir='ltr'>dixit</span> <span class='ocrx_word' id='word_1_301' title='bbox 802 4274 892 4308; x_wconf 84' lang='lat' dir='ltr'>sursum</span> <span class='ocrx_word' id='word_1_302' title='bbox 907 4263 942 4308; x_wconf 77' lang='lat' dir='ltr'>M.</span> <span class='ocrx_word' id='word_1_303' title='bbox 1019 4260 1035 4307; x_wconf 82' lang='lat' dir='ltr'>i.</span> <span class='ocrx_word' id='word_1_304' title='bbox 1056 4262 1080 4306; x_wconf 84' lang='lat' dir='ltr'>st</span> <span class='ocrx_word' id='word_1_305' title='bbox 1095 4277 1137 4306; x_wconf 79' lang='lat' dir='ltr'>om.</span> <span class='ocrx_word' id='word_1_306' title='bbox 1155 4262 1181 4308; x_wconf 89' lang='lat' dir='ltr'>C.</span> 
     </span>
    </p>
   </div>
   <div class='ocr_carea' id='block_1_4' title="bbox 389 4365 577 4435">
    <p class='ocr_par' dir='ltr' id='par_1_8' title="bbox 389 4365 577 4435">
     <span class='ocr_line' id='line_1_36' title="bbox 389 4365 577 4435; baseline -0.011 -13"><span class='ocrx_word' id='word_1_307' title='bbox 389 4367 413 4422; x_wconf 94' lang='lat'>1.</span> <span class='ocrx_word' id='word_1_308' title='bbox 438 4365 482 4420; x_wconf 75' lang='lat' dir='ltr'>rs.</span> <span class='ocrx_word' id='word_1_309' title='bbox 495 4367 539 4435; x_wconf 84' lang='lat' dir='ltr'>er,</span> <span class='ocrx_word' id='word_1_310' title='bbox 552 4365 577 4420; x_wconf 82' lang='lat' dir='ltr'>a.</span> 
     </span>
    </p>
   </div>
   <div class='ocr_carea' id='block_1_5' title="bbox 0 0 1590 4848">
    <p class='ocr_par' dir='ltr' id='par_1_9' title="bbox 0 0 1590 4848">
     <span class='ocr_line' id='line_1_37' title="bbox 0 0 1590 4848; baseline 0 0"><span class='ocrx_word' id='word_1_311' title='bbox 0 0 1590 4848; x_wconf 95' lang='lat' dir='ltr'> </span> 
     </span>
    </p>
   </div>
  </div>
 </body>
</html>
