3090 4848
353 320 380 368 a.
397 321 572 368 normann
594 321 639 368 nr
659 321 762 368 nunni
783 321 970 370 memnonis
996 321 1026 368 ra
1232 305 1275 372 'lb

3 443 5 536 l
192 460 309 528 Notum
332 462 376 528 sit
397 460 550 529 almitatis
572 465 645 530 mae
668 463 864 548 auctoritati,
886 463 970 549 quod
991 465 1110 548 gratias
1133 465 1276 552 omnipo-
1294 469 1436 528 tao-:m

104 577 183 644 tenti
211 575 281 644 Deo
309 577 428 644 referre
456 597 521 644 non
550 577 674 662 desino,
704 597 741 646 eo
769 578 853 664 quod
881 579 941 648 tibi
963 615 1005 628 -··
1029 581 1083 646 in·
1105 579 1276 667 scriptione

103 693 310 760 beatitudinis
341 699 415 760 tuae
448 695 562 779 agnovi
586 729 627 740 —
651 693 870 782 multipliciter
903 694 1152 762 misericordiam
1186 715 1277 762 suam

2 843 3 872 ι
104 809 227 893 tribuit,
250 809 303 876 ut*
326 815 359 876 te
382 814 597 877 transeuntem
612 830 670 897 per
685 809 827 894 ignotos⁶
842 829 942 897 pagos
957 810 1101 898 piissime
1116 810 1275 878 conduxit

2 943 3 958 ³
104 923 247 991 Primum
275 923 456 1011 pontificem
483 924 639 1010 gloriosae
666 921 768 992 sedis¹
790 925 831 992 ad
854 925 1045 993 desiderium
1066 927 1182 994 mentis
1204 933 1278 994 tuae

2 1055 3 1076 ³
105 1039 331 1108 blandiendum
363 1037 554 1108 inclinavit¹.
594 1039 710 1109 Postea
736 1041 901 1108 inimicum
929 1041 1101 1110 catholicae
1130 1043 1279 1110 ecclesiae

105 1151 323 1226 liuthbodum⁸
346 1177 452 1224 coram
475 1162 507 1224 te
529 1156 752 1225 mnscmuitc
786 1157 910 1226 Deinde
932 1178 990 1244 per
1010 1157 1168 1224 somnium
1181 1163 1280 1224 temet

105 1275 191 1361 ipso·
215 1272 386 1341 revelavit:
414 1272 497 1359 quod
520 1273 656 1341 debuisti
677 1273 844 1342 manifeste
866 1293 1001 1340 mmsem
1023 1273 1084 1340 Dei
1106 1279 1226 1341 metere
1248 1279 1281 1341 et

107 1409 299 1474 congregare
326 1395 507 1456 sanctarum
534 1388 711 1456 animarum
738 1389 917 1478 manipulos
945 1390 979 1456 in
1005 1388 1166 1456 horream¹
1190 1390 1280 1474 regui

108 1501 278 1573 caelestis⁴.
371 1503 490 1572 Idcirco
522 1505 688 1589 somogia
718 1503 883 1589 confiteor,
917 1505 1001 1590 quod
1027 1505 1115 1572 nulla
1143 1506 1280 1573 venetas

109 1619 332 1710 temporalium
346 1621 599 1688 vicissitudinum
621 1625 740 1688 statum
762 1622 877 1688 mentis
899 1631 1006 1688 meae·
1018 1621 1171 1688 inclinare
1187 1626 1282 1706 queat

110 1737 323 1824 aproposita
350 1737 491 1804 caritatis
518 1741 592 1804 tuae
619 1737 771 1804 custodia.
808 1735 871 1804 Sed
900 1737 1061 1805 ardentius
1088 1737 1137 1805 vis
1164 1735 1280 1804 amoris

1 1885 2 1892 κ
109 1853 216 1920 inme
239 1851 379 1937 calescit,
402 1853 477 1920 dum
499 1873 558 1940 pro
580 1857 665 1920 certo
688 1872 852 1938 cognosco,
874 1873 933 1939 par
955 1853 1132 1920 orationum
1153 1858 1280 1920 tuarum

111 1967 261 2054 suffragia
283 1969 324 2036 ad
345 1973 472 2056 portum
495 1967 627 2036 alicuius
648 1969 762 2054 quietis
779 1968 970 2056 pervenisse.
1005 1967 1078 2036 Ideo
1094 1969 1209 2036 iterum
1223 1967 1282 2034 hu·

109 2085 228 2153 militer
250 2105 375 2169 moneo,
398 2090 434 2152 ut
455 2085 716 2152 intercessionum
739 2089 864 2151 tuarum
888 2084 994 2151 studia
1014 2104 1073 2172 pro
1091 2083 1283 2171 meoparvi·

107 2207 173 2269 tate
187 2201 328 2268 Domino
351 2199 464 2268 adame
486 2200 640 2284 digneris:
664 2205 819 2287 quamnus
841 2220 899 2267 sua
920 2200 1025 2286 gratia
1045 2219 1097 2266 me
1118 2199 1216 2267 faciat
1234 2199 1283 2266 in·

108 2318 255 2386 columen
277 2337 350 2384 cum
372 2317 453 2384 tuish
476 2315 733 2406 protectionibus.

199 2433 366 2520 Simulque
391 2433 471 2500 sciat
492 2433 608 2502 caritas
629 2437 694 2518 tua,
718 2431 801 2518 quod
815 2431 979 2520 passiones
994 2437 1182 2520 martyrum,
1206 2451 1284 2518 quas

109 2554 219 2639 petisti
243 2549 303 2617 tibi
321 2548 505 2632 transmitti,
529 2548 632 2616 adhuc
647 2549 777 2616 minime
792 2549 880 2637 potui
896 2549 1076 2636 impetrare.
1113 2547 1185 2632 Sed,
1210 2547 1285 2614 dnm

109 2666 246 2748 ualeam,
268 2665 393 2732 faciam.
470 2663 514 2730 Et
535 2669 581 2749 tn,
604 2663 649 2730 mi
672 2663 865 2748 carissimus,
889 2663 989 2748 dirige
1011 2663 1114 2731 meae*
1134 2663 1287 2752 parvitati

111 2783 151 2850 ad
173 2780 434 2864 consolationem,
459 2778 542 2866 quod
564 2801 622 2868 per
645 2779 842 2846 dulcissimas
865 2780 988 2847 litteras
1011 2785 1083 2846 tuas
1099 2779 1285 2868 promisisti,

109 2900 216 2968 idest
239 2897 497 2982 congregationes
520 2896 642 2982 aliquas
665 2893 864 2964 sanctarum*
888 2895 1125 2984 scripturarum.

202 3013 358 3081 Similiter
380 3013 524 3100 deposco,
547 3018 584 3078 ut
603 3017 783 3079 sanctarum
798 3012 968 3098 missarum
984 3009 1158 3079 oblationes
1175 3009 1286 3079 offerre

110 3131 254 3216 digneris
276 3149 336 3217 pro
359 3129 475 3196 anima¹
497 3129 560 3195 mei
583 3129 763 3216 propinqui,
787 3129 841 3214 qui
863 3127 941 3194 mihi
963 3149 1040 3216 prae
1063 3127 1176 3196 ceteris
1196 3148 1287 3196 carus

109 3253 199 3333 erat,
228 3247 280 3314 cui
308 3266 424 3313 nomen
451 3249 544 3312 eratm
567 3244 615 3310 .Ν.
706 3244 749 3312 Et
775 3263 832 3331 per
860 3244 995 3311 eundem
1016 3244 1203 3332 portitorem
1229 3244 1288 3310 tibi

1 3425 2 3432 ,
108 3363 298 3431 transmitto
325 3381 408 3428 nunc
435 3361 663 3446 quinquaginta
688 3359 824 3426 solidos'¹
849 3364 881 3426 et
902 3359 1034 3447 pallium
1058 3358 1184 3442 altaris3
1214 3361 1289 3445 qnia

108 3480 239 3547 maiora
267 3477 453 3545 munuscula
480 3477 610 3544 minime
638 3475 729 3564 potui
756 3475 957 3564 adipiscere⁰.
998 3473 1060 3541 Sed
1083 3479 1188 3542 tamen
1210 3474 1289 3543 haec

188 3725 209 3758 ι.
232 3711 294 3758 nent
309 3713 481 3770 ramusculum
497 3719 531 3757 eat
546 3711 569 3754 is
586 3711 612 3756 C.
690 3707 712 3754 b.
733 3707 759 3753 ut
775 3707 833 3762 MV,
850 3723 907 3754 corr.
923 3709 945 3753 r'u
962 3708 985 3754 ot
1002 3709 1027 3756 C.
1106 3719 1125 3753 a.
1147 3707 1236 3765 ignotas
1253 3709 1287 3754 11.

108 3794 131 3840 d.
148 3791 347 3848 constantim,-
362 3789 503 3836 consternuit
519 3805 576 3836 carr.
588 3792 610 3836 tn
625 3787 779 3836 consumavit
790 3789 822 3846 0,·
838 3787 992 3834 comanam
1004 3803 1061 3834 carr.
1073 3790 1097 3834 ta
1110 3786 1251 3834 comtarnait
1260 3785 1287 3832 V.

108 3887 130 3920 e.
153 3889 216 3920 ιοπ.
232 3873 256 3917 tn
272 3869 423 3930 tibimetipsi
440 3873 466 3918 C.
543 3869 559 3916 l.
581 3886 637 3914 corr.
653 3871 675 3914 tn
691 3867 774 3914 horrea
790 3869 816 3914 c.
894 3879 916 3926 g.
937 3867 982 3914 mai
1000 3867 1058 3920 MV.
1075 3884 1131 3914 corr.
1148 3869 1171 3914 ta
1187 3879 1250 3914 meaa
1262 3869 1289 3914 c.

108 3952 132 4000 h.
160 3964 214 4000 cum
235 3951 284 3997 tuis
309 3949 370 4006 MK·
395 3961 446 3996 cum
465 3949 537 3996 totius
557 3949 617 3995 ritae
639 3951 669 4002 C,
691 3949 730 3994 aba·
749 3947 808 3993 vitae
828 3950 1001 4007 ouperussrum
1022 3956 1062 3994 ear.
1155 3948 1171 3994 l.
1195 3945 1239 3994 mei
1261 3945 1288 3993 7.

107 4033 132 4080 L
154 4033 282 4078 misam
299 4031 333 4078 n.
416 4028 432 4074 l.
453 4029 549 4076 animam
568 4029 595 4073 V.
678 4041 708 4074 nu
730 4043 773 4073 ora.
791 4030 817 4075 C.
896 4039 919 4072 n.
941 4025 1066 4074 solidorum
1084 4027 1111 4073 V.
1189 4040 1211 4072 o.
1233 4041 1289 4070 corr.

109 4116 133 4159 ἰ
149 4109 254 4172 adipisci
270 4111 297 4157 C.

186 4245 212 4298 1.
232 4238 398 4308 Gregorinm
414 4237 450 4294 11.
522 4239 549 4294 2.
567 4237 601 4296 V.
614 4252 658 4308 ep.
673 4239 707 4294 12
724 4251 808 4306 suma
823 4253 850 4308 p.
864 4238 907 4293 62.
979 4237 1006 4292 3.
1024 4250 1118 4306 regem
1130 4235 1290 4306 Fresouum,

110 4333 160 4402 qui
185 4329 259 4388 obiit
275 4343 302 4384 a
315 4327 377 4384 719.
465 4326 492 4382 4.
516 4325 552 4382 de
569 4324 622 4381 boo
639 4325 745 4384 somnio
762 4324 863 4395 Bngga
880 4324 915 4380 ab
933 4325 993 4395 lpse
1010 4321 1148 4380 Bonifatio
1166 4339 1216 4394 per
1232 4338 1289 4394 aas,

112 4437 185 4492 quas
202 4433 290 4489 supra
307 4421 449 4486 memorat,
467 4414 573 4471 litteras
592 4417 691 4471 certior
708 4413 783 4470 lacta
800 4429 862 4471 esse
880 4413 996 4470 videtur.
