3164 4842
286 295 351 364 498
586 315 635 362 rx
657 314 812 364 ermom
832 315 913 362 vrrs
935 313 962 362 s.
979 311 1153 363 aosruann

285 458 364 525 dum
374 453 392 543 ¹,
415 457 500 525 hand
521 456 614 525 aliter
633 462 759 524 sanetus
776 455 903 542 praesul
916 454 1096 524 Bonifatius
1111 455 1250 523 omniurn
1266 452 1455 522 Germaniae

284 574 459 641 incolarum
486 578 577 661 pater
600 573 663 640 dioi
685 578 791 660 potest
810 593 869 660 pro
892 591 945 657 eo,
976 572 1057 658 quod
1079 571 1151 638 illos
1173 569 1269 638 verbo
1290 567 1455 657 praediea-

285 690 380 757 tionis
402 691 551 778 primitus
573 688 699 756 Ohristo
721 689 845 774 genuit,
875 688 1029 774 exemplis
1051 687 1265 772 confirmarit,
1293 691 1454 774 postremo

286 808 425 874 animam
448 825 571 892 quoque
593 823 684 872 snam
706 826 764 891 pro
786 805 865 891 ipsis
887 805 1009 892 posuit,
1033 825 1096 889 qna
1117 805 1248 872 oaritste
1270 821 1365 870 nemo
1388 821 1456 868 mv

285 925 384 990 iorem
413 922 498 990 valet
525 917 700 989 exhibere².
735 920 821 1000 Quae
848 941 920 987 oum
950 921 993 986 sit
1019 921 1173 988 bonorum
1203 921 1344 988 omnium
1367 919 1455 1002 origo

285 1037 421 1123 attidis,
444 1059 502 1106 nos
525 1039 621 1106 etiam
643 1038 677 1104 in
699 1037 759 1104 hao
781 1037 951 1104 terminum
975 1055 1129 1122 ponamus
1151 1036 1250 1104 libelli
1269 1038 1456 1124 pausanas,

287 1157 453 1242 quatinus,
484 1155 524 1221 ad
547 1159 673 1242 tempus
695 1159 837 1220 cessante
859 1152 966 1220 labore
988 1151 1127 1237 legendi,
1156 1153 1255 1220 leotor
1277 1157 1311 1220 et
1331 1152 1458 1218 auditor

285 1273 368 1340 vires
390 1271 515 1359 possint
535 1289 694 1358 reparare.

682 1395 822 1438 willon*
838 1396 928 1438 LIBER
945 1395 1066 1438 smnus.

596 1589 746 1658 lNGlPlT
770 1589 894 1658 LIBER
917 1588 1146 1660 SECUNDUS.

375 1733 410 1802 ln
431 1733 614 1821 precedenti
637 1733 762 1818 quidem
785 1733 907 1815 libello,
936 1738 1031 1819 prout
1052 1731 1203 1815 ingenioli
1225 1732 1326 1798 nostri
1348 1733 1459 1818 parri·

285 1857 335 1918 tas
358 1851 503 1938 permisit
525 1855 621 1934 utque
644 1849 833 1936 scriptorum
850 1849 1050 1932 antiquorum
1065 1846 1244 1914 testificatio
1260 1847 1395 1933 monuit,
1417 1847 1460 1916 de

285 1968 522 2034 eonversatione
544 1973 577 2033 et
596 1965 849 2054 peregrinatione
869 1983 927 2032 neo
947 1985 1010 2032 non
1031 1963 1265 2051 praedieatione
1282 1965 1385 2032 saneti
1401 1983 1460 2051 pa-

285 2084 343 2150 tris
366 2083 469 2150 nostri
490 2082 644 2150 Bonifatii
667 2081 815 2148 diximus.
851 2079 919 2147 lam
947 2101 1021 2148 vero
1044 2081 1138 2164 libet,
1167 2085 1203 2146 ut
1230 2079 1367 2148 donante
1390 2080 1459 2148 Deo

286 2218 464 2286 possumus,
486 2200 520 2264 in
543 2199 602 2264 hoo
623 2197 729 2265 libello
754 2198 898 2282 sequenti
920 2198 1069 2283 pandere,
1093 2201 1245 2282 quantum
1259 2204 1333 2284 post
1348 2215 1460 2284 aoeep-

284 2321 352 2381 tum
376 2313 642 2398 Mogontiaoensis
666 2313 835 2382 aeoolesiae
857 2313 1071 2398 praesulatum
1094 2333 1152 2400 pro
1175 2317 1285 2380 saneta
1307 2313 1462 2380 aeoelaeia

285 2431 487 2515 laboraverit,
511 2435 621 2496 eontra
643 2430 798 2496 heretioos
815 2429 865 2496 vel
880 2428 978 2496 falsos
993 2429 1182 2496 christianos
1198 2431 1358 2515 uenando,
1382 2449 1460 2514 qna-

286 2547 370 2632 lique
405 2547 492 2613 exitu
526 2546 648 2613 felicem
678 2547 836 2634 passionis
866 2565 942 2613 suae
970 2546 1109 2633 palmam
1138 2547 1353 2633 compleverit
1396 2546 1461 2614 Sed

285 2661 364 2730 illud
386 2661 532 2749 superius
555 2681 626 2728 eum
648 2661 791 2748 epistolis
813 2663 1031 2728 tantummodo
1048 2663 1282 2749 explanandum
1297 2668 1361 2746 est3
1385 2664 1462 2748 quia

285 2781 320 2845 in
347 2779 396 2846 his
425 2777 617 2846 sufficienter
647 2784 679 2845 et
706 2778 868 2845 evidenter
897 2779 1048 2865 seriptum
1077 2780 1246 2846 invenitur.
1281 2778 1348 2848 Neo
1370 2779 1463 2846 deoet

287 2901 337 2981 ut,
366 2897 656 2983 praetermittentes
685 2914 723 2960 ea
753 2914 833 2980 quae
863 2895 940 2962 satis
970 2895 1119 2981 prudenti
1142 2901 1314 2983 apertaque
1336 2893 1462 2962 ratione

288 3012 412 3100 prolata
439 3017 528 3095 sunt,
557 3011 621 3077 alia
643 3009 733 3096 quasi
756 3010 888 3078 meliora
909 3029 1151 3097 dampnamus,
1180 3031 1253 3079 oum
1280 3011 1463 3078 huiusmodi

287 3131 401 3195 vitium
422 3147 481 3196 nee
503 3129 537 3194 iu
559 3128 637 3214 ipsis
662 3125 855 3194 secularibus
870 3126 981 3210 literis,
1005 3128 1123 3194 nedum
1137 3129 1295 3211 iusseris,
1319 3129 1370 3211 agi
1386 3147 1463 3194 oon-

288 3246 403 3312 veniat.
494 3243 553 3309 His
579 3243 678 3326 igitur
699 3243 900 3331 praelibatis,
930 3262 1014 3310 nuno
1038 3244 1077 3310 ad
1100 3245 1187 3331 ipsas
1211 3263 1289 3329 quas
1312 3245 1463 3332 promisi·

288 3381 358 3428 mus
382 3359 531 3448 epistolas
555 3357 736 3426 scribendas
759 3364 968 3444 transeamus,
991 3367 1145 3446 ponentes
1169 3362 1202 3428 in
1224 3361 1338 3448 primis
1360 3361 1463 3448 illam

289 3497 383 3562 qnam
413 3485 445 3545 et
473 3477 577 3563 primo
606 3475 647 3540 ad
669 3474 853 3542 Zaohariam
877 3495 994 3563 papam
1017 3477 1135 3544 diram
1157 3477 1334 3563 epietolam.
1375 3478 1464 3557 Quae

288 3593 363 3660 licet
385 3599 458 3660 ante
480 3591 636 3679 synodum
659 3611 756 3679 supra
779 3593 931 3678 seriptum
954 3592 1075 3660 direota
1095 3593 1205 3677 fuerit,
1235 3599 1359 3680 mmen,
1388 3597 1466 3681 quia
1577 3631 1578 3644 2

290 3711 330 3776 ad
352 3709 549 3796 sequentium
573 3708 779 3795 epistolarum
801 3708 986 3776 relationem
1010 3729 1049 3775 ex
1072 3719 1164 3796 parte
1184 3711 1324 3798 respicit,
1350 3716 1383 3778 et
1403 3712 1464 3778 sub

288 3827 382 3892 unius
404 3847 507 3914 papae
529 3830 673 3911 tempore
694 3825 773 3891 haee
794 3843 966 3911 omnesque
985 3845 1066 3911 quae
1081 3825 1311 3912 subsequentur
1325 3827 1466 3915 scriptae

289 3949 379 4027 sunt,
401 3964 459 4011 uos
483 3959 606 4028 quoque
629 3939 724 4006 simul
746 3940 884 4007 seribere
906 3941 1120 4009 decrevimus·
1142 3989 1263 4010 ......

361 4099 382 4133 ι
402 4093 524 4147 temtor
538 4085 563 4131 S.
574 4083 689 4138 Bonifatii
699 4097 749 4140 epp.
759 4083 799 4140 4²,
809 4083 847 4140 48,
859 4083 896 4141 68,
908 4085 946 4141 50,
958 4083 995 4140 ΒΤ,
1007 4085 1046 4141 52,
1057 4085 1094 4141 bl,
1103 4086 1141 4142 68,
1153 4085 1191 4142 66,
1203 4085 1241 4143 70,
1252 4087 1291 4143 80,
1302 4087 1340 4142 sl,
1351 4087 1383 4134 ΒΞ
1393 4103 1466 4146 supra

288 4167 435 4227 p.111,116
450 4181 513 4226 sequ.
538 4161 572 4221 (Irr
589 4164 642 4210 cod.
652 4163 810 4220 Reddorlemr',
828 4179 872 4225 quo
888 4181 941 4212 neus
957 4167 1063 4214 caetus
1079 4173 1120 4220 aes,
1136 4167 1192 4212 isam
1207 4167 1283 4225 ΜΘ
1293 4167 1360 4216 1169
1376 4171 1467 4214 'nm

290 4249 357 4292 dian
373 4263 423 4306 epp.
431 4246 462 4292 48
478 4242 562 4300 1149.)

1575 3737 1578 3816 l

1575 3919 1577 3970 l

1575 4019 1577 4082 l

1574 4107 1576 4198 l

1574 4203 1576 4316 ἓ

363 4333 387 4386 1.
411 4331 444 4387 V.
464 4331 580 4401 Romd,
595 4331 637 4386 11.
727 4325 1014 4402 2.0t.10t.1s,13:
1041 4329 1269 4402 „maioremhae
1290 4329 1465 4388 dileatlonem
1574 4325 1576 4394 j

292 4433 371 4474 nemo
389 4417 503 4476 mbee‘t
