3110 4844
297 305 326 352 s.
341 303 518 354 normann
538 305 583 352 nu
604 303 706 354 uuum
728 303 915 352 uumuomn
939 303 991 351 rae.
1008 303 1053 350 ue
1189 285 1255 354 313

199 446 285 514 olore
307 445 426 514 Christi
448 445 616 514 elementia
704 446 786 514 eelse
800 445 911 514 ‘nutu
933 447 967 514 in
989 444 1103 514 saoula

200 563 370 630 Valeamus
394 563 543 648 angelicis
631 563 777 632 uictrices
799 564 911 648 iunge·
933 561 1071 646 milibus,

198 680 339 767 paradisi
361 681 523 767 perpetuis
611 680 819 766 perdurantes
841 679 874 746 in
898 678 1030 763 gaudiis.

90 796 262 883 Elonqueol
285 801 318 864 et
339 795 489 880 Miohael‚
512 795 670 880 Ausitai,
693 796 835 880 Adonai,
860 796 1034 880 elevatio,
1057 794 1205 862 Alleluia.

95 1008 179 1080 149.
200 1011 374 1098 Bertlpytlo
391 1012 533 1096 fratrem
560 1034 651 1078 sumn
673 1011 897 1078 Baldtardum
919 1012 1072 1093 obsecrat,
1102 1023 1138 1077 ut
1159 1012 1203 1076 ad
1223 1032 1256 1076 eo

199 1126 333 1194 emtori
852 1125 887 1210 (S
903 1128 958 1212 64,
980 1125 1020 1194 W
1037 1129 1110 1210 150,
1134 1123 1162 1192 G
1180 1125 1256 1208 139)

178 1259 214 1328 ln
243 1260 371 1327 nomine
400 1259 520 1328 domini
544 1260 644 1328 nostri
667 1259 737 1328 lesu
760 1259 878 1328 Christi
906 1267 938 1328 et
964 1261 998 1328 in
1021 1265 1130 1328 saneta
1152 1259 1257 1326 Trini-

89 1383 154 1445 tate
181 1377 385 1446 dileetisumo
413 1377 504 1444 fratri
531 1377 623 1444 unioo
645 1375 824 1445 Beldherdo
847 1376 1065 1464 (Berthgythl
1086 1395 1257 1464 perennem

88 1497 120 1561 in
143 1494 269 1561 Christo
292 1493 436 1560 salutem.

177 1609 295 1676 Notum
319 1611 362 1676 sit
383 1610 451 1694 tibi,
476 1608 559 1695 quod
582 1615 736 1676 venerunt
758 1609 798 1676 ad
821 1631 872 1678 me
894 1610 990 1678 verbo
1004 1609 1170 1695 legationis
1184 1615 1258 1677 tuae

89 1725 292 1813 perfidelem
317 1727 462 1792 nuntium
484 1725 611 1792 nomine
626 1725 780 1808 Aldreed3
804 1727 951 1794 similiter
966 1732 998 1794 et
1011 1747 1154 1811 munere,
1178 1745 1258 1812 quae

89 1863 159 1910 eum
183 1843 297 1909 intima
319 1843 451 1910 uanitate
475 1841 622 1929 amplexi.
658 1841 701 1908 Et
721 1863 806 1908 nune
821 1843 922 1910 fateor
936 1843 1005 1927 tibi,
1029 1843 1112 1929 quod
1126 1842 1259 1930 implere

89 1959 233 2026 desidero
256 1959 429 2026 auxiliante
444 1957 579 2024 Domino
603 1958 719 2041 omnia,
743 1979 822 2043 quae
844 1959 1034 2046 praeoepisti
1057 1959 1145 2042 mihi,
1169 1959 1196 2025 si
1211 1959 1258 2026 di-

88 2082 204 2159 gnetur
232 2075 376 2141 uoluntas
404 2081 461 2140 tua
483 2074 589 2140 venire
614 2075 653 2140 ad
676 2095 744 2155 me;
774 2076 848 2160 quia
869 2075 933 2140 ullo
956 2075 1049 2142 modo
1072 2075 1191 2142 fontem
1212 2073 1259 2142 la-

89 2194 259 2259 crimarum
284 2189 485 2276 adquiescere
507 2209 570 2256 non
593 2211 732 2277 possum,
756 2191 880 2275 quondo
904 2191 995 2258 video
1018 2199 1051 2258 ot
1072 2191 1165 2258 audio
1181 2190 1259 2258 alias

87 2309 190 2375 ituros
214 2307 254 2374 ad
276 2308 393 2374 amieos
411 2327 496 2374 suos.
531 2306 619 2374 Tune
633 2307 747 2392 recolo,
771 2308 854 2392 quod
870 2307 1086 2396 aparentibus
1102 2309 1135 2374 in
1151 2309 1259 2374 iuuen-

88 2429 156 2492 tute
180 2423 331 2492 derelieta
352 2423 399 2490 iui
421 2429 453 2490 et
475 2421 542 2490 sola
564 2423 615 2490 hio
638 2425 807 2510 permensi.
842 2423 1005 2492 Ettumen
1021 2445 1040 2492 e
1054 2423 1191 2492 Domino
1207 2425 1260 2494 de

88 2541 202 2608 reliota
228 2560 290 2606 non
318 2539 381 2622 iui3
410 2540 465 2608 sed
493 2541 612 2623 gratias
641 2561 699 2624 ago
723 2539 791 2608 Deo
814 2540 853 2606 de
874 2541 1020 2608 inmensa
1042 2541 1110 2608 eius
1130 2541 1259 2628 pietate,

88 2677 186 2743 qnam
216 2677 291 2744 sepe
320 2677 384 2724 non
412 2655 604 2722 merentibus
627 2677 685 2742 per
706 2657 941 2724 misericordiae
964 2677 1039 2724 sues
1062 2658 1183 2725 viscera
1205 2659 1260 2724 do-

87 2793 167 2842 nare
190 2773 369 2856 cousuevit,
399 2778 431 2838 et
453 2772 499 2838 sio
520 2792 578 2838 nos
601 2771 772 2840 incolumes
796 2773 942 2840 servavit
977 2773 1020 2840 Et
1041 2792 1140 2857 nuno,
1163 2774 1261 2840 irater

6 2977 13 3008 '
86 2892 148 2974 mi,
184 2889 294 2956 adiuro
322 2893 354 2954 te
383 2893 476 2974 atque
505 2887 672 2974 deprecor,
701 2894 737 2955 ut
760 2889 883 2956 auferas
905 2888 1069 2956 tristitiam
1093 2889 1132 2956 ab
1155 2890 1262 2956 anima

85 3027 176 3088 mea3
209 3005 283 3090 quia
309 3004 401 3072 ualde
430 3009 523 3072 nooet
550 3003 637 3070 mihi
673 3003 752 3072 Dioo
781 3005 883 3072 enim:
913 3005 1056 3092 quemuis
1082 3005 1175 3072 unius
1198 3005 1261 3072 diei

87 3122 230 3211 spatium
254 3121 306 3205 sit,
329 3128 362 3188 et
383 3121 498 3188 iterum
521 3121 699 3206 perrexeris
721 3121 866 3188 iuvante*
885 3121 1022 3188 Domino
1044 3123 1077 3188 in
1100 3121 1262 3190 uoluntate

85 3244 159 3323 tue,
191 3243 297 3306 tamen
327 3239 446 3306 recedit
470 3239 602 3304 tristitia
625 3238 665 3306 ab
688 3237 795 3304 anima
816 3246 903 3304 mea·
926 3242 958 3304 et
981 3237 1084 3304 dolor'
1107 3238 1145 3307 do
1168 3239 1261 3306 eorde

85 3376 171 3422 meo.
210 3353 265 3421 Sin
289 3358 394 3422 eutem
417 3353 564 3440 displieet
584 3354 658 3438 tibi,
687 3353 809 3440 inplere
831 3354 1015 3439 petitionem
1039 3373 1158 3439 meam,
1186 3359 1262 3422 tuno

85 3471 196 3540 Deum
225 3475 338 3538 testem
366 3471 494 3554 invoco,
523 3471 606 3556 quod
633 3471 667 3537 in
696 3489 945 3555 menumquam
974 3467 1011 3535 fit
1037 3469 1187 3538 derouete
1214 3471 1262 3537 di·

83 3588 184 3656 leetio
211 3593 330 3654 nostra.
366 3585 408 3652 Et
438 3606 521 3653 nuno
544 3607 616 3654 vore
639 3586 709 3654 dieo
732 3585 801 3670 tibi,
824 3586 907 3670 quod
929 3585 1062 3654 meliora
1083 3589 1205 3671 neseio,
1233 3587 1261 3654 si

84 3704 354 3773 me⁸venirevis
377 3701 461 3786 illue,
485 3722 578 3788 quem
603 3703 829 3770 hiemantem.
865 3701 920 3770 Sin
945 3709 1049 3770 autem
1072 3703 1151 3770 aliut
1169 3703 1261 3770 aliter
1357 3737 1364 3752 e

85 3822 148 3889 tibi
171 3820 303 3888 meliush
326 3818 445 3906 pleoet,
468 3824 543 3886 tuno
566 3819 704 3886 indicare
726 3837 871 3905 possum:
895 3820 979 3904 quod
1001 3841 1091 3888 mens
1113 3839 1184 3888 mee
1206 3819 1260 3888 de-

85 3927 226 4021 siderat*
261 3941 297 4002 nt
329 3936 471 4002 eveniam
499 3935 589 4019 illue,
624 3934 678 4001 ubi
706 3935 907 4020 requiescunt
934 3954 1066 4024 eorpora
1093 3941 1261 4023 parentum

85 4059 282 4137 nostrorum,
306 4057 338 4118 et
359 4050 565 4138 temporalem
587 4051 686 4117 uitam
708 4049 860 4118 ibilinire
875 4045 1096 4138 superuenire,
1119 4052 1174 4119 ubi
1189 4073 1261 4139 per·

166 4281 184 4313 a
207 4285 236 4312 nu
252 4265 350 4313 virtores
366 4265 453 4312 innoti?
513 4263 535 4311 b.
556 4282 585 4310 aa
598 4265 755 4314 roo-see.
781 4267 886 4312 imma:
902 4263 958 4311 Item
974 4265 1078 4326 epistola
1140 4278 1160 4312 o.
1179 4265 1260 4313 Barth-

84 4347 145 4408 σὺ
164 4348 260 4403 «Medo
277 4347 306 4393 al
322 4363 350 4393 aa
363 4347 489 4392 criminun
500 4347 619 4404 puidam
629 4361 685 4402 erre,
702 4347 768 4393 docet
777 4363 812 4406 ep.
821 4347 866 4393 148
878 4362 948 4405 supra
956 4361 981 4405 p.
990 4347 1043 4392 ela.
1090 4345 1112 4392 (l.
1128 4344 1219 4392 labante
1233 4347 1260 4394 V.

85 4441 107 4474 e.
128 4439 186 4492 amp
203 4429 230 4475 V.
292 4426 308 4472 i.
330 4425 382 4472 dolo
401 4427 428 4473 V.
507 4437 528 4484 g.
548 4439 585 4472 me
602 4425 692 4472 addidi.
770 4423 793 4472 lu
814 4425 894 4472 melior
911 4425 938 4471 7.
