3024 4864
272 269 299 317 s.
316 269 493 318 susurru
515 270 560 317 nr
581 270 684 318 nunnr
705 269 893 318 mouson
914 270 995 318 seeo
1063 311 1064 314 ,
1155 254 1219 320 247

70 412 142 479 raldo
161 411 203 478 sit
224 409 438 498 periculosum
462 431 498 478 ac
519 409 713 478 laboriosum
734 431 817 499 pene
838 412 873 479 in
895 413 981 478 ononi
1004 431 1057 495 re,
1080 413 1115 480 in
1136 413 1254 481 lamec
1270 422 1390 480 tot-too

68 535 94 596 et
110 529 169 611 siti,
196 529 248 594 in·
270 528 378 612 algore
401 532 433 594 et
460 527 658 595 incursioneh
681 547 894 615 paganorum,
924 529 1007 596 inter
1035 549 1070 596 ee
1097 529 1219 613 degere.

67 645 175 728 Idcirco,
198 664 286 728 rogo,
309 643 477 728 diligenter
500 649 587 711 orate
609 664 668 730 pro
691 644 793 730 nobis,
816 651 853 712 nt
874 645 966 712 detur
987 644 1095 712 nobis⁶
1117 665 1220 712 sermo

66 760 272 848 inopertione
301 759 366 828 oris
394 765 426 826 et
452 760 671 846 permanentia
698 761 851 847 inopere
875 761 1064 827 aclructus.
1110 759 1222 828 Valete

64 876 249 943 inDomino.
341 875 483 942 Salutate
506 875 621 942 iratres
642 875 676 942 in
699 876 784 960 giro,
812 877 916 964 primo
939 876 1103 960 lngeldnm
1126 876 1222 944 abba-

64 999 117 1058 tem
138 998 167 1059 et
188 992 465 1076 congregationem
487 997 638 1058 nomam.
674 992 724 1059 Ac
745 992 895 1060 mandate
917 991 1014 1060 matri
1035 1011 1125 1058 meae
1148 991 1221 1058 Tet-

63 1105 122 1174 len¹
136 1113 229 1193 amne
250 1107 486 1192 congregationi
509 1107 577 1174 eius
600 1127 786 1195 prosperum
809 1110 871 1176 iter
884 1115 1039 1176 nostrum.
1075 1107 1221 1175 Commo·

62 1223 132 1290 nitar
152 1243 260 1291 omnes
284 1223 409 1291 obnixis
431 1223 578 1309 precibus
601 1222 725 1308 flagito,
752 1225 853 1292 vicem
875 1225 1047 1292 mantiae
1069 1225 1221 1292 orationis

62 1344 172 1406 nubae
193 1339 377 1426 inpendero
413 1338 626 1424 Orantemque
648 1360 707 1427 pro
729 1340 821 1409 nobis
839 1341 1067 1409 beatitudinem
1082 1346 1221 1408 veebum

61 1454 154 1522 divina
174 1460 303 1522 tnenbrr
325 1455 508 1539 clemenb'a,
532 1459 617 1542 opto.

62 1667 112 1738 99.
133 1671 176 1737 Ν.
201 1671 406 1756 Bonifatium
432 1683 541 1757 ropac,
578 1684 613 1736 ut
639 1673 817 1738 etadc'ooucn
845 1694 942 1738 cauea
971 1672 1034 1738 eidi
1064 1672 1223 1738 licentiaco

135 1789 255 1854 dcatiw
270 1790 305 1852 io
324 1785 503 1873 Tbaoaoqc'a
517 1790 669 1853 manendi
687 1785 863 1854 concedatd.
888 1786 924 1867 (S
937 1787 990 1871 98,
1006 1784 1046 1854 W
1058 1789 1111 1871 96,
1125 1784 1153 1852 G
1166 1787 1220 1870 85)

81 1919 105 2003 R
134 1919 273 1988 Domino
300 1939 371 1986 meo
400 1918 691 1987 desiderantissimo
722 1924 754 1988 et
775 1921 809 1986 in
830 1919 1009 1986 litterarum
1032 1920 1136 1986 ebodio
1166 1921 1254 1988 dec.
1271 1925 1390 1982 ott-tac

59 2037 208 2104 rebeum
234 2037 401 2105 eruditori⁰
424 2036 597 2119 Boniiaoio,
626 2035 759 2102 summi'
780 2034 983 2122 pontificatus
1006 2035 1107 2102 infula
1128 2056 1221 2123 prae-

59 2152 129 2238 dito,
158 2153 222 2239 .N.,
253 2174 292 2220 ex
322 2153 431 2222 multis
459 2153 616 2238 quoddam
644 2153 772 2240 pietatis
802 2152 942 2220 restrae¹
964 2150 1221 2238 emolumenturn,

59 2269 214 2338 amabilem
238 2270 370 2338 devotae
392 2269 532 2338 caritatis
556 2270 590 2336 in
613 2268 738 2338 Christo
762 2269 905 2336 eduam.

5 2461 6 2472 χ
134 2385 235 2454 Sacra
263 2387 423 2474 scriptura
450 2387 684 2470 admonemur⁸,
720 2405 760 2453 ne
789 2386 857 2452 sine
886 2385 1017 2452 consilio
1046 2384 1222 2452 inconsulte

58 2501 165 2586 aliquid
187 2523 337 2588 agamoa3
361 2503 443 2570 sicut
464 2504 618 2588 scripturn
641 2508 705 2569 est:
732 2503 849 2569 Omnia
872 2525 942 2568 com
957 2503 1088 2570 cornilio
1095 2497 1175 2589 fac²
1191 2506 1223 2568 et

57 2623 157 2685 cetera
193 2619 332 2704 Ideoque
354 2618 422 2686 fore
442 2624 549 2685 ratum
572 2618 754 2704 desummo,
777 2618 966 2686 rusticitatis
988 2637 1078 2685 meu
1098 2617 1221 2684 litteras

58 2735 230 2817 sagacitatis
252 2741 377 2802 vestm
399 2735 579 2801 celsitudini
602 2735 739 2818 dirigere
762 2732 873 2819 hisque
896 2735 1091 2801 cuononem
1114 2733 1222 2821 petiti·

57 2851 124 2936 onis,
147 2851 226 2936 quin
250 2850 412 2938 petitionis
434 2871 524 2918 meae
540 2851 731 2918 desiderium
749 2851 913 2932 intimare;
937 2855 1102 2936 qnatenus,
1125 2851 1221 2916 utris·

57 2967 122 3050 qneh
144 2969 338 3054 perspectis,
368 2967 519 3053 providus
541 2971 728 3053 praeceptor
751 2987 840 3034 mens
863 2966 1025 3051 decernat,
1055 2966 1139 3051 qnod
1161 2965 1221 3034 sibi

58 3082 200 3168 optinum
227 3083 386 3168 rideatur,
410 3082 592 3168 famuloque
615 3103 671 3149 suo
696 3103 771 3150 snae
792 3083 964 3150 voluntatis
987 3087 1100 3150 nutum
1123 3080 1221 3169 placi-

57 3197 106 3264 dus
126 3200 264 3281 indicet3
293 3200 344 3266 cui
367 3199 531 3266 subnixus*
554 3198 691 3266 libenter
713 3205 938 3286 optemperem.
977 3197 1093 3266 Fateor
1113 3199 1222 3283 itaque

57 3313 113 3398 tibi,
136 3317 364 3400 magistrorum
386 3316 565 3382 carissime:
589 3319 758 3400 postquam
782 3320 906 3382 vennae
929 3314 1106 3382 sanctitatis
1124 3314 1221 3382 besn-

56 3429 94 3494 tin
111 3431 258 3498 lectionis
281 3431 504 3516 scrutandique
526 3449 623 3498 cansa
638 3465 679 3478 -
696 3431 725 3497 si
748 3430 823 3516 quid
845 3437 951 3498 tamen
972 3429 1143 3515 ingenioli¹
1157 3430 1222 3498 mei

56 3565 144 3630 parva
165 3547 308 3614 scintilla
327 3547 511 3631 intellegere
533 3547 584 3614 vel
606 3547 798 3630 investigare
813 3546 908 3630 valet,
931 3546 1082 3614 bonitatis
1096 3551 1221 3614 resbae

57 3664 181 3730 mercedi
218 3663 366 3750 primitus
399 3669 474 3750 post
499 3662 603 3730 Deum
631 3663 743 3749 inputo
772 3699 814 3709 —
845 3661 1052 3746 Thiringiam¹
1081 3663 1219 3750 perrexi,

117 3811 137 3842 ι.
158 3799 182 3843 at
199 3798 225 3843 in
237 3799 262 3844 C.
325 3796 348 3843 b.
369 3805 442 3842 cetae
459 3799 539 3864 &soar
552 3800 577 3844 C.
640 3809 660 3842 c.
679 3799 705 3842 nt
720 3796 787 3843 detur
802 3795 869 3842 nobis
885 3797 977 3843 addidi.
1003 3797 1040 3852 Cf.
1052 3795 1167 3856 Ephab,
1179 3795 1220 3843 192

60 3877 89 3928 ‚a
100 3889 140 3936 pro
155 3891 201 3933 me,
218 3877 327 3924 uidetur
343 3877 399 3924 mihi
415 3889 489 3924 sermo
505 3877 529 3922 ln
544 3877 662 3936 opertione
679 3875 749 3922 oris'.
827 3875 850 3922 d.
871 3893 900 3922 ex
911 3880 939 3922 M
954 3875 1089 3932 119-120,
1106 3875 1184 3924 Otto
1194 3897 1218 3908 -

57 3951 107 4010 tto,
128 3958 152 4003 V
163 3959 216 4005 tle
229 3957 316 4006 -62ra
340 3959 393 4004 Sine
408 3959 518 4003 lemmate.
601 3969 621 4002 o.
642 3969 730 4002 summo
751 3957 808 4002 add.
826 3957 851 4003 C.
934 3955 950 4002 i.
971 3971 1014 4002 orn.
1032 3958 1058 4003 C.
1139 3967 1161 4013 Β.
1181 3953 1221 4002 ιά-

58 4039 148 4083 nonem
160 4041 187 4092 C,
205 4055 264 4083 corr.
281 4040 303 4083 br
320 4035 427 4083 ndrnomt
438 4039 478 4093 M‚·
495 4035 642 4082 admonemur
654 4034 682 4083 V.
743 4034 768 4081 b.
788 4035 907 4095 utriusque
926 4039 959 4082 Μ.
1020 4035 1036 4082 i.
1058 4034 1176 4082 subnixius
1187 4037 1221 4081 Μ.

57 4109 205 4175 bingeniolii
224 4116 251 4164 7.
330 4116 346 4162 l
367 4115 514 4174 thuringiam
531 4117 557 4164 C.

118 4197 141 4249 1.
164 4193 326 4251 abbatissae
343 4192 538 4250 Wioburoensi
557 4190 697 4258 (coenobii
715 4191 859 4248 Wimburn
881 4192 910 4246 in
932 4207 1005 4262 pago
1023 4192 1222 4262 Dorcestrsnsi,

59 4279 249 4339 ²Dorcbester
265 4283 337 4338 inter
354 4283 487 4338 edentem
505 4286 535 4337 ot
552 4281 800 4351 septemtrionem);
820 4280 855 4334 de
873 4295 928 4349 que
945 4297 972 4334 v.
986 4281 1042 4335 Vit.
1055 4277 1160 4334 Lioboe
1177 4295 1221 4350 ap.

60 4367 173 4429 hbdlon
191 4371 268 4428 Acta
285 4370 334 4428 SS.
353 4385 426 4427 saec.
438 4371 478 4426 111
495 4371 526 4426 Ρ.
539 4371 639 4426 [1247.
730 4371 756 4424 2.
778 4367 821 4425 Cf.
839 4369 923 4424 Eccli.
937 4369 979 4439 32,
993 4369 1036 4423 tt.
