3148 4846
298 265 364 332 376
658 280 844 330 macoma
866 279 1093 330 nocuarmsa
1117 281 1145 326 er

162 435 279 514 1098
298 423 440 493 ιιιιιιιιιιο.
476 421 601 507 Fateor,
623 421 724 490 fateor
747 429 779 490 et
800 427 962 508 gratanter
978 423 1089 506 iatecu
1113 443 1164 490 me
1183 441 1254 490 cum
1275 421 1361 490 omni
1375 443 1459 492 men·

254 527 339 611 cis
358 539 572 622 integritate'
564 559 597 604 nu
620 540 740 622 grendc
763 545 871 608 sancte
892 540 1004 606 malnis
1027 538 1156 606 ecclesie
1177 539 1375 608 familialiter
1391 559 1460 608 con·

296 629 429 742 sedisse,
447 656 570 742 saepius
598 653 677 722 illud
699 653 902 722 revolvendo:
933 656 1034 722 Unam
1050 660 1134 744 petii
1154 681 1176 722 a
1195 657 1353 738 Demoleo,
1382 658 1460 722 laco

295 769 490 860 repairom¹‚·
522 779 554 840 et
581 775 675 840 item:
708 773 838 844 Lavabo
866 776 948 838 ictor
969 776 1145 840 innocentes
1171 795 1284 838 monae
1306 795 1406 852 nuce,
1435 787 1462 840 a

297 891 496 956 circumdabo
525 891 626 957 altore
652 903 755 969 tanna,
784 885 952 954 Domana&
988 887 1054 954 Hoc
1082 892 1130 954 est
1157 887 1240 954 enim
1269 887 1325 954 illa
1350 887 1462 956 dilecta

297 1004 439 1089 speciosa
462 1010 494 1071 et
515 1005 638 1088 decora„
663 1025 723 1070 nou
747 1003 866 1070 habens
889 1003 1045 1070 scismatis
1061 1022 1120 1070 nec
1134 1002 1291 1070 maculam
1304 1003 1460 1072 falsitatis

297 1119 377 1186 Tota
404 1121 488 1188 enim
517 1120 628 1208 pulcra
658 1124 721 1204 est,
750 1119 839 1186 cuius
868 1119 1005 1207 speciem
1033 1119 1214 1206 concupivit
1240 1115 1325 1186 rex'.
1363 1119 1462 1200 Quam

297 1237 351 1321 qui
374 1234 511 1304 uoluerit
533 1236 650 1304 habere
670 1242 816 1318 matrem,
841 1234 944 1302 Deum
967 1255 1030 1300 non
1053 1235 1171 1321 poterit
1192 1235 1308 1303 habere
1330 1241 1460 1322 patrem.

297 1350 364 1418 Heo
386 1354 553 1437 sententia,
577 1351 714 1440 Spiritus
739 1350 840 1418 sancti
863 1351 1048 1419 anctoritate
1070 1354 1103 1416 et
1122 1350 1324 1436 antiquorum
1338 1359 1462 1438 patrum

297 1469 450 1552 sanguine
476 1468 656 1554 conscripta
684 1473 716 1534 et
743 1465 942 1548 confirmata,
970 1465 1036 1531 celo
1065 1486 1102 1532 ac
1123 1471 1209 1533 terra
1230 1470 1463 1554 permanentior

296 1583 330 1650 in
359 1584 499 1650 seculum
526 1583 661 1650 durabit
754 1579 869 1648 Verum
900 1581 974 1665 quia
999 1601 1063 1648 non
1084 1579 1142 1648 filii
1164 1583 1307 1670 patribus
1330 1584 1387 1652 sed
1408 1603 1462 1672 pa-

297 1705 361 1766 tres
384 1698 457 1766 liliis
480 1699 712 1780 thesaurizant,
741 1696 822 1763 hanc
844 1697 1019 1783 plenariam
1044 1697 1174 1764 ecclesie
1196 1701 1307 1766 mamis
1329 1701 1464 1784 gratiam

297 1835 361 1882 non
390 1815 468 1882 mihi
496 1813 572 1899 soli,
600 1814 656 1880 sed
685 1820 717 1880 et
745 1813 833 1880 velie
861 1811 935 1880 filiis
963 1813 1135 1881 carissimis
1162 1814 1283 1898 gaudeo
1306 1815 1462 1884 collatam.

297 1929 341 1998 Et
363 1951 446 1998 nunc
469 1951 578 1998 omnes
601 1928 759 2016 spiritales
782 1948 902 1996 meroes
920 1949 956 1996 ao
971 1928 1163 1996 dominicum
1178 1930 1331 1998 talentum
1347 1937 1379 1998 et
1393 1951 1464 2018 pre·

297 2049 413 2114 ciosum
438 2049 526 2134 pacis
548 2046 765 2130 margaritam,
789 2065 882 2129 quam
905 2044 1094 2128 negotiando
1115 2045 1255 2114 lucratus
1273 2067 1352 2130 sum,
1375 2047 1465 2114 vobis

297 2162 370 2232 filiis
399 2183 538 2250 expono,
570 2169 606 2229 ιιι
636 2182 691 2228 vos
719 2181 842 2246 quoque
865 2160 979 2228 divites
1002 2161 1071 2228 sitis
1093 2161 1126 2228 iu
1150 2163 1235 2228 omui
1258 2162 1353 2230 verbo
1376 2164 1467 2230 etin

298 2279 386 2348 omni
408 2279 549 2346 scientia
584 2279 668 2365 Opto
692 2283 812 2360 antem,
837 2295 945 2342 omnes
958 2297 1023 2346 ,vos
1047 2298 1115 2344 esse
1138 2278 1221 2346 sicut
1240 2299 1302 2363 me,
1326 2280 1467 2367 exceptis

297 2396 431 2482 privatis
453 2399 653 2484 peccatorum
676 2413 818 2460 meorum
839 2392 983 2460 uinculis.

387 2511 436 2578 De
463 2515 566 2578 cetero
588 2529 755 2595 precamur
777 2515 810 2574 et
832 2509 1048 2592 obsecramus,
1078 2513 1114 2578 ut
1135 2509 1174 2577 de
1196 2509 1326 2595 collegio
1350 2517 1467 2596 vestro,

299 2647 376 2714 quos
399 2627 499 2694 nostis
521 2626 660 2708 idoneos,
684 2625 717 2690 in
741 2624 890 2692 Kalendis
910 2624 1094 2693 Decembris
1116 2626 1252 2710 dirigere
1274 2627 1390 2712 uelitis,
1413 2629 1467 2712 qui

297 2744 422 2830 possint
449 2743 602 2809 iuteresse
633 2741 799 2808 conventui
829 2739 974 2826 ecclesie,
1004 2743 1057 2826 qui
1086 2762 1120 2808 se
1142 2742 1175 2808 iu
1199 2742 1274 2809 villa
1296 2749 1406 2810 noetm
1427 2744 1469 2810 ad

297 2859 448 2927 honorem
477 2858 537 2926 Dei
571 2857 718 2942 colligere
751 2857 899 2924 decrevit
939 2856 1006 2924 Illic
1033 2878 1169 2942 namque
1197 2859 1308 2926 matris
1336 2858 1470 2928 ecclesie

297 2976 378 3044 facie
400 2973 578 3057 exhilarati,
602 2973 756 3060 colloquio
771 2973 942 3058 informati,
966 2973 1096 3041 consilio
1111 2974 1261 3058 roborati,
1284 2975 1471 3062 plenissime

299 3091 503 3176 cognoscetis,
527 3089 663 3177 qualiter
686 3089 779 3156 unius
802 3090 899 3158 moris
922 3095 1048 3156 etcum
1065 3109 1220 3157 consensu
1235 3090 1377 3158 habitare
1394 3112 1470 3178 poe·

300 3208 369 3276 eltis
391 3209 423 3274 in
447 3206 539 3274 domo
563 3204 718 3272 Domini‘.
755 3206 962 3272 Obsecramus
985 3226 1041 3272 vos
1063 3206 1245 3273 indumine
1268 3206 1352 3290 lesu,
1376 3213 1413 3274 ut
1435 3209 1471 3274 id

298 3324 404 3410 ipsum
432 3321 543 3390 dicatis
571 3342 680 3390 omues
703 3327 735 3389 et
756 3341 819 3388 non
843 3321 961 3386 sintin
984 3321 1072 3388 robis
1096 3318 1270 3405 scismata⁵‚
1300 3343 1471 3408 memores,

300 3438 374 3524 quia
401 3436 517 3504 vindex
544 3437 668 3522 gladius
695 3435 845 3503 idolatras
867 3437 1055 3522 prostravit,
1085 3437 1279 3506 scismaticos
1302 3459 1375 3506 vero
1400 3438 1472 3508 hia·

299 3560 351 3620 tus
380 3557 464 3618 terre
493 3551 663 3620 obsorbuit.
700 3552 786 3619 Deus
809 3553 896 3639 pacis
920 3557 952 3620 et
974 3551 1149 3620 dilectionis
1172 3561 1336 3622 conservet
1355 3575 1412 3622 vce
1435 3557 1472 3624 iu

300 3671 422 3736 unitate
445 3668 575 3755 spiritus
599 3675 631 3736 ct
653 3668 777 3736 vinculo
800 3669 897 3754 pacis,
921 3668 1117 3736 dilectissimi
1140 3667 1206 3736 filii.
1241 3671 1353 3738 Amen.

372 3855 396 3908 l.
420 3852 560 3922 Panda.
669 3853 694 3906 ι.
718 3851 762 3906 Pa.
775 3853 818 3921 25,
831 3853 856 3906 6.
964 3854 989 3908 3.
1014 3853 1170 3923 Ps.44,1a.
1276 3856 1302 3910 4.
1326 3856 1473 3926 Paean.

300 3943 326 3997 5.
352 3944 366 3998 1
380 3941 500 3998 Corinth.
514 3944 539 4009 1,
554 3941 601 3996 10:
622 3939 762 4011 „Obsecro
780 3945 872 3996 autem
890 3955 949 4011 voe,
968 3939 1074 4012 fratrea
1092 3957 1142 4012 per
1157 3957 1256 3999 nomeu
1268 3943 1370 4000 domini
1382 3947 1474 4001 nostri

299 4031 362 4086 lesu
382 4029 495 4100 Christi,
520 4035 551 4084 ιιι
571 4029 599 4085 id
617 4030 706 4099 ipsum
725 4028 824 4084 dicatis
841 4045 936 4086 omncs
954 4035 984 4086 et
1000 4046 1056 4086 nou
1074 4032 1127 4086 sint
1145 4032 1173 4087 iu
1191 4030 1270 4088 vobis
1288 4031 1472 4090 schismata“.
