3024 4864
271 303 299 351 s.
316 304 492 352 nosram
513 306 558 352 nn
580 305 681 353 sunm
703 305 891 355 rrrsnonsn
915 305 945 353 oc
1131 289 1196 356 175

56 443 146 526 tranei,
172 443 205 509 in
232 444 424 530 profundum
450 445 567 512 inferni
590 449 623 513 et
643 451 798 515 tartarum
823 446 928 534 abyssi
951 447 1086 514 demersi
1110 453 1194 514 sunt.
1214 455 1267 510 116

54 558 116 623 Nem
128 557 315 643 Geolredum,
340 580 553 646 precessorem
576 563 755 630 venerande
778 562 973 629 celsitudinis
995 568 1070 630 tuae
1093 599 1135 611 -·
1159 569 1196 630 nt

53 675 152 740 tantuli·
172 681 255 760 sunt,
279 678 334 760 qui
355 681 538 763 praesentes
552 678 678 744 fuerant
694 715 736 724 -
753 679 838 765 apud
854 679 983 745 comites
1000 699 1073 746 suos
1089 679 1195 766 splen·

52 789 108 872 dide
127 791 310 876 epulantem,
333 793 492 877 malignus
515 793 657 880 spiritus,
680 795 734 878 qui
757 815 829 860 eum
853 794 892 860 ad
915 792 1063 860 fiduciam
1083 795 1194 881 damp-

50 905 149 972 nandae
172 906 251 990 logis
274 907 335 975 Dei
364 908 524 976 suadendo
546 910 693 996 pellexit,
723 915 904 996 peccantem
928 909 1032 977 subito
1054 911 1088 976 in
1109 911 1195 977 inse·

50 1020 117 1086 niam
135 1023 245 1088 mentis
268 1026 437 1108 convertit;
465 1031 501 1092 ut
524 1027 591 1093 sine
614 1027 810 1113 paenitentia
831 1030 864 1092 et
885 1025 1091 1109 confessione,
1114 1025 1193 1091 luri·

49 1135 148 1202 bmdus
168 1142 199 1204 et
223 1157 330 1206 amens
355 1146 387 1208 et
408 1160 479 1207 cum
501 1141 635 1209 diabolis
658 1143 873 1209 sermocinans
894 1146 926 1208 et
941 1141 1002 1208 Dei
1016 1141 1194 1208 sacerdotes

48 1250 238 1338 ablominnns,
254 1255 294 1322 de
309 1255 369 1323 hac
382 1255 450 1323 luce
467 1258 534 1324 sine
550 1258 645 1326 dubio
661 1258 701 1323 ad
716 1262 876 1324 tormenta
887 1255 1004 1322 inferni
1016 1257 1167 1340 migravit
1176 1253 1192 1322 ¹.

49 1363 174 1436 Osredum
197 1390 321 1456 quoque
337 1372 468 1459 spiritus
483 1372 635 1458 luxoriae,
659 1374 868 1440 lomicantem
883 1377 915 1439 et
929 1393 988 1459 per
1002 1373 1195 1439 monestede

46 1501 194 1552 numerum
224 1491 365 1553 sacratas
386 1489 526 1572 virgines
556 1494 755 1576 stuprantem
783 1495 815 1554 et
842 1489 1016 1572 furentem,
1046 1489 1192 1572 agitavit3

47 1616 124 1683 usqne
142 1600 242 1686 quodi
258 1604 327 1689 ipse
342 1603 513 1687 gloriosum
528 1625 660 1689 regnum
677 1611 709 1672 et
723 1603 910 1671 iuuenilem⁰
927 1603 1026 1669 vitam
1043 1608 1075 1670 et
1090 1604 1192 1690 ipsam
1232 1619 1236 1626 ·

45 1709 211 1782 luxoriosum
237 1720 374 1784 animem
397 1721 627 1807 contemptibili
651 1727 683 1788 et
704 1721 853 1807 despecto
874 1725 976 1786 morte
998 1715 1164 1806 perdidit*

114 1830 319 1920 Quapropter,
341 1833 387 1901 fili
406 1837 577 1920 carisomo,
601 1856 677 1903 cave
692 1835 751 1903 tibi
765 1836 900 1918 foveam,
923 1836 957 1901 in
974 1855 1068 1920 qnam
1084 1835 1191 1902 vidisti
1211 1838 1351 1895 744-747

45 1961 129 2012 eornm
153 1953 184 2015 te
214 1948 293 2016 elios
322 1951 481 2018 cecidisse.
528 1951 611 2018 Cave
639 1951 698 2019 tibi
719 1951 823 2018 iacula
846 1951 968 2036 antiqui
990 1951 1106 2034 hostis,
1136 1971 1193 2038 per

44 2079 105 2142 quae
134 2065 326 2151 propinquos
356 2067 502 2155 proprios
531 2089 637 2135 corum
664 2073 698 2133 te
727 2067 906 2134 vulneratos
935 2067 1047 2133 cadere
1073 2066 1192 2134 vidisti.

44 2175 162 2245 Adtende
183 2179 244 2247 tibi
267 2202 287 2247 a
308 2180 421 2267 laqueo
444 2183 650 2267 insidiatoris,
673 2183 707 2249 in
731 2203 792 2268 quo
808 2187 899 2249 notos
916 2187 948 2250 et
963 2181 1192 2250 commilitones

42 2293 97 2358 tros
115 2294 241 2362 ridebas
270 2298 482 2381 stangulatus
507 2305 538 2366 et
562 2304 760 2386 praesentem
782 2299 881 2364 vitam
905 2303 936 2365 et
958 2297 1097 2366 futuram
1120 2318 1192 2387 pcr-

42 2403 106 2473 dere
147 2410 220 2478 Noli
247 2413 359 2479 talium
383 2414 422 2480 ad
445 2415 654 2500 perditionem
679 2412 825 2500 exempla
847 2415 945 2500 sequi.
992 2414 1085 2481 Tales
1108 2415 1192 2482 enim

43 2519 111 2589 nro
134 2527 352 2614 prophetiamd
375 2535 502 2596 sanctae
531 2530 706 2617 scripturae
736 2535 825 2612 sunt,
855 2531 908 2614 qui
932 2532 1193 2614 angustiaverunt

41 2634 119 2705 iustos
140 2648 171 2708 et
193 2643 250 2728 qui
273 2642 471 2712 abstulerunt
493 2645 616 2713 labores
640 2641 776 2712 eorum¹.
812 2644 849 2711 ln
872 2645 923 2712 die
945 2645 1054 2712 iudicii
1077 2647 1192 2713 dicturi

42 2758 110 2822 sunt:
135 2759 325 2826 lorcam
356 2786 376 2827 o
404 2765 458 2827 vio
487 2765 643 2844 comiato,
675 2775 703 2828 ct
730 2765 869 2827 iustitiae
898 2762 1001 2828 lumen
1023 2785 1087 2828 non
1112 2763 1193 2828 lacet

42 2870 119 2952 odis,
141 2889 169 2940 et
189 2876 242 2942 eol
263 2899 328 2942 noa
351 2890 395 2944 eet
418 2891 504 2944 mooe
525 2881 561 2944 io
584 2873 711 2956 nodce'3
734 2881 780 2942 et:
805 2877 896 2944 Viam
910 2878 1047 2943 Domini
1060 2881 1190 2963 iptoru-

41 2985 149 3066 vimuo⁴5
177 2996 227 3058 ct:
261 2991 349 3074 Quid
370 2994 460 3058 nobee
482 2995 608 3080 profmt
629 2994 794 3081 soperbia,
826 3007 883 3060 out
905 2995 984 3080 quid
1007 2995 1191 3059 divitiorem

42 3101 144 3171 {sectio
166 3109 300 3173 conada
321 3109 432 3174 nodat?
469 3107 678 3176 Transierunt
695 3112 802 3174 omnio
816 3109 874 3174 o'llo
890 3123 1051 3195 tamqnam
1065 3111 1188 3191 umbro,

41 3229 228 3308 dtucsqacm
251 3228 381 3290 nocuos
399 3247 610 3312 praecurrens
617 3273 627 3306 ,
653 3239 682 3291 et
704 3237 866 3311 tamquam
887 3227 989 3306 novio,
1015 3247 1096 3312 qaae
1114 3249 1189 3312 por·

95 3349 178 3430 *uqa
201 3353 373 3412 willelmum
396 3354 671 3414 Molmeeduriensem
698 3364 724 3413 et
743 3357 901 3414 Boroao'cm
927 3365 1083 3433 sequuntur
1107 3357 1190 3414 doec:

135 3447 261 3510 Carolus
277 3467 393 3528 quoqne
407 3451 546 3528 princeps
560 3451 751 3530 Francmnm,
773 3452 1017 3512 monasteriorum
1032 3455 1188 3514 multorum

134 3563 256 3608 eversor
276 3554 306 3610 ct
326 3549 593 3610 ecclesiastieorum
615 3549 803 3626 pecuniarum
826 3549 856 3610 in
877 3567 948 3610 usus
962 3551 1097 3626 proprios
1111 3568 1189 3611 eom·

137 3651 274 3725 mutator,
296 3649 385 3726 longa
406 3648 536 3709 torsione
556 3653 586 3709 et
606 3647 737 3708 verende
757 3651 851 3708 morte
872 3651 1062 3724 consumptus
1082 3652 1155 3709 esti.

94 3800 112 3834 a
131 3791 225 3838 testanti
242 3795 277 3840 Μ.
343 3791 366 3839 b.
388 3811 444 3839 corr.
460 3796 484 3840 in
500 3804 545 3853 quo
562 3795 588 3840 C·
655 3805 674 3840 a
696 3792 822 3838 iuvenalem
838 3793 895 3838 MV.
961 3791 983 3839 d.
1002 3792 1136 3853 prophetam
1153 3797 1188 3842 ln.

93 3892 114 3946 1.
136 3893 176 3950 cf.
195 3911 240 3966 ep.
255 3896 290 3950 10
307 3909 391 3964 supra
407 3911 434 3965 p.
446 3897 489 3952 59.
517 3896 560 3951 De
578 3899 670 3951 cetero
687 3896 780 3965 ipsum
797 3894 1001 3952 Aethilbuldum
1021 3911 1038 3950 a
1056 3897 1188 3954 Oeolredo

41 3973 158 4038 itrassero
176 3999 228 4040 suo
247 3999 345 4054 aspere
363 3989 510 4040 tractatum
529 3999 591 4039 esee
610 3985 725 4054 seimus3
752 4000 779 4038 v.
799 3984 855 4038 Vit
874 3982 902 4038 S.
916 3983 1026 4039 Gutlacl
1043 3985 1187 4050 (llabillon

41 4061 95 4120 dcta
109 4067 153 4125 SS.
167 4071 227 4128 ord.
241 4073 309 4128 Ben.
329 4088 400 4128 saec.
413 4073 453 4128 111
470 4073 500 4129 P.
514 4073 527 4128 l
544 4074 621 4138 alet:
642 4088 726 4144 ,cum
744 4072 806 4127 exul
824 4073 869 4127 ille
883 4101 916 4112 -
928 4072 1114 4144 Ethelbeldns,
1134 4074 1187 4130 lruc

41 4150 133 4226 illoque
148 4169 332 4231 persequente
348 4163 423 4218 illum
436 4161 568 4218 Ceolredo
579 4175 653 4231 rege,
671 4162 700 4216 in
713 4159 829 4216 diversis
841 4161 996 4217 nationibus
1008 4161 1186 4218 lactaretur“.

42 4239 62 4292 ⁴2·
78 4241 167 4314 lupe.
180 4251 206 4304 1.
297 4252 324 4304 3.
348 4249 412 4320 Sap.
425 4251 451 4320 5,
464 4252 489 4306 6.
578 4248 604 4304 4.
629 4248 693 4319 Sap.
707 4249 732 4318 5,
746 4251 771 4304 7.
862 4251 887 4304 5.
911 4249 946 4305 de
964 4249 1116 4305 adulterino
1134 4249 1186 4305 hoc

42 4327 201 4394 adsumto
219 4354 248 4393 v.
260 4338 339 4410 Pagii
356 4339 452 4394 critica
469 4337 497 4394 in
516 4338 628 4394 annales
645 4337 757 4393 Baronii
774 4337 810 4392 ed
828 4353 854 4393 e.
868 4337 918 4394 741
938 4353 965 4394 n.
977 4337 1057 4395 XVII
1074 4343 1102 4393 et
1113 4338 1186 4394 Roth

44 4413 177 4482 (lechitica
193 4425 246 4484 des
264 4423 520 4484 Beneficialweaens
537 4441 566 4497 p
577 4426 630 4483 461
643 4439 703 4496 squ.
