3024 4864
276 253 340 318 170
521 269 547 318 a.
565 269 740 318 nosmsrn
762 269 806 316 nr
828 269 931 318 nunni
953 268 1140 318 nersronlu
1165 267 1196 314 es

113 419 253 476 144-111
273 417 399 498 ceptum
422 416 455 478 et
475 411 634 494 iteratum,
657 408 713 476 illc
735 410 899 478 deantes
923 412 1061 498 Propter
1074 411 1324 496 fornicationem
1341 425 1437 477 emera

272 532 487 615 acceptisque
508 551 599 593 seam
621 549 751 593 oaorem
773 528 894 608 tabeat,
918 541 947 594 et
969 549 1176 614 unaquaeque
1198 530 1303 592 ciram
1323 549 1413 590 eoam
1420 521 1435 590 ¹.

272 643 370 727 Nam,
401 644 428 709 si
451 643 511 710 hoc
533 663 628 709 causa
651 643 806 710 castitatis
830 647 863 708 ct
885 641 1094 709 abstinentiae
1115 642 1219 708 facere
1241 641 1384 725 voluisti,
1406 645 1439 708 nt

272 759 311 827 ab
339 760 448 826 uxoris
477 759 696 827 coniunctione
725 779 782 845 pro
812 759 926 824 timore
954 763 986 824 ct
1014 777 1121 825 amore
1142 757 1203 824 Dei
1226 756 1438 840 abstinuisses,

272 880 305 943 et
331 875 391 942 hoe
413 895 523 942 verum
551 880 582 942 et
609 874 776 962 impletum
805 893 863 961 pro
886 873 954 941 Deo
981 873 1240 960 conprobaven's,
1270 876 1302 940 et
1327 874 1362 939 in
1385 872 1441 940 boe

272 990 460 1074 gaudemus3
485 991 645 1076 quianon
667 997 716 1058 est
739 989 995 1077 reprehensibile,
1019 988 1074 1055 sed
1090 989 1190 1073 magis
1205 988 1373 1056 laudabile.
1408 987 1441 1056 Si

273 1111 377 1172 autem
402 1142 444 1152 —
469 1107 550 1192 quod
580 1107 727 1174 absit-
751 1111 787 1172 ut
809 1105 902 1172 multi
924 1105 1049 1189 dicunt,
1077 1124 1136 1172 nec
1157 1104 1332 1188 legitimam
1356 1124 1441 1172 acce·

271 1221 366 1309 pistil
389 1242 519 1288 uxorem
542 1243 601 1290 nec
623 1222 777 1290 castitatis
801 1220 1025 1288 abstinentiam
1045 1240 1103 1307 pro
1119 1219 1186 1287 Deo
1202 1221 1365 1305 servasd‘,
1389 1221 1443 1288 sed

271 1338 402 1406 libidine
425 1338 606 1404 dominante
629 1339 663 1403 in
685 1335 801 1404 scelere
824 1336 967 1404 luxoriae
983 1342 1015 1402 et
1030 1336 1177 1404 adulterii
1191 1336 1309 1402 famam
1324 1336 1442 1420 gloriae

272 1459 345 1520 tuae
367 1473 472 1520 coram
495 1453 565 1521 Deo
588 1459 620 1521 et
641 1452 820 1520 hominibus
843 1452 1049 1536 confuderiel,
1076 1453 1109 1518 in
1132 1453 1191 1519 hoc
1212 1451 1304 1519 valde
1326 1453 1443 1520 conui-

273 1576 410 1652 etamur3
434 1571 508 1655 quia
531 1575 562 1636 et
585 1571 619 1635 in
642 1573 811 1655 conspectu
825 1568 887 1635 Dei
909 1567 1063 1652 flagitium
1087 1573 1119 1634 et
1141 1588 1246 1635 coram
1264 1569 1442 1636 hominibus

271 1685 375 1753 famae
398 1692 522 1753 vestrae
544 1685 684 1752 confusio
708 1705 777 1752 esse
799 1683 982 1751 dinoscitur.

360 1801 404 1870 Et
419 1803 530 1886 adhue,
554 1802 638 1887 quod
652 1801 742 1888 peius
759 1806 816 1884 est,
840 1801 895 1885 qui
909 1801 1000 1868 nobis
1015 1805 1157 1884 nument,
1181 1799 1336 1868 adiciunt:
1362 1799 1446 1887 quod

271 1918 331 1986 hoe
361 1918 463 1986 scelus
493 1918 684 2002 ignominiae
712 1917 870 1984 maximae
892 1937 963 1984 eum
987 1915 1104 1982 sanetis
1128 1916 1316 1984 monialibus
1339 1922 1375 1983 et
1396 1937 1445 1984 ea·

272 2035 368 2102 cratis
390 2034 458 2102 Deo
481 2034 657 2118 virginibus
679 2054 737 2120 per
759 2033 953 2100 monasteria
967 2032 1169 2100 commissum
1185 2033 1235 2100 sit
1270 2032 1365 2118 Nam,
1389 2035 1446 2100 hoc

273 2156 436 2236 peccatum
459 2151 576 2237 duplex
601 2169 686 2234 csse,
715 2169 777 2215 non
801 2149 930 2216 dubium
955 2154 1013 2215 est.
1058 2147 1103 2214 Ut
1124 2147 1212 2215 verbi
1233 2151 1337 2233 gratia
1359 2150 1444 2217 dica-

273 2286 361 2351 mne,
390 2266 478 2332 cuius
501 2265 659 2333 vindictae
688 2287 761 2332 rans
789 2265 833 2332 sit
858 2285 939 2352 puer
963 2263 1048 2351 apud
1071 2264 1232 2331 dominum
1254 2285 1364 2351 sunm,
1394 2267 1446 2352 qui

274 2401 406 2448 uxorem
430 2382 550 2450 domini
573 2382 623 2449 rui
646 2381 800 2448 adulterio
822 2380 996 2448 violaverit
1032 2380 1155 2458 Quanto
1178 2382 1278 2465 magis
1300 2381 1370 2467 ille,
1394 2384 1447 2469 qui

273 2518 423 2585 sponsam
446 2497 580 2581 Christi,
611 2497 762 2564 creatoris
785 2495 864 2563 caeli
887 2502 920 2564 et
940 2504 1060 2580 terrae,
1086 2497 1253 2584 putredine
1275 2518 1352 2566 suae
1375 2499 1448 2566 libi·

274 2613 356 2680 dinis
373 2613 663 2696 commaculaverit3
684 2613 807 2680 dicente
822 2611 914 2680 beato
929 2611 1028 2678 Paulo
1045 2611 1218 2700 apostolo·:
1236 2615 1291 2680 Aa
1305 2619 1445 2697 eosdm,

274 2735 351 2818 qaia
374 2753 509 2819 corpora
530 2743 633 2796 vestm
656 2731 772 2817 teoaplo
794 2742 867 2794 caat
882 2729 1025 2816 Spiritus
1045 2725 1185 2796 eeoeai'
1208 2733 1240 2796 ab
1262 2730 1352 2798 alibi:
1379 2734 1447 2800 Ne·

273 2851 369 2929 satra,
395 2852 472 2934 qaae
494 2847 642 2934 tenplum
657 2848 724 2913 Dea'
745 2849 826 2927 ertia,
852 2859 881 2912 et
902 2848 1033 2931 optatae
1048 2845 1115 2910 Dea'
1133 2847 1254 2914 tettae
1268 2851 1302 2914 ic
1317 2843 1447 2914 roobia²⁸

275 2965 316 3032 St
344 2967 415 3052 quob
444 2977 548 3030 catere
574 2964 723 3050 ternplum
744 2963 811 3028 Dei
835 2962 1014 3042 violaverat,
1045 2964 1204 3049 disperdet
1223 2964 1315 3029 titum
1337 2965 1448 3042 Deue3

274 3081 423 3167 templum
446 3077 542 3144 entre
557 3079 623 3144 Dei
644 3091 785 3144 coemam
806 3092 861 3157 est,
886 3080 972 3163 qood
987 3081 1059 3144 cetis
1073 3075 1153 3144 ooe‘.
1188 3075 1232 3144 Et
1245 3078 1364 3146 iterum
1380 3081 1448 3148 ido-

273 3195 386 3262 latriae
409 3195 554 3260 servituti
578 3193 735 3260 adulteros
759 3197 791 3259 et
811 3193 1018 3261 fornicatores
1041 3193 1074 3258 in
1098 3213 1241 3260 sermone
1263 3199 1295 3260 et
1312 3215 1448 3262 numero

274 3315 474 3398 peccatorum
496 3310 600 3392 iungit
623 3309 744 3374 dicens:
768 3309 824 3374 Aa
846 3311 981 3390 aeram,
1006 3313 1083 3396 qaia
1105 3313 1212 3396 iniqui
1231 3334 1365 3398 reprom
1383 3313 1451 3378 Dei

273 3451 339 3495 aco
360 3427 584 3514 possidebant?
617 3426 725 3492 Nolite
747 3447 863 3491 arare.
898 3425 1011 3511 Neque
1023 3425 1211 3511 fornicarii,
1235 3449 1334 3514 aeque
1348 3430 1448 3495 ἱιίοἰὼ

273 3547 449 3624 recimer,
473 3563 572 3628 neque
595 3543 742 3622 adultera,
767 3565 865 3628 aequo
886 3542 1004 3622 mellea,
1028 3563 1127 3628 aeque
1142 3544 1355 3609 masculorum
1369 3567 1447 3611 eorr-

275 3661 437 3740 coda'torea,
465 3680 565 3744 raeque
578 3658 684 3743 fores,
708 3680 808 3744 eoquo
830 3661 932 3736 acam,
956 3679 1056 3744 neque
1078 3659 1202 3738 abacti,
1226 3681 1325 3746 nepote
1346 3661 1448 3726 male-

274 3777 349 3855 dici,
373 3796 472 3860 oeque
493 3795 626 3860 ropocee
649 3795 780 3859 reprom
803 3773 869 3838 Dei
884 3769 1116 3860 possidebunt·
1207 3773 1303 3860 Apud
1326 3773 1449 3843 Grecos

274 3890 359 3956 enim
388 3894 420 3956 et
441 3887 598 3955 Romanos
622 3924 663 3934 -
688 3889 779 3974 quasi
806 3887 1053 3974 blasphemiam⁸
1075 3888 1142 3956 Dec
1169 3889 1360 3975 inrogasset,
1392 3891 1450 3977 qui

347 4044 367 4077 a
388 4031 450 4091 quod
471 4031 539 4078 stiam
559 4044 600 4090 per
620 4031 747 4090 apostolum
763 4029 807 4078 Dei
822 4031 914 4078 Paulum
936 4033 1081 4092 praeceptum
1103 4035 1127 4078 et
1143 4034 1249 4080 iteratum
1265 4035 1307 4089 eet,
1323 4033 1449 4082 doemtem

274 4113 342 4171 atque
363 4111 475 4158 dicentem
492 4113 566 4170 Cpro
586 4113 613 4156 nt
629 4123 672 4170 per
686 4110 815 4170 apostolum
834 4135 859 4142 -
877 4111 981 4159 docente.
1059 4113 1081 4160 b.
1102 4113 1205 4173 accipieti
1223 4114 1250 4159 V.
1328 4127 1347 4159 a
1370 4127 1449 4162 masr-

274 4192 333 4238 raeti
350 4193 376 4240 C.
439 4191 462 4237 d.
484 4189 628 4237 confunderis
647 4190 674 4236 V.
736 4203 756 4236 e.
777 4207 819 4236 om.
837 4195 862 4238 C.
925 4191 941 4238 i.
962 4209 1005 4238 om.
1023 4197 1056 4239 M.
1118 4205 1140 4251 g.
1161 4191 1327 4252 plaspheminm
1343 4195 1405 4242 1117.

346 4288 370 4341 1.
396 4285 551 4341 moena.
570 4287 595 4355 r,
614 4287 640 4340 a
729 4287 755 4340 a.
781 4285 935 4341 leoena.
955 4288 980 4358 c,
997 4288 1040 4342 19.
1130 4285 1448 4358 attenuatam.

273 4374 300 4430 4.
325 4373 513 4444 memma
528 4375 569 4430 ιτ.
659 4374 685 4429 5.
711 4373 994 4446 adorientem.
