3176 4846
552 304 629 350 vm
652 305 846 351 enatantem
867 305 895 352 Π

249 447 281 508 st
302 443 379 508 tuba
401 443 571 510 castrensis
594 445 714 526 sonuit,
737 443 774 510 fit
795 465 901 530 pugna
923 444 1095 512 Remensis.

248 557 382 625 Tollitur
404 559 436 624 in
460 559 580 626 coelum
604 560 732 626 elamor.
771 559 865 626 Volat
888 561 1024 646 undique
1046 560 1145 628 telum

248 675 287 740 de
310 674 382 740 nive
404 681 617 761 compactum,
640 695 703 741 non
725 676 802 742 ferri
824 676 963 761 pondere
985 677 1118 759 factum3

247 790 294 856 sio
317 791 389 857 nive
411 797 565 874 certatur,
589 811 647 858 neo
667 792 751 858 ferro
775 812 881 877 pugna
902 797 1056 878 patratur.

179 923 225 970 ssa
247 905 291 972 Et
313 927 387 992 pers
409 908 514 993 prima
534 908 596 973 ioci
618 907 737 991 geritur
759 907 828 974 siue
850 907 906 974 lite
927 909 1034 975 feroci.

291 1021 376 1089 Proh
397 1023 519 1090 facinus
541 1024 706 1088 miserum!
730 1021 893 1090 Mutantur
915 1045 1069 1110 prospera
1089 1045 1195 1092 rernm

247 1138 280 1203 in
303 1139 452 1204 miseram
475 1145 602 1206 sortem.
638 1137 804 1204 Tumidum
828 1138 913 1204 subit
934 1140 985 1206 ira
1007 1140 1167 1208 eohortem

247 1253 376 1321 alterius
399 1255 499 1342 partis
521 1255 588 1320 reri
611 1252 669 1320 sub
692 1254 829 1336 imagine
852 1253 973 1339 Martis,

249 1389 329 1454 qnae
352 1390 413 1438 non
437 1374 507 1436 tuta
528 1389 640 1456 parum
665 1370 696 1433 vi
719 1369 861 1435 constitit
882 1369 1141 1454 Angligenarnm.

181 1503 225 1549 sao
247 1485 296 1552 Ex
320 1505 451 1553 numero
475 1505 607 1570 quornm
629 1485 690 1550 fnit
712 1505 792 1552 unus
815 1485 904 1568 origo
927 1485 1097 1568 malorum,

227 1603 300 1686 ¹qni
323 1602 396 1666 ulva
418 1600 576 1668 consolvit
598 1600 752 1688 lapidem,
776 1621 948 1687 pacemque
969 1601 1110 1686 resolvit,

248 1724 278 1784 et
298 1717 435 1803 lapidem
459 1717 542 1799 iecit,
566 1737 627 1801 qno
650 1716 746 1782 fronti
771 1716 901 1782 vulnera
923 1717 1007 1802 lecit,

248 1832 408 1898 Teutonici
431 1833 550 1898 vultum
574 1833 699 1898 feriens.
731 1831 820 1911 Quod
842 1853 904 1898 non
929 1831 966 1898 fit
986 1832 1131 1900 inultum.

247 1947 354 2015 Oleros
377 1947 562 2030 inardescit,
587 1949 661 2032 qnia
684 1954 769 2014 terra
791 1967 902 2014 eruore
924 1949 1087 2032 madescit,

178 2083 224 2129 soa
247 2065 331 2130 unda
351 2064 438 2130 salut
460 2063 555 2128 fontis
579 2064 632 2148 qni
654 2061 747 2129 fluuit
767 2063 897 2130 vulnere
918 2064 1041 2130 frontis.

245 2177 361 2265 Lisqne
384 2179 420 2245 fit
442 2179 492 2244 hio
514 2179 621 2262 fortis,
645 2179 737 2244 iustis
760 2177 955 2246 conflictibus
979 2179 1073 2262 ortis;

246 2315 303 2362 neo
325 2315 375 2362 res
398 2295 530 2361 infestae
553 2299 627 2361 sunt
649 2315 710 2377 quo
734 2295 821 2380 prius
845 2295 954 2360 ordine
976 2301 1093 2380 gestae,

245 2419 334 2494 gesta
355 2416 404 2477 set
425 2411 476 2478 hio
498 2431 570 2476 vere
593 2409 699 2476 civilia
720 2409 803 2476 bella
824 2411 921 2478 fuere.

288 2526 350 2592 Res
372 2527 486 2610 gladiis
509 2527 642 2610 geritur;
666 2527 738 2592 nive
762 2527 816 2610 qni
838 2527 942 2612 prins,
967 2547 1041 2594 ense
1062 2528 1183 2596 feritur.

177 2661 222 2707 eoo
246 2641 395 2729 Instrepit
417 2662 575 2708 armornm
599 2641 705 2724 fragor
728 2648 760 2708 et
782 2662 926 2708 murmur
947 2642 1113 2726 lituorum3

244 2757 358 2824 bucina
379 2757 557 2840 clangebat,
582 2777 661 2842 quae
684 2757 796 2841 vulgus
819 2758 860 2824 ad
883 2779 972 2824 arma
994 2759 1106 2842 ciebat,

244 2894 305 2941 non
329 2875 398 2940 ioca
420 2873 580 2940 suadendo
603 2880 652 2939 set
675 2873 776 2958 prelia
799 2894 874 2940 uera
896 2873 1059 2940 movendo.

244 2989 422 3056 Teutonicis
444 2990 541 3072 igitur
563 2989 613 3054 in·
637 2988 719 3055 bella
741 2989 921 3055 cohortibus
943 2990 1023 3070 itur3

241 3104 390 3188 Francia,
415 3125 493 3189 quos
515 3107 604 3171 norit
626 3104 764 3187 validos,
789 3105 821 3171 in
844 3104 946 3191 prelia
967 3105 1080 3186 movit,

175 3241 219 3286 ooo
242 3221 409 3288 fulmineos
433 3241 523 3287 enses
546 3221 630 3286 cives
655 3221 811 3287 strinxere
833 3220 1019 3302 Remanses3

242 3337 335 3404 ardor
359 3344 390 3403 et
412 3339 530 3402 irarum
554 3357 651 3420 genus
676 3337 794 3403 excitat
816 3337 1075 3422 Angligenarnm.

287 3453 342 3520 Set
365 3453 438 3520 dnm
463 3451 548 3518 Mars
571 3453 733 3536 fremeret,
759 3452 834 3518 dnm
857 3473 925 3520 sors
951 3457 1093 3521 extrema
1114 3459 1256 3521 maneret

240 3570 411 3654 ingenuum
434 3569 552 3635 olerum
575 3588 697 3635 summo
721 3569 902 3635 discrimine
925 3589 1040 3652 rerum,

240 3705 347 3752 rumor
369 3684 540 3752 Adelberto
562 3685 721 3770 perfertur
743 3685 782 3751 ab
804 3685 907 3752 indice
929 3691 1029 3752 certo:

172 3820 217 3866 ero
241 3803 305 3869 iam
328 3802 438 3868 mundi
460 3799 585 3884 florem,
608 3801 673 3868 iam
696 3800 776 3867 velle
799 3801 903 3886 perire
927 3801 1071 3868 decorem

241 3918 430 3985 Teutonicae
452 3917 554 4000 gentis
577 3917 610 3982 in
633 3917 752 3983 ferrum
774 3921 885 4003 sponte
909 3918 1045 3999 ruentis3

241 4039 273 4100 et
295 4033 369 4120 quia
393 4033 569 4120 preclarum
591 4033 673 4099 forst
696 4051 810 4116 agmen
832 4032 1098 4115 Francigenarnm

238 4149 299 4218 heu
322 4151 456 4216 miserae
479 4149 573 4214 sortis
597 4168 763 4234 passurum
785 4147 917 4215 vulnera
938 4151 1065 4230 mortis;

240 4272 271 4332 et
294 4266 368 4352 quie
391 4271 515 4332 matura
537 4283 613 4330 neae
635 4264 678 4329 sit
699 4284 811 4331 manus
834 4265 1002 4332 interitura

200 4421 221 4454 ι.
241 4411 276 4454 st'e
292 4410 387 4454 correxit
403 4410 425 4452 ia
442 4407 519 4453 codice
536 4407 585 4452 alta
602 4423 681 4452 monus
697 4406 733 4452 ad.
