3024 4864
265 277 292 324 s.
310 277 487 325 normann
508 277 553 324 rrr
575 277 677 325 unum
700 277 887 325 nrusrounr
912 275 950 322 or.
967 275 997 322 se
1157 259 1219 326 167

69 437 154 484 naam
175 419 361 504 petitionem
385 423 417 486 et
439 418 646 503 desiderium,
670 418 704 485 id
726 422 788 486 est:
817 423 854 486 ut
875 423 911 486 tu
932 437 1021 485 meus
1045 439 1130 486 esses
1154 420 1255 508 epi-o.
1269 425 1389 484 tta-746

67 553 163 620 seopus
197 553 270 600 oum
297 555 368 602 meo
396 535 542 622 episeopo
570 533 703 602 Daniolo
713 530 729 600 ¹.
776 533 854 603 Pro·
883 540 940 602 tua
968 533 1136 603 elementia
1162 535 1223 603 hoo

66 650 131 716 milri
151 649 372 736 eoncedebasl,
396 651 424 718 si
445 650 492 718 ita
513 650 650 735 lenisset,
673 651 755 718 siem
776 671 849 719 eum
872 651 990 736 rogavi.
1024 651 1179 720 Putabam
1202 672 1223 719 a

66 771 104 848 te,
129 767 255 833 domine
275 766 337 852 mi,
361 765 498 853 [diquem
521 766 744 834 consolationis
768 787 945 835 sermonem
966 767 1076 836 venire
1098 768 1138 835 od
1159 789 1220 834 me.

64 881 166 948 Notum
196 882 239 948 sit
266 881 340 966 tibi,
370 881 444 967 quia
472 903 512 949 ex
541 903 577 950 eo
606 888 749 970 tempore
775 903 890 950 nomen
912 889 1004 950 tuum
1027 883 1222 971 adscriptum

58 997 240 1082 ‘habuissem
264 1017 334 1066 eom
358 998 527 1064 missarum
551 997 716 1066 sollemnia
739 999 940 1084 celebrarem,
964 1000 1059 1066 simul
1079 1019 1150 1067 oum
1165 1019 1222 1067 no-

63 1114 187 1181 minibus
212 1114 433 1202 episcoporum
455 1121 652 1196 nostrorum,
683 1119 715 1182 et
736 1115 830 1182 modo
852 1135 916 1183 non
939 1135 1027 1183 oesso
1050 1135 1145 1202 qoam
1168 1115 1223 1183 diu

62 1229 235 1312 subsistam
267 1234 299 1297 ot
332 1231 361 1298 si
394 1233 599 1318 supervixero
627 1231 701 1314 tibi,
736 1250 808 1298 oum
835 1232 962 1298 nomine
991 1233 1093 1319 patris
1121 1233 1223 1300 nostri

62 1345 231 1413 Eronwaldi
255 1341 412 1434 episeopi'
427 1351 516 1412 tuum
541 1346 684 1414 adscribo
706 1367 833 1414 nomon.
867 1347 911 1415 Et
926 1347 986 1415 hoo
1000 1346 1059 1414 tibi
1074 1347 1222 1416 intimare

61 1463 178 1547 curabo,
210 1463 295 1548 quod
322 1462 382 1530 hoo
411 1461 552 1530 soribsns
580 1482 644 1530 non
668 1463 743 1550 quia
764 1462 938 1531 demerito
960 1464 1025 1531 mei
1047 1465 1222 1552 peooatoris

61 1578 207 1646 oonlidens
231 1580 303 1664 sim,
327 1578 383 1646 sed
405 1579 445 1646 de
466 1579 684 1646 miserioordia
699 1579 761 1646 Dei
783 1585 815 1647 et
837 1591 910 1666 spe⁰
933 1585 989 1646 tua
1011 1599 1107 1665 quam
1124 1579 1222 1648 habes

60 1695 87 1760 in
106 1694 217 1762 Deum.
287 1694 378 1762 Ideod
401 1695 553 1782 depreoor
573 1699 634 1780 te·,
657 1701 694 1762 nt
715 1701 820 1763 toonm
842 1696 996 1763 memoria
1017 1716 1090 1763 mea
1111 1715 1221 1763 seoun-

60 1809 122 1877 dum
148 1812 343 1898 parvitatem
371 1831 473 1879 meam
503 1816 536 1878 et
560 1811 595 1877 in
623 1811 785 1898 presente¹
807 1817 840 1878 et
867 1811 901 1878 in
927 1812 1033 1879 futuro
1059 1812 1219 1899 persistat.

59 1925 125 1994 Vale
144 1929 178 1994 in
203 1927 340 1995 Christo.

528 2017 741 2028 —n—-n—

61 2139 112 2211 58.
132 2144 316 2210 Zachariae
343 2167 433 2232 popo
460 2143 664 2229 Bonifatium
691 2144 870 2230 redorpas't,
902 2143 988 2230 qaod
1014 2145 1050 2208 io
1075 2143 1222 2210 Bovario

132 2261 334 2348 rebaptizari
354 2261 528 2347 baptizatos
552 2261 707 2347 quosdam
729 2263 865 2342 iusserat,
890 2263 1042 2347 quondam
1064 2261 1220 2341 sorados,

133 2380 235 2442 saorra
266 2399 316 2443 eos
342 2379 490 2458 doitrant,
514 2376 630 2442 Mane
651 2379 789 2443 neodem
813 2389 963 2464 compto
975 2376 1124 2462 formato
1145 2399 1222 2442 osas

135 2499 240 2559 casetss.
837 2489 872 2573 (S
891 2493 964 2576 134,
988 2490 1027 2559 W
1043 2494 1097 2577 62,
1121 2489 1148 2558 G
1164 2491 1221 2573 56)

132 2623 402 2692 Reverentissimo
436 2629 469 2691 ot
502 2625 701 2692 sanctissimo
729 2624 821 2691 fratri
848 2623 1007 2693 Bonifatio
1035 2624 1220 2712 ooepisoopo
1243 2638 1295 2695 746

59 2737 214 2809 Zacharias
239 2761 350 2808 sersus
373 2761 536 2808 servorum
559 2739 628 2808 Dei.
1237 2711 1303 2760 ω

133 2851 306 2943 Virgilius⁸
329 2861 362 2924 ot
390 2851 591 2940 sedoniusfl,
620 2855 760 2939 religiosi
786 2856 849 2923 viri
877 2857 962 2943 apud
989 2855 1220 2925 Baioariorum¹

59 2975 241 3056 provinciam
266 2973 426 3057 degentes,
450 2973 515 3040 suis
538 2991 595 3038 nos
617 2970 732 3039 litteris
753 2973 803 3038 usi
819 2977 903 3056 sont,
926 2993 984 3060 por
1000 2993 1077 3058 quas
1092 2973 1220 3040 intima·

59 3095 166 3175 rerunt
190 3089 279 3176 quod
301 3093 358 3156 tua
371 3087 543 3155 reverenda
557 3087 739 3155 fraternitas
755 3088 800 3155 eis
816 3088 1008 3171 iniungeret:
1032 3089 1220 3157 christianos

58 3203 146 3272 denuo
167 3206 348 3295 baptizare.
383 3203 473 3282 Quod
497 3204 670 3288 audientes,
693 3204 788 3271 nimis
812 3225 920 3270 sumus
943 3205 1121 3273 conturbati
1139 3210 1172 3272 et
1186 3207 1220 3271 in

58 3319 289 3390 admirationem
318 3319 477 3408 quandam
504 3319 687 3402 inoidimus3
716 3321 745 3386 si
775 3319 925 3405 habetur,
954 3327 991 3387 ut
1019 3321 1138 3387 dietum
1161 3326 1218 3389 est.

58 3433 248 3508 Rotulerunt⁵
265 3437 393 3524 quippo,
416 3435 501 3521 qood
522 3435 619 3502 fuerit
634 3437 668 3503 in
683 3435 793 3503 eodem
809 3436 971 3524 provincia
987 3438 1143 3523 saoerdos,
1166 3437 1221 3523 qui

118 3612 137 3644 ι.
157 3602 182 3646 at
196 3613 242 3660 pro
261 3601 292 3655 C,
308 3599 347 3644 atr·
363 3601 386 3644 et
400 3599 572 3657 superscriptum
589 3605 629 3642 cat.
693 3595 716 3643 b.
737 3595 850 3644 condebas
866 3599 906 3652 M,
923 3613 980 3644 corr.
995 3599 1019 3643 ia
1035 3596 1177 3645 concedebas
1193 3600 1219 3646 C.

58 3687 138 3738 aspss
153 3684 194 3734 u,
218 3679 274 3739 spii
293 3680 320 3725 V.
398 3677 421 3724 d.
442 3676 539 3734 ideoque
557 3677 582 3724 C.
661 3689 681 3722 a.
701 3677 725 3722 to
743 3693 785 3723 om.
804 3679 830 3724 C.
907 3675 924 3724 l.
945 3694 1002 3723 corr.
1018 3679 1041 3724 in
1061 3678 1177 3738 praesenti
1193 3680 1219 3726 C.

58 3767 74 3811 t.
90 3776 115 3804 cz
130 3763 157 3806 Μ
167 3761 217 3806 ²2¹⁷
227 3781 252 3790 -
261 3759 319 3813 ato,
337 3759 358 3806 C
367 3758 488 3806 lt-lto.
513 3757 566 3804 Ss'ru
581 3756 684 3802 lemmate
695 3759 736 3812 Me
752 3754 856 3816 Epistola
865 3754 987 3804 Zachariae
1003 3755 1033 3804 ad
1043 3756 1181 3804 multatum
1193 3758 1219 3805 C.

58 3833 145 3884 tm.
160 3843 183 3885 ἡ
199 3839 312 3885 Sldonius
330 3839 357 3885 C.
434 3837 450 3883 i.
470 3835 626 3882 Baioariorum
644 3837 670 3882 ι’.

117 3943 139 3996 1.
157 3942 343 4000 vintoniensi.
433 3941 459 3995 2.
484 3939 664 3995 Londioeusis
683 3941 717 4006 (†
733 3940 814 4010 693),
839 3939 968 4009 quiante
986 3943 1143 4011 susoeptnm
1162 3940 1218 4010 opi-

59 4035 184 4098 toopatum
203 4029 331 4087 ooudidit
348 4028 543 4085 monasterium
561 4027 741 4083 Cortosiense.
770 4028 804 4085 V.
823 4027 917 4083 Bodas
934 4027 998 4084 hist.
1017 4029 1082 4084 eool.
1095 4029 1135 4084 IV
1153 4043 1177 4083 o.
1191 4030 1216 4099 6,

59 4115 115 4188 Ορῃ.
126 4120 167 4176 od.
179 4119 259 4176 Giles
269 4119 312 4174 111
329 4135 357 4188 p.
369 4120 418 4189 363
437 4117 620 4174 lionastioum
631 4115 784 4186 Anglioan,
803 4115 890 4171 Lond.
905 4119 982 4188 1846,
995 4119 1028 4172 Τ.
1041 4117 1133 4188 1422,
1152 4117 1218 4173 Vita

61 4201 83 4258 S·
97 4207 276 4278 llroonrraldi,
300 4207 374 4262 Asta
392 4205 440 4263 SS.
459 4205 526 4277 Apr.
539 4206 580 4261 llI
598 4207 659 4260 781.
766 4207 792 4260 3.
815 4210 914 4276 postea
938 4220 981 4276 ep.
1000 4205 1215 4276 Salaburgensis.

60 4295 81 4346 4.
99 4301 191 4364 postea
209 4312 255 4367 ap.
272 4296 454 4352 Pataviemis.
526 4296 552 4351 5.
579 4295 762 4366 ,Rotulerunt
778 4295 867 4350 nuntii
883 4296 932 4366 tui,
950 4294 1024 4364 quod
1034 4323 1068 4335 -
1078 4299 1109 4350 ut
1126 4294 1217 4351 denuo

61 4377 238 4451 mpomnw
259 4390 325 4442 sunt
342 4385 371 4440 iu
389 4384 515 4440 Gratiani
532 4383 613 4440 Deor.
631 4383 715 4439 P.111
732 4383 774 4439 De
793 4398 913 4441 oonssor.
933 4383 998 4439 D.4
1015 4398 1075 4440 oan.
1087 4385 1131 4440 86.
