3110 4844
333 251 398 320 282
539 269 565 316 a.
582 266 759 316 normann
780 267 825 316 ur
847 267 950 316 nuum
970 267 1159 318 missoria
1181 269 1233 316 ne.
1251 268 1295 316 117

171 418 313 473 ves-‘172
421 409 566 478 Misimus
590 409 679 478 vobis
702 419 835 476 nomen·
858 408 967 476 domni
988 409 1124 478 Romani
1146 405 1330 498 episcopi⁵¹‚
1357 429 1406 496 pro
1424 429 1470 495 quo

330 526 546 610 unusquisque
574 531 715 592 vestrum
743 524 876 608 triginta
904 525 1018 592 missas
1046 531 1165 609 cantet3
1196 532 1229 594 ct
1255 526 1326 592 illos
1352 525 1472 613 psalmos,

273 632 277 642 ’
331 648 363 710 et
384 642 537 710 ieiunium
559 642 650 708 iuxta
672 640 928 708 constitutionem
951 647 1103 708 nostram.
1173 640 1326 709 Similiter
1347 641 1474 729 produc

330 759 389 825 bus
416 758 506 824 laicis
534 757 662 824 nomine
689 755 878 840 Mogenirith
905 763 938 824 et
960 756 1091 825 Hraban
1119 756 1227 824 decem
1254 759 1381 826 missas⁰
1400 777 1476 824 unus

332 875 464 961 quisque
486 877 628 941 vestrum
649 877 764 940 cantet.

420 987 531 1056 Valete
552 989 587 1054 in
609 987 677 1054 Deo
700 1007 836 1075 semper.

336 1315 423 1386 117.
443 1318 601 1404 anwolf
626 1319 722 1384 obdas
745 1317 840 1383 Laelio
870 1320 1014 1403 episcopo
1043 1319 1082 1384 de
1110 1317 1242 1404 epistola
1263 1320 1361 1384 mbae
1379 1319 1482 1404 praesa

444 1437 520 1519 apia
567 1435 670 1500 Addit
692 1436 731 1498 de
752 1437 869 1499 matoes
887 1433 1037 1520 precibus
1050 1431 1243 1518 faciendisl.

1099 1546 1134 1630 (S
1151 1549 1204 1632 93,
1228 1546 1268 1614 W
1285 1549 1360 1632 125,
1382 1545 1483 1628 Gne)

244 1689 296 1774 ⁷73
371 1683 404 1750 ·l·
426 1682 563 1749 Domino
602 1681 803 1750 desiderabili
843 1701 880 1748 ac
913 1682 982 1750 iure
1019 1681 1193 1748 venerabili
1227 1681 1376 1770 episcope
1410 1679 1486 1746 lullo

221 1761 274 1809 Μ’
285 1763 316 1809 ⁹⁴
331 1799 461 1866 Eanvlf
485 1819 594 1866 servus
615 1797 734 1866 Christi
754 1797 826 1864 Iesu
848 1817 912 1864 una
934 1818 1006 1864 cum
1028 1798 1203 1882 conservis,
1234 1797 1288 1883 qni
1309 1816 1429 1866 mecum
1447 1793 1487 1862 bis

332 1917 367 1982 in
389 1916 467 1983 loeis
498 1914 722 1982 suavissimum
752 1912 908 1997 euangelii
930 1913 1039 1998 iugum
1061 1933 1120 2000 pre
1143 1912 1334 1980 invenienda
1355 1913 1388 1980 in
1409 1910 1488 1980 caelis

331 2033 456 2117 requie·
479 2032 605 2098 trahere
627 2030 776 2115 gaudent,
799 2035 963 2117 perpetem
986 2029 1020 2095 in
1043 2028 1179 2096 Domino
1203 2029 1350 2096 salutem.

420 2147 519 2214 Multo
550 2147 677 2233 quidem
700 2146 815 2231 gaudio
839 2145 1029 2212 delectatum
1052 2149 1100 2212 est
1122 2165 1176 2212 cor
1198 2150 1361 2230 neruum,
1391 2161 1489 2228 magns

333 2262 526 2330 exultatione
554 2263 662 2346 lingua
691 2262 847 2348 insonuit,
875 2283 950 2328 nam
978 2260 1054 2327 dum
1076 2265 1163 2328 tante
1186 2261 1235 2328 vir
1258 2261 1442 2328 eruditionis
1461 2276 1490 2324 ac

335 2379 512 2446 sanctitatis
541 2378 597 2444 ad'
619 2399 677 2445 nos
700 2378 823 2445 litteras
846 2379 1074 2444 transmiserat.
1117 2376 1317 2464 Quapropter
1340 2383 1492 2466 patemrn

333 2499 406 2562 turae
421 2494 562 2560 caritatis
578 2495 788 2562 reverentiam
803 2495 1032 2577 obsecramus⁸,
1055 2499 1101 2577 ut,
1117 2513 1243 2581 semper
1256 2496 1361 2562 noemi
1375 2509 1491 2572 memor,

333 2608 493 2698 supplices
514 2630 574 2697 pro
596 2610 687 2677 nobis
711 2610 847 2676 Domino
870 2630 979 2697 preces
1002 2607 1115 2676 offerre
1137 2629 1200 2676 non
1229 2609 1419 2693 refrageris3
1445 2625 1493 2673 nos

332 2727 380 2793 tui
405 2745 528 2813 quoque
550 2727 652 2793 sciens
675 2745 800 2813 semper
822 2727 957 2794 existere
977 2745 1144 2810 memores,
1168 2725 1196 2792 si
1216 2725 1292 2810 qnid
1312 2731 1382 2793 tam
1397 2723 1494 2792 vilium

336 2843 421 2932 apud
443 2843 615 2910 Dominum
644 2841 730 2908 valet
755 2842 935 2929 deprecatio
958 2863 1130 2910 servorum.
1177 2841 1337 2920 Quantum
1361 2842 1444 2909 enim
1462 2838 1495 2903 de

333 2960 420 3026 omni
442 2965 547 3025 vestro
569 2963 721 3044 provectu
742 2958 844 3041 gavisi
859 2978 977 3042 sumus,
1002 2963 1215 3043 quantamque
1230 2977 1327 3046 super
1341 2958 1405 3042 his,
1427 2973 1497 3041 qnae

334 3077 369 3142 in
391 3074 568 3162 peregrinis
590 3074 668 3141 locis
691 3074 780 3140 vebis
802 3094 958 3160 prospera
984 3079 1162 3158 cesserunt,
1189 3073 1348 3142 laetitiam
1377 3072 1496 3140 habere·

334 3193 420 3258 musi
445 3191 550 3274 Teque
573 3209 666 3256 nosse
688 3189 843 3274 velumus,
866 3189 950 3275 quod
971 3189 1032 3257 hoo
1052 3189 1279 3277 perpetualiter
1296 3190 1498 3257 studiumoa·

335 3307 455 3390 ritatis,
484 3307 548 3373 tuis
576 3306 698 3372 meritis
720 3305 980 3392 impetrantibus,
1004 3306 1216 3374 observemus.
1263 3306 1430 3391 Tuamque
1448 3321 1498 3391 pst

337 3422 444 3488 omnia
466 3421 681 3489 desideramus
709 3421 880 3488 amicitiam
910 3423 1040 3506 mereri,
1070 3421 1210 3490 volentes
1233 3421 1297 3508 ipsi
1320 3442 1380 3507 per
1403 3419 1501 3488 omnis

335 3544 408 3605 tuae
431 3536 533 3604 iustae
555 3536 728 3604 voluntatis
744 3537 963 3624 obtemperare
977 3536 1121 3604 decretis.
1156 3537 1264 3604 Etiam
1279 3537 1421 3605 Domino
1435 3553 1502 3624 pro·

334 3659 480 3736 curante,
504 3653 629 3738 quando
652 3651 847 3736 ingrediente
869 3659 901 3719 te
923 3653 1008 3718 viam
1030 3653 1197 3722 universae
1219 3659 1323 3721 terrae
1347 3659 1445 3739 atque
1467 3649 1502 3717 ad

334 3769 459 3856 premia
484 3769 569 3836 vitae
597 3772 744 3834 aeternae
771 3767 939 3854 perducto,
967 3773 1042 3836 tunc
1069 3774 1159 3836 tuum
1189 3769 1370 3838 venerabile
1394 3786 1504 3838 nomen

334 3885 532 3972 disponimus
561 3884 697 3952 scribere
724 3903 797 3950 eum
825 3883 1004 3951 nominibus
1027 3885 1246 3972 episcoporum
1268 3887 1506 3954 nostrorumst

406 4104 427 4136 a.
451 4089 542 4136 nomina
560 4090 588 4136 V.
677 4088 700 4135 b.
724 4087 788 4150 epis'c
805 4089 832 4136 V.
925 4102 944 4134 c.
968 4089 1038 4136 misas
1056 4089 1084 4137 V.
1169 4089 1192 4137 d.
1216 4108 1245 4137 es
1262 4089 1286 4138 7
1298 4089 1433 4139 ea-seo.
1458 4091 1507 4140 ssu

333 4171 444 4216 lemmate.
524 4184 544 4216 a.
565 4169 658 4229 regulas
676 4169 704 4217 V.
782 4168 798 4216 t.
818 4169 843 4216 et
859 4169 887 4216 V.
965 4181 986 4228 g.
1008 4167 1089 4216 abac&
1106 4169 1133 4217 V.

405 4275 429 4328 1.
453 4273 532 4330 Lullo
551 4272 738 4343 episcopatum
756 4277 878 4344 gerente,
896 4269 1039 4343 pontifices
1057 4273 1173 4330 Romani
1190 4272 1316 4332 obierunt
1328 4273 1374 4331 hi:
1395 4271 1508 4346 stepha

334 4375 386 4416 nus
404 4362 444 4416 111
462 4377 488 4416 a.
501 4361 562 4468 753,
581 4361 681 4417 Paulus
698 4361 712 4417 1
730 4377 755 4418 a.
769 4363 831 4433 767,
850 4361 1006 4433 Stephanus
1022 4361 1062 4418 lv
1080 4377 1106 4418 a.
1120 4363 1180 4418 772.
