3110 4844
253 329 281 376 s.
298 328 473 377 normann
494 329 538 376 nn
560 329 664 378 nunna
685 329 873 378 sumnonem
896 329 950 376 ras.
966 329 1012 377 rau
1148 315 1213 381 293

77 473 176 540 maan
198 475 336 556 agentes,
360 471 436 538 dum
458 473 612 557 venerint,
635 471 668 538 in
691 491 774 559 pane
797 475 829 539 et
852 491 949 558 aqna3
973 477 1005 539 et
1025 494 1083 542 vos
1103 474 1214 542 simili-
1233 483 1374 540 teo-⁷86

76 595 124 672 ter,
142 587 319 655 abstinendo
343 589 382 656 ab
406 589 492 655 omni
515 609 608 655 carne
632 593 664 656 et
686 589 743 656 ab·
767 589 852 654 omni
874 593 952 676 potu
974 591 1029 676 qui
1051 591 1143 658 melle
1165 591 1214 657 in·

74 704 240 787 dulcoratum
265 705 409 789 scientes,
433 705 555 790 quiesi
576 705 725 792 spernitis
740 705 836 772 istam
850 706 1109 792 increpationem,
1132 708 1215 795 qnod

74 822 202 907 spernatis
232 841 319 906 eum,
349 822 404 907 qni
427 841 446 888 a
468 820 536 890 Deo
560 822 677 888 missus
701 827 749 888 est
770 827 950 908 peccatores
974 822 1078 890 salvos
1100 824 1215 909 lacere,

70 937 94 1002 il
112 943 152 1004 ast
170 937 347 1022 Christum,
377 939 431 1023 qui
462 937 544 1004 elisit
570 939 604 1005 in
628 937 807 1022 euangelio:
839 938 905 1020 st‘
924 962 980 1005 eoa
1001 943 1136 1028 poue,
1167 963 1216 1008 ure

70 1059 182 1142 pesta-
211 1059 269 1142 poe·
289 1069 393 1122 autem
415 1077 464 1120 ore
485 1059 621 1143 mmm,
646 1059 766 1143 spernat
787 1077 873 1136 eum,
898 1059 956 1142 qui
975 1077 1024 1120 me
1044 1051 1157 1137 miest¹‚
1181 1054 1216 1122 id

70 1175 105 1236 est
122 1169 216 1238 Deum
238 1175 363 1258 patrem
387 1171 644 1258 omnipotentem.
693 1170 848 1258 Optumus
869 1171 904 1238 in
926 1170 1063 1257 Christo,
1086 1172 1126 1237 ed
1148 1191 1215 1239 me·

68 1285 201 1355 iamvos
225 1287 375 1354 converti.

71 1499 139 1570 itt.
161 1502 266 1568 Troes
295 1515 323 1568 et
345 1501 517 1570 Aldberclt
545 1503 697 1568 diasostes
720 1502 851 1568 laeuum
879 1505 1061 1590 procopiam
1087 1515 1213 1588 repunt,

107 1677 135 1745 4
155 1633 189 1685 ut
205 1641 270 1706 pro
293 1641 326 1684 se
347 1620 439 1686 deum
461 1616 609 1684 invocet!
808 1615 844 1698 (S
861 1619 913 1700 79,
937 1616 977 1684 W
995 1619 1068 1701 118,
1091 1614 1119 1681 G
1138 1617 1214 1697 107)

91 1751 149 1841 „R
171 1752 308 1820 Domino
336 1753 371 1818 in
393 1750 529 1819 Domino
558 1748 780 1817 venerabiliter
806 1750 964 1834 diligendo
991 1755 1023 1817 et
1045 1748 1215 1817 delectabi-
1233 1757 1374 1813 too-⁷86

64 1866 120 1934 liter
135 1869 315 1936 honorando
330 1867 433 1954 Lnllo‚
457 1867 656 1954 episcopatus
671 1866 772 1933 infula
786 1867 940 1952 fungenti,
964 1867 1066 1935 Traea
1080 1867 1214 1954 supplex

65 1985 248 2052 smnaonlns⁰
270 1987 304 2052 iu
326 1984 452 2052 Christo
476 2003 646 2072 perennem
671 1983 814 2050 salntem.

132 2101 287 2190 Tempore
309 2122 411 2189 nuper
432 2105 591 2168 transacto
613 2106 737 2168 vestrae
752 2098 903 2166 almitatis
917 2099 1139 2184 litteraturam,
1162 2119 1215 2166 ns·

62 2235 108 2301 que
132 2217 169 2285 sd
198 2225 328 2286 nostae
354 2217 581 2285 mediocritatis
610 2217 821 2303 praesentiam
850 2215 912 2282 fido
941 2219 1084 2301 gestante
1107 2215 1215 2300 gerulo

63 2331 195 2421 imam,
227 2334 442 2401 exultantibus
472 2339 635 2421 pectorum
663 2333 856 2421 praecordiis
886 2337 918 2399 et
938 2332 1030 2400 laetis
1053 2333 1215 2400 oculorum

62 2449 168 2518 ortibus
191 2449 446 2538 contemplantes
470 2451 547 2517 satis
570 2449 706 2517 libenter
728 2451 926 2538 suscipimus.
962 2448 1006 2516 Et
1021 2450 1159 2516 maxime
1182 2449 1215 2515 iu

63 2571 147 2634 resne
169 2573 282 2658 saneta
303 2567 530 2654 promissione,
559 2587 654 2653 qnam
677 2567 754 2633 ordo
778 2567 902 2653 spicum
926 2570 1102 2633 vestrorum
1125 2566 1216 2632 inno·

62 2683 119 2748 tuit:
140 2690 176 2751 ut
198 2684 315 2752 vestris
338 2683 473 2750 assiduis
498 2703 534 2750 so
557 2684 655 2750 sacris
679 2684 874 2750 orationibus
896 2687 1038 2748 nostram
1061 2681 1216 2766 fragilita-

60 2801 108 2864 tem
135 2801 305 2868 dsiendere
334 2799 432 2883 velle,
460 2800 507 2867 ita
534 2805 567 2866 et
588 2805 699 2866 nostra
719 2801 895 2888 inperfecta
925 2799 1125 2866 mediocritas
1157 2817 1215 2863 un-

61 2911 136 2998 dique
163 2939 248 3005 pene
270 2919 305 2984 in
328 2918 473 2985 omnibus
496 2916 587 2983 bonis
609 2921 748 2983 vestram
770 2915 997 2984 beautudmem
1020 2914 1215 2981 centonibus

59 3029 178 3119 intimis,
208 3033 279 3102 Deo
309 3034 425 3119 ubique
454 3032 647 3117 auxiliantil,
677 3033 894 3121 depraecando
918 3049 1089 3120 poposcere
1111 3029 1216 3098 Deum

60 3157 189 3236 prompta
212 3157 273 3218 est.
308 3149 458 3218 Necnon
482 3154 514 3215 et
535 3149 734 3216 dilectionem
757 3149 966 3217 fraternitatis
988 3169 1062 3232 ergo
1076 3153 1216 3215 vestram

60 3261 241 3335 clementiam
267 3267 434 3334 observare
456 3265 628 3332 secundum
650 3267 734 3333 vires
757 3264 837 3332 velle
859 3241 1127 3348 demonstramus,
1151 3263 1216 3330 Do·

59 3380 127 3448 uino
154 3391 269 3451 nostro
292 3383 362 3450 lesu
386 3381 511 3449 Christo
540 3381 664 3448 docenti
694 3402 729 3448 ao
758 3382 891 3448 dicenti:
922 3383 992 3448 Hoc
1020 3394 1064 3447 est
1081 3403 1213 3469 precep-

60 3506 110 3562 tam
129 3524 251 3584 mmm,
282 3515 318 3568 at
345 3503 486 3588 cla'ls’potsls
516 3495 683 3576 invicem²3
713 3499 859 3565 etitem:
891 3498 930 3564 Io
953 3499 1012 3564 leuc
1033 3509 1216 3586 copnosceat

60 3632 161 3698 mee,
193 3621 274 3705 quin
301 3621 364 3683 mei
392 3621 464 3684 estes
493 3617 644 3704 discipuli
650 3665 659 3696 ,
691 3619 721 3681 si
746 3617 942 3682 dilectionem
971 3615 1142 3680 habueritis
1172 3616 1217 3680 ad

58 3727 189 3822 nomeu?
215 3733 401 3819 etreliqua
449 3733 528 3800 Item
551 3731 590 3798 de
614 3731 723 3815 eudem
747 3732 857 3798 beatus
879 3729 1008 3815 Petrus,
1038 3729 1161 3818 primns
1183 3734 1215 3796 et

59 3845 190 3936 prmceps
230 3849 459 3936 apostolorum,
493 3849 683 3916 sententiam
711 3847 924 3936 promulgarit
951 3847 1074 3914 dicens:
1109 3849 1215 3914 Estote

58 3964 146 4050 itaque
164 3968 342 4054 prodesses
365 3979 395 4032 et
416 3967 544 4054 septime
565 3969 600 4031 sir
624 3967 836 4043 mortonem,-
860 3979 931 4032 aare
954 3969 1061 4032 osonio
1074 3979 1216 4032 mutuom

60 4077 84 4140 ²3¹
102 4083 251 4150 vobismet
272 4087 352 4170 ipsae
369 4086 531 4148 curaiotem
546 4085 726 4149 emtionem
739 4083 894 4164 tabentes,
919 4087 996 4170 quio
1011 4085 1127 4150 coritae
1142 4105 1214 4150 eoo·

115 4270 136 4302 ⁸.
159 4259 188 4306 ab
205 4277 251 4306 on.
269 4261 298 4309 V.
412 4259 434 4305 b.
458 4277 487 4306 ex
509 4260 534 4306 V
546 4260 672 4308 tto-68.
700 4263 752 4309 Sina
773 4263 884 4306 lemmate.
991 4273 1010 4306 t.
1034 4258 1168 4308 berneulas
1187 4261 1214 4309 V.

58 4331 211 4386 taurinas
229 4357 284 4387 em.
301 4344 325 4387 s·
343 4339 460 4387 nminat
477 4339 505 4388 r.

118 4444 141 4496 1.
164 4443 236 4500 nuo
249 4445 291 4516 ιο,
305 4445 349 4500 1o.
438 4441 657 4514 a.10n15,1a.
746 4445 772 4500 a.
795 4441 965 4517 10n.1e‚ss.
987 4488 989 4494 ,
