<?xml version="1.0" encoding="UTF-8"?>
<!DOCTYPE html PUBLIC "-//W3C//DTD XHTML 1.0 Transitional//EN"
    "http://www.w3.org/TR/xhtml1/DTD/xhtml1-transitional.dtd">
<html xmlns="http://www.w3.org/1999/xhtml" xml:lang="en" lang="en">
 <head>
  <title>
</title>
<meta http-equiv="Content-Type" content="text/html;charset=utf-8" />
  <meta name='ocr-system' content='tesseract 3.04.00' />
  <meta name='ocr-capabilities' content='ocr_page ocr_carea ocr_par ocr_line ocrx_word'/>
</head>
<body>
  <div class='ocr_page' id='page_1' title='image "./bibliothecareru03jaffgoog_0106.png"; bbox 0 0 3090 4848; ppageno 0'>
   <div class='ocr_carea' id='block_1_1' title="bbox 199 429 282 550">
    <p class='ocr_par' dir='ltr' id='par_1_1' title="bbox 199 429 282 550">
     <span class='ocr_line' id='line_1_1' title="bbox 214 429 265 484; baseline -0.02 0"><span class='ocrx_word' id='word_1_1' title='bbox 214 429 265 484; x_wconf 79' lang='grc'><strong>724</strong></span> 
     </span>
     <span class='ocr_line' id='line_1_2' title="bbox 199 503 282 550; baseline 0 0"><span class='ocrx_word' id='word_1_2' title='bbox 199 503 254 550; x_wconf 82' lang='lat' dir='ltr'><strong>Dec.</strong></span> <span class='ocrx_word' id='word_1_3' title='bbox 265 504 282 550; x_wconf 75' lang='lat'><strong>4</strong></span> 
     </span>
    </p>
   </div>
   <div class='ocr_carea' id='block_1_2' title="bbox 298 265 1243 330">
    <p class='ocr_par' dir='ltr' id='par_1_2' title="bbox 298 265 1243 330">
     <span class='ocr_line' id='line_1_3' title="bbox 298 265 1243 330; baseline -0.007 0"><span class='ocrx_word' id='word_1_4' title='bbox 298 265 341 330; x_wconf 87' lang='lat'><strong>86</strong></span> <span class='ocrx_word' id='word_1_5' title='bbox 571 279 598 326; x_wconf 89' lang='lat' dir='ltr'><strong>s.</strong></span> <span class='ocrx_word' id='word_1_6' title='bbox 614 277 791 326; x_wconf 72' lang='lat' dir='ltr'><strong>somena</strong></span> <span class='ocrx_word' id='word_1_7' title='bbox 813 279 857 326; x_wconf 81' lang='lat' dir='ltr'><strong>sn</strong></span> <span class='ocrx_word' id='word_1_8' title='bbox 878 279 980 326; x_wconf 75' lang='lat' dir='ltr'><strong>noem</strong></span> <span class='ocrx_word' id='word_1_9' title='bbox 1002 277 1190 327; x_wconf 74' lang='lat' dir='ltr'><strong>nprsroneu</strong></span> <span class='ocrx_word' id='word_1_10' title='bbox 1213 276 1243 323; x_wconf 83' lang='lat' dir='ltr'><strong>aa</strong></span> 
     </span>
    </p>
   </div>
   <div class='ocr_carea' id='block_1_3' title="bbox 296 417 1484 3751">
    <p class='ocr_par' dir='ltr' id='par_1_3' title="bbox 296 417 1478 2822">
     <span class='ocr_line' id='line_1_4' title="bbox 296 417 1466 512; baseline -0.003 -24"><span class='ocrx_word' id='word_1_11' title='bbox 296 427 398 512; x_wconf 74' lang='lat' dir='ltr'><strong>prata&#39;a</strong></span> <span class='ocrx_word' id='word_1_12' title='bbox 422 417 510 489; x_wconf 82' lang='lat' dir='ltr'><strong>dote¹</strong></span> <span class='ocrx_word' id='word_1_13' title='bbox 525 457 567 468; x_wconf 92' lang='lat'>-</span> <span class='ocrx_word' id='word_1_14' title='bbox 583 421 618 487; x_wconf 94' lang='lat' dir='ltr'><strong>in</strong></span> <span class='ocrx_word' id='word_1_15' title='bbox 640 419 784 506; x_wconf 88' lang='lat' dir='ltr'><strong>partibas</strong></span> <span class='ocrx_word' id='word_1_16' title='bbox 798 419 1022 506; x_wconf 84' lang='lat' dir='ltr'><strong>Esperierum·</strong></span> <span class='ocrx_word' id='word_1_17' title='bbox 1040 419 1081 486; x_wconf 89' lang='lat' dir='ltr'><strong>ad</strong></span> <span class='ocrx_word' id='word_1_18' title='bbox 1100 419 1376 486; x_wconf 79' lang='lat' dir='ltr'><strong>inluminationem</strong></span> <span class='ocrx_word' id='word_1_19' title='bbox 1391 417 1466 486; x_wconf 86' lang='lat' dir='ltr'><strong>Ger-</strong></span> 
     </span>
     <span class='ocr_line' id='line_1_5' title="bbox 298 530 1465 622; baseline -0.004 -18"><span class='ocrx_word' id='word_1_20' title='bbox 298 539 423 605; x_wconf 88' lang='lat' dir='ltr'><strong>maniae</strong></span> <span class='ocrx_word' id='word_1_21' title='bbox 438 537 551 622; x_wconf 88' lang='lat' dir='ltr'><strong>gentis,</strong></span> <span class='ocrx_word' id='word_1_22' title='bbox 574 536 609 602; x_wconf 91' lang='lat' dir='ltr'><strong>in</strong></span> <span class='ocrx_word' id='word_1_23' title='bbox 623 535 737 602; x_wconf 90' lang='lat' dir='ltr'><strong>umbra</strong></span> <span class='ocrx_word' id='word_1_24' title='bbox 751 536 863 602; x_wconf 92' lang='lat' dir='ltr'><strong>mortis</strong></span> <span class='ocrx_word' id='word_1_25' title='bbox 879 530 1062 619; x_wconf 56' lang='lat' dir='ltr'><strong>assentiat</strong></span> <span class='ocrx_word' id='word_1_26' title='bbox 1086 535 1222 619; x_wconf 85' lang='lat' dir='ltr'><strong>dirigere</strong></span> <span class='ocrx_word' id='word_1_27' title='bbox 1237 534 1465 622; x_wconf 53' lang='lat' dir='ltr'><strong>praevidimus</strong></span> 
     </span>
     <span class='ocr_line' id='line_1_6' title="bbox 297 650 1467 738; baseline -0.003 -17"><span class='ocrx_word' id='word_1_28' title='bbox 297 655 420 721; x_wconf 90' lang='lat' dir='ltr'><strong>lucrum</strong></span> <span class='ocrx_word' id='word_1_29' title='bbox 442 653 516 719; x_wconf 91' lang='lat' dir='ltr'><strong>inde</strong></span> <span class='ocrx_word' id='word_1_30' title='bbox 538 657 575 718; x_wconf 89' lang='lat' dir='ltr'><strong>ut</strong></span> <span class='ocrx_word' id='word_1_31' title='bbox 597 652 764 738; x_wconf 77' lang='lat' dir='ltr'><strong>adportare</strong></span> <span class='ocrx_word' id='word_1_32' title='bbox 787 651 933 735; x_wconf 88' lang='lat' dir='ltr'><strong>deberes,</strong></span> <span class='ocrx_word' id='word_1_33' title='bbox 958 651 1049 737; x_wconf 88' lang='lat' dir='ltr'><strong>quasi</strong></span> <span class='ocrx_word' id='word_1_34' title='bbox 1072 671 1180 718; x_wconf 83' lang='lat' dir='ltr'><strong>servus</strong></span> <span class='ocrx_word' id='word_1_35' title='bbox 1202 650 1256 718; x_wconf 90' lang='lat' dir='ltr'><strong>ille</strong></span> <span class='ocrx_word' id='word_1_36' title='bbox 1279 651 1318 717; x_wconf 92' lang='lat' dir='ltr'><strong>de</strong></span> <span class='ocrx_word' id='word_1_37' title='bbox 1340 652 1467 735; x_wconf 89' lang='lat' dir='ltr'><strong>negocio</strong></span> 
     </span>
     <span class='ocr_line' id='line_1_7' title="bbox 297 762 1467 854; baseline -0.003 -18"><span class='ocrx_word' id='word_1_38' title='bbox 297 769 420 854; x_wconf 88' lang='lat' dir='ltr'><strong>talenti,</strong></span> <span class='ocrx_word' id='word_1_39' title='bbox 443 769 525 836; x_wconf 89' lang='lat' dir='ltr'><strong>sicut</strong></span> <span class='ocrx_word' id='word_1_40' title='bbox 547 769 698 854; x_wconf 89' lang='lat' dir='ltr'><strong>scriptum</strong></span> <span class='ocrx_word' id='word_1_41' title='bbox 723 762 800 850; x_wconf 79' lang='lat' dir='ltr'><strong>est⁸,</strong></span> <span class='ocrx_word' id='word_1_42' title='bbox 823 767 905 834; x_wconf 89' lang='lat' dir='ltr'><strong>fidus</strong></span> <span class='ocrx_word' id='word_1_43' title='bbox 927 767 962 834; x_wconf 91' lang='lat' dir='ltr'><strong>in</strong></span> <span class='ocrx_word' id='word_1_44' title='bbox 983 767 1090 833; x_wconf 82' lang='lat' dir='ltr'><strong>fotum</strong></span> <span class='ocrx_word' id='word_1_45' title='bbox 1113 768 1233 834; x_wconf 90' lang='lat' dir='ltr'><strong>auctori</strong></span> <span class='ocrx_word' id='word_1_46' title='bbox 1256 787 1378 834; x_wconf 79' lang='lat' dir='ltr'><strong>asseras</strong></span> <span class='ocrx_word' id='word_1_47' title='bbox 1402 765 1467 832; x_wconf 88' lang='lat' dir='ltr'><strong>Deo</strong></span> 
     </span>
     <span class='ocr_line' id='line_1_8' title="bbox 297 883 1469 969; baseline -0.003 -17"><span class='ocrx_word' id='word_1_48' title='bbox 297 885 420 954; x_wconf 87' lang='lat' dir='ltr'><strong>iecisse.</strong></span> <span class='ocrx_word' id='word_1_49' title='bbox 466 884 556 962; x_wconf 88' lang='lat' dir='ltr'><strong>Quod</strong></span> <span class='ocrx_word' id='word_1_50' title='bbox 585 885 660 969; x_wconf 90' lang='lat' dir='ltr'><strong>quia</strong></span> <span class='ocrx_word' id='word_1_51' title='bbox 687 903 727 950; x_wconf 85' lang='lat' dir='ltr'><strong>ax</strong></span> <span class='ocrx_word' id='word_1_52' title='bbox 756 883 974 951; x_wconf 84' lang='lat' dir='ltr'><strong>oboedientiae</strong></span> <span class='ocrx_word' id='word_1_53' title='bbox 996 903 1126 950; x_wconf 87' lang='lat' dir='ltr'><strong>munere</strong></span> <span class='ocrx_word' id='word_1_54' title='bbox 1148 883 1360 949; x_wconf 82' lang='lat' dir='ltr'><strong>ministerium</strong></span> <span class='ocrx_word' id='word_1_55' title='bbox 1382 883 1469 950; x_wconf 84' lang='lat' dir='ltr'><strong>verbi</strong></span> 
     </span>
     <span class='ocr_line' id='line_1_9' title="bbox 299 995 1468 1086; baseline -0.002 -19"><span class='ocrx_word' id='word_1_56' title='bbox 299 1001 457 1068; x_wconf 90' lang='lat' dir='ltr'><strong>cernimus</strong></span> <span class='ocrx_word' id='word_1_57' title='bbox 481 999 606 1066; x_wconf 86' lang='lat' dir='ltr'><strong>adolere</strong></span> <span class='ocrx_word' id='word_1_58' title='bbox 628 1003 660 1066; x_wconf 89' lang='lat' dir='ltr'><strong>et</strong></span> <span class='ocrx_word' id='word_1_59' title='bbox 682 1000 926 1086; x_wconf 77' lang='lat' dir='ltr'><strong>praedicationis</strong></span> <span class='ocrx_word' id='word_1_60' title='bbox 949 999 1118 1085; x_wconf 88' lang='lat' dir='ltr'><strong>praeconio</strong></span> <span class='ocrx_word' id='word_1_61' title='bbox 1133 998 1287 1086; x_wconf 88' lang='lat' dir='ltr'><strong>populum</strong></span> <span class='ocrx_word' id='word_1_62' title='bbox 1301 995 1468 1082; x_wconf 85' lang='lat' dir='ltr'><strong>infidelem,</strong></span> 
     </span>
     <span class='ocr_line' id='line_1_10' title="bbox 298 1114 1470 1201; baseline -0.003 -18"><span class='ocrx_word' id='word_1_63' title='bbox 298 1121 335 1183; x_wconf 91' lang='grc' dir='ltr'><strong>ιιι</strong></span> <span class='ocrx_word' id='word_1_64' title='bbox 355 1115 538 1200; x_wconf 80' lang='lat' dir='ltr'><strong>innotuisti,</strong></span> <span class='ocrx_word' id='word_1_65' title='bbox 566 1115 744 1182; x_wconf 81' lang='lat' dir='ltr'><strong>audivimus</strong></span> <span class='ocrx_word' id='word_1_66' title='bbox 768 1117 923 1200; x_wconf 88' lang='lat' dir='ltr'><strong>converti,</strong></span> <span class='ocrx_word' id='word_1_67' title='bbox 946 1115 1075 1182; x_wconf 90' lang='lat' dir='ltr'><strong>Domini</strong></span> <span class='ocrx_word' id='word_1_68' title='bbox 1098 1116 1259 1201; x_wconf 88' lang='lat' dir='ltr'><strong>potentiae</strong></span> <span class='ocrx_word' id='word_1_69' title='bbox 1280 1114 1399 1197; x_wconf 88' lang='lat' dir='ltr'><strong>gratias</strong></span> <span class='ocrx_word' id='word_1_70' title='bbox 1422 1133 1470 1180; x_wconf 80' lang='lat' dir='ltr'><strong>ro</strong></span> 
     </span>
     <span class='ocr_line' id='line_1_11' title="bbox 298 1229 1472 1318; baseline -0.003 -19"><span class='ocrx_word' id='word_1_71' title='bbox 298 1233 446 1315; x_wconf 87' lang='lat' dir='ltr'><strong>ferentes,</strong></span> <span class='ocrx_word' id='word_1_72' title='bbox 469 1235 505 1297; x_wconf 91' lang='lat' dir='ltr'><strong>ut</strong></span> <span class='ocrx_word' id='word_1_73' title='bbox 526 1232 612 1318; x_wconf 87' lang='lat' dir='ltr'><strong>ipsa,</strong></span> <span class='ocrx_word' id='word_1_74' title='bbox 637 1249 657 1296; x_wconf 91' lang='lat' dir='ltr'><strong>a</strong></span> <span class='ocrx_word' id='word_1_75' title='bbox 679 1251 740 1316; x_wconf 90' lang='lat' dir='ltr'><strong>qno</strong></span> <span class='ocrx_word' id='word_1_76' title='bbox 764 1231 881 1297; x_wconf 89' lang='lat' dir='ltr'><strong>bonum</strong></span> <span class='ocrx_word' id='word_1_77' title='bbox 903 1231 1048 1318; x_wconf 90' lang='lat' dir='ltr'><strong>procedit</strong></span> <span class='ocrx_word' id='word_1_78' title='bbox 1070 1235 1102 1298; x_wconf 87' lang='lat' dir='ltr'><strong>at</strong></span> <span class='ocrx_word' id='word_1_79' title='bbox 1124 1230 1165 1296; x_wconf 91' lang='lat' dir='ltr'><strong>ad</strong></span> <span class='ocrx_word' id='word_1_80' title='bbox 1188 1230 1381 1314; x_wconf 89' lang='lat' dir='ltr'><strong>agnitionem</strong></span> <span class='ocrx_word' id='word_1_81' title='bbox 1404 1229 1472 1296; x_wconf 84' lang='lat' dir='ltr'><strong>vult</strong></span> 
     </span>
     <span class='ocr_line' id='line_1_12' title="bbox 298 1343 1472 1434; baseline -0.001 -20"><span class='ocrx_word' id='word_1_82' title='bbox 298 1367 409 1414; x_wconf 88' lang='lat' dir='ltr'><strong>omnes</strong></span> <span class='ocrx_word' id='word_1_83' title='bbox 436 1347 545 1413; x_wconf 87' lang='lat' dir='ltr'><strong>venire</strong></span> <span class='ocrx_word' id='word_1_84' title='bbox 573 1343 744 1430; x_wconf 86' lang='lat' dir='ltr'><strong>veritatis⁴,</strong></span> <span class='ocrx_word' id='word_1_85' title='bbox 772 1345 831 1412; x_wconf 89' lang='lat' dir='ltr'><strong>tibi</strong></span> <span class='ocrx_word' id='word_1_86' title='bbox 854 1351 1000 1432; x_wconf 89' lang='lat' dir='ltr'><strong>optamus</strong></span> <span class='ocrx_word' id='word_1_87' title='bbox 1023 1351 1059 1412; x_wconf 91' lang='lat' dir='ltr'><strong>ut</strong></span> <span class='ocrx_word' id='word_1_88' title='bbox 1081 1351 1266 1434; x_wconf 75' lang='lat' dir='ltr'><strong>cooperetur</strong></span> <span class='ocrx_word' id='word_1_89' title='bbox 1289 1350 1322 1412; x_wconf 89' lang='lat' dir='ltr'><strong>et</strong></span> <span class='ocrx_word' id='word_1_90' title='bbox 1343 1365 1364 1412; x_wconf 90' lang='lat' dir='ltr'><strong>a</strong></span> <span class='ocrx_word' id='word_1_91' title='bbox 1383 1351 1472 1413; x_wconf 75' lang='lat' dir='ltr'><strong>tene</strong></span> 
     </span>
     <span class='ocr_line' id='line_1_13' title="bbox 300 1461 1473 1549; baseline -0.003 -18"><span class='ocrx_word' id='word_1_92' title='bbox 300 1463 367 1531; x_wconf 90' lang='lat' dir='ltr'><strong>bris</strong></span> <span class='ocrx_word' id='word_1_93' title='bbox 397 1462 436 1529; x_wconf 86' lang='lat' dir='ltr'><strong>ad</strong></span> <span class='ocrx_word' id='word_1_94' title='bbox 458 1462 561 1529; x_wconf 91' lang='lat' dir='ltr'><strong>lucem</strong></span> <span class='ocrx_word' id='word_1_95' title='bbox 583 1461 736 1549; x_wconf 90' lang='lat' dir='ltr'><strong>populum</strong></span> <span class='ocrx_word' id='word_1_96' title='bbox 757 1461 848 1528; x_wconf 87' lang='lat' dir='ltr'><strong>illum</strong></span> <span class='ocrx_word' id='word_1_97' title='bbox 870 1482 946 1528; x_wconf 91' lang='lat' dir='ltr'><strong>suae</strong></span> <span class='ocrx_word' id='word_1_98' title='bbox 968 1463 1127 1548; x_wconf 88' lang='lat' dir='ltr'><strong>potentiae</strong></span> <span class='ocrx_word' id='word_1_99' title='bbox 1149 1461 1356 1548; x_wconf 82' lang='lat' dir='ltr'><strong>inspiratione</strong></span> <span class='ocrx_word' id='word_1_100' title='bbox 1378 1462 1473 1528; x_wconf 88' lang='lat' dir='ltr'><strong>redu·</strong></span> 
     </span>
     <span class='ocr_line' id='line_1_14' title="bbox 299 1577 1473 1665; baseline -0.002 -19"><span class='ocrx_word' id='word_1_101' title='bbox 299 1585 359 1646; x_wconf 86' lang='lat' dir='ltr'><strong>cat</strong></span> <span class='ocrx_word' id='word_1_102' title='bbox 396 1578 478 1645; x_wconf 92' lang='lat' dir='ltr'><strong>Hinc</strong></span> <span class='ocrx_word' id='word_1_103' title='bbox 501 1578 697 1644; x_wconf 78' lang='lat' dir='ltr'><strong>enimvobis</strong></span> <span class='ocrx_word' id='word_1_104' title='bbox 720 1598 841 1645; x_wconf 89' lang='lat' dir='ltr'><strong>merces</strong></span> <span class='ocrx_word' id='word_1_105' title='bbox 864 1579 1000 1665; x_wconf 86' lang='lat' dir='ltr'><strong>copiosa,</strong></span> <span class='ocrx_word' id='word_1_106' title='bbox 1025 1579 1192 1662; x_wconf 85' lang='lat' dir='ltr'><strong>eredimus,</strong></span> <span class='ocrx_word' id='word_1_107' title='bbox 1215 1578 1299 1663; x_wconf 91' lang='lat' dir='ltr'><strong>quod</strong></span> <span class='ocrx_word' id='word_1_108' title='bbox 1315 1577 1355 1644; x_wconf 90' lang='lat' dir='ltr'><strong>ab</strong></span> <span class='ocrx_word' id='word_1_109' title='bbox 1371 1578 1473 1644; x_wconf 92' lang='lat' dir='ltr'><strong>omni·</strong></span> 
     </span>
     <span class='ocr_line' id='line_1_15' title="bbox 300 1693 1471 1782; baseline -0.002 -20"><span class='ocrx_word' id='word_1_110' title='bbox 300 1700 429 1782; x_wconf 91' lang='lat' dir='ltr'><strong>potente</strong></span> <span class='ocrx_word' id='word_1_111' title='bbox 451 1693 589 1761; x_wconf 90' lang='lat' dir='ltr'><strong>Domino</strong></span> <span class='ocrx_word' id='word_1_112' title='bbox 613 1694 826 1761; x_wconf 67' lang='lat' dir='ltr'><strong>adscribatur⁶</strong></span> <span class='ocrx_word' id='word_1_113' title='bbox 849 1695 883 1760; x_wconf 92' lang='lat' dir='ltr'><strong>in</strong></span> <span class='ocrx_word' id='word_1_114' title='bbox 906 1694 1010 1761; x_wconf 88' lang='lat' dir='ltr'><strong>caelis.</strong></span> <span class='ocrx_word' id='word_1_115' title='bbox 1045 1697 1174 1760; x_wconf 76' lang='lat' dir='ltr'><strong>Bonam</strong></span> <span class='ocrx_word' id='word_1_116' title='bbox 1197 1695 1282 1760; x_wconf 90' lang='lat' dir='ltr'><strong>enim</strong></span> <span class='ocrx_word' id='word_1_117' title='bbox 1305 1707 1471 1776; x_wconf 69' lang='lat' dir='ltr'><strong>commen,</strong></span> 
     </span>
     <span class='ocr_line' id='line_1_16' title="bbox 301 1809 1475 1898; baseline -0.001 -21"><span class='ocrx_word' id='word_1_118' title='bbox 301 1812 329 1877; x_wconf 87' lang='lat' dir='ltr'><strong>si</strong></span> <span class='ocrx_word' id='word_1_119' title='bbox 350 1809 619 1898; x_wconf 85' lang='lat' dir='ltr'><strong>perseveraveris,</strong></span> <span class='ocrx_word' id='word_1_120' title='bbox 649 1810 752 1896; x_wconf 92' lang='lat' dir='ltr'><strong>possis</strong></span> <span class='ocrx_word' id='word_1_121' title='bbox 775 1830 848 1876; x_wconf 88' lang='lat' dir='ltr'><strong>cum</strong></span> <span class='ocrx_word' id='word_1_122' title='bbox 871 1810 1013 1896; x_wconf 88' lang='lat' dir='ltr'><strong>apostolo</strong></span> <span class='ocrx_word' id='word_1_123' title='bbox 1037 1809 1156 1878; x_wconf 88' lang='lat' dir='ltr'><strong>dicere:</strong></span> <span class='ocrx_word' id='word_1_124' title='bbox 1187 1813 1322 1892; x_wconf 74' lang='lat' dir='ltr'><strong>emavi,</strong></span> <span class='ocrx_word' id='word_1_125' title='bbox 1347 1833 1475 1876; x_wconf 78' lang='lat' dir='ltr'><strong>caream</strong></span> 
     </span>
     <span class='ocr_line' id='line_1_17' title="bbox 300 1923 1475 2013; baseline -0.002 -19"><span class='ocrx_word' id='word_1_126' title='bbox 300 1930 524 2007; x_wconf 77' lang='lat' dir='ltr'><strong>consummavi,</strong></span> <span class='ocrx_word' id='word_1_127' title='bbox 540 1929 640 2011; x_wconf 77' lang='lat' dir='ltr'><strong>fidem</strong></span> <span class='ocrx_word' id='word_1_128' title='bbox 661 1923 812 1992; x_wconf 64' lang='lat' dir='ltr'><strong>amalr.</strong></span> <span class='ocrx_word' id='word_1_129' title='bbox 852 1925 915 1993; x_wconf 84' lang='lat' dir='ltr'><strong>Sed</strong></span> <span class='ocrx_word' id='word_1_130' title='bbox 937 1930 973 1992; x_wconf 92' lang='lat' dir='ltr'><strong>ut</strong></span> <span class='ocrx_word' id='word_1_131' title='bbox 994 1945 1143 1992; x_wconf 87' lang='lat' dir='ltr'><strong>coronam</strong></span> <span class='ocrx_word' id='word_1_132' title='bbox 1165 1926 1322 2013; x_wconf 86' lang='lat' dir='ltr'><strong>percipias</strong></span> <span class='ocrx_word' id='word_1_133' title='bbox 1343 1925 1475 2010; x_wconf 89' lang='lat' dir='ltr'><strong>laboris,</strong></span> 
     </span>
     <span class='ocr_line' id='line_1_18' title="bbox 299 2037 1475 2129; baseline -0.002 -19"><span class='ocrx_word' id='word_1_134' title='bbox 299 2043 429 2125; x_wconf 84' lang='lat' dir='ltr'><strong>insiste3</strong></span> <span class='ocrx_word' id='word_1_135' title='bbox 458 2041 626 2128; x_wconf 85' lang='lat' dir='ltr'><strong>pollicetur</strong></span> <span class='ocrx_word' id='word_1_136' title='bbox 648 2043 732 2109; x_wconf 89' lang='lat' dir='ltr'><strong>enim</strong></span> <span class='ocrx_word' id='word_1_137' title='bbox 755 2041 841 2109; x_wconf 89' lang='lat' dir='ltr'><strong>Deus</strong></span> <span class='ocrx_word' id='word_1_138' title='bbox 865 2041 1140 2129; x_wconf 86' lang='lat' dir='ltr'><strong>perseverantibus</strong></span> <span class='ocrx_word' id='word_1_139' title='bbox 1168 2043 1202 2108; x_wconf 88' lang='lat' dir='ltr'><strong>iu</strong></span> <span class='ocrx_word' id='word_1_140' title='bbox 1223 2039 1286 2108; x_wconf 87' lang='lat' dir='ltr'><strong>fine</strong></span> <span class='ocrx_word' id='word_1_141' title='bbox 1309 2037 1475 2108; x_wconf 80' lang='lat' dir='ltr'><strong>salutem⁸.</strong></span> 
     </span>
     <span class='ocr_line' id='line_1_19' title="bbox 300 2157 1476 2242; baseline -0.001 -17"><span class='ocrx_word' id='word_1_142' title='bbox 300 2159 366 2225; x_wconf 88' lang='lat' dir='ltr'><strong>Nec</strong></span> <span class='ocrx_word' id='word_1_143' title='bbox 393 2158 499 2224; x_wconf 86' lang='lat' dir='ltr'><strong>minae</strong></span> <span class='ocrx_word' id='word_1_144' title='bbox 527 2162 668 2225; x_wconf 73' lang='lat' dir='ltr'><strong>teneant</strong></span> <span class='ocrx_word' id='word_1_145' title='bbox 695 2177 754 2224; x_wconf 90' lang='lat' dir='ltr'><strong>nec</strong></span> <span class='ocrx_word' id='word_1_146' title='bbox 782 2157 920 2224; x_wconf 83' lang='lat' dir='ltr'><strong>deiciant</strong></span> <span class='ocrx_word' id='word_1_147' title='bbox 947 2163 1099 2242; x_wconf 89' lang='lat' dir='ltr'><strong>terrores,</strong></span> <span class='ocrx_word' id='word_1_148' title='bbox 1129 2157 1200 2242; x_wconf 92' lang='lat' dir='ltr'><strong>sed,</strong></span> <span class='ocrx_word' id='word_1_149' title='bbox 1228 2157 1325 2223; x_wconf 84' lang='lat' dir='ltr'><strong>fixam</strong></span> <span class='ocrx_word' id='word_1_150' title='bbox 1347 2159 1380 2223; x_wconf 92' lang='lat' dir='ltr'><strong>in</strong></span> <span class='ocrx_word' id='word_1_151' title='bbox 1405 2157 1476 2224; x_wconf 91' lang='lat' dir='ltr'><strong>Dco</strong></span> 
     </span>
     <span class='ocr_line' id='line_1_20' title="bbox 298 2273 1476 2358; baseline -0.002 -16"><span class='ocrx_word' id='word_1_152' title='bbox 298 2281 411 2342; x_wconf 85' lang='lat' dir='ltr'><strong>tenens</strong></span> <span class='ocrx_word' id='word_1_153' title='bbox 433 2273 599 2358; x_wconf 89' lang='lat' dir='ltr'><strong>fiduciam,</strong></span> <span class='ocrx_word' id='word_1_154' title='bbox 623 2274 767 2340; x_wconf 82' lang='lat' dir='ltr'><strong>veritatis</strong></span> <span class='ocrx_word' id='word_1_155' title='bbox 791 2274 921 2340; x_wconf 89' lang='lat' dir='ltr'><strong>verbum</strong></span> <span class='ocrx_word' id='word_1_156' title='bbox 944 2273 1104 2340; x_wconf 87' lang='lat' dir='ltr'><strong>denuntia.</strong></span> <span class='ocrx_word' id='word_1_157' title='bbox 1150 2273 1224 2340; x_wconf 86' lang='lat' dir='ltr'><strong>Erit</strong></span> <span class='ocrx_word' id='word_1_158' title='bbox 1246 2275 1330 2340; x_wconf 86' lang='lat' dir='ltr'><strong>enim</strong></span> <span class='ocrx_word' id='word_1_159' title='bbox 1353 2293 1393 2339; x_wconf 83' lang='lat' dir='ltr'><strong>ex</strong></span> <span class='ocrx_word' id='word_1_160' title='bbox 1419 2273 1476 2340; x_wconf 87' lang='lat' dir='ltr'><strong>sd-</strong></span> 
     </span>
     <span class='ocr_line' id='line_1_21' title="bbox 299 2389 1476 2477; baseline 0 -21"><span class='ocrx_word' id='word_1_161' title='bbox 299 2391 414 2456; x_wconf 90' lang='lat' dir='ltr'><strong>iutorio</strong></span> <span class='ocrx_word' id='word_1_162' title='bbox 444 2389 551 2456; x_wconf 84' lang='lat' dir='ltr'><strong>divino</strong></span> <span class='ocrx_word' id='word_1_163' title='bbox 580 2389 746 2475; x_wconf 84' lang='lat' dir='ltr'><strong>perfactio,</strong></span> <span class='ocrx_word' id='word_1_164' title='bbox 776 2395 901 2456; x_wconf 87' lang='lat' dir='ltr'><strong>tantum</strong></span> <span class='ocrx_word' id='word_1_165' title='bbox 929 2391 971 2456; x_wconf 90' lang='lat' dir='ltr'><strong>sit</strong></span> <span class='ocrx_word' id='word_1_166' title='bbox 998 2390 1116 2457; x_wconf 92' lang='lat' dir='ltr'><strong>bonum</strong></span> <span class='ocrx_word' id='word_1_167' title='bbox 1140 2391 1175 2456; x_wconf 93' lang='lat' dir='ltr'><strong>in</strong></span> <span class='ocrx_word' id='word_1_168' title='bbox 1196 2389 1359 2457; x_wconf 85' lang='lat' dir='ltr'><strong>voluntate</strong></span> <span class='ocrx_word' id='word_1_169' title='bbox 1381 2410 1476 2477; x_wconf 88' lang='lat' dir='ltr'><strong>opus.</strong></span> 
     </span>
     <span class='ocr_line' id='line_1_22' title="bbox 300 2505 1478 2592; baseline 0 -20"><span class='ocrx_word' id='word_1_170' title='bbox 300 2505 409 2590; x_wconf 85' lang='lat' dir='ltr'><strong>lgitm,</strong></span> <span class='ocrx_word' id='word_1_171' title='bbox 434 2511 568 2590; x_wconf 89' lang='lat' dir='ltr'><strong>quantos</strong></span> <span class='ocrx_word' id='word_1_172' title='bbox 592 2505 630 2571; x_wconf 88' lang='lat' dir='ltr'><strong>ab</strong></span> <span class='ocrx_word' id='word_1_173' title='bbox 655 2525 760 2571; x_wconf 88' lang='lat' dir='ltr'><strong>errore</strong></span> <span class='ocrx_word' id='word_1_174' title='bbox 782 2505 985 2590; x_wconf 78' lang='lat' dir='ltr'><strong>converteris,</strong></span> <span class='ocrx_word' id='word_1_175' title='bbox 1009 2505 1201 2592; x_wconf 80' lang='lat' dir='ltr'><strong>syllabarum</strong></span> <span class='ocrx_word' id='word_1_176' title='bbox 1223 2511 1349 2572; x_wconf 87' lang='lat' dir='ltr'><strong>tuarum</strong></span> <span class='ocrx_word' id='word_1_177' title='bbox 1363 2525 1478 2572; x_wconf 86' lang='lat' dir='ltr'><strong>recen-</strong></span> 
     </span>
     <span class='ocr_line' id='line_1_23' title="bbox 300 2621 1478 2707; baseline 0 -19"><span class='ocrx_word' id='word_1_178' title='bbox 300 2622 362 2688; x_wconf 89' lang='lat' dir='ltr'><strong>sito</strong></span> <span class='ocrx_word' id='word_1_179' title='bbox 385 2625 475 2688; x_wconf 85' lang='lat' dir='ltr'><strong>textu</strong></span> <span class='ocrx_word' id='word_1_180' title='bbox 498 2621 711 2705; x_wconf 86' lang='lat' dir='ltr'><strong>cognorimus,</strong></span> <span class='ocrx_word' id='word_1_181' title='bbox 734 2621 820 2706; x_wconf 88' lang='lat' dir='ltr'><strong>laeti,</strong></span> <span class='ocrx_word' id='word_1_182' title='bbox 843 2622 955 2688; x_wconf 88' lang='lat' dir='ltr'><strong>uberes</strong></span> <span class='ocrx_word' id='word_1_183' title='bbox 971 2621 1038 2687; x_wconf 88' lang='lat' dir='ltr'><strong>Deo</strong></span> <span class='ocrx_word' id='word_1_184' title='bbox 1061 2626 1169 2688; x_wconf 87' lang='lat' dir='ltr'><strong>nostro</strong></span> <span class='ocrx_word' id='word_1_185' title='bbox 1192 2623 1310 2706; x_wconf 88' lang='lat' dir='ltr'><strong>gratias</strong></span> <span class='ocrx_word' id='word_1_186' title='bbox 1333 2625 1478 2707; x_wconf 86' lang='lat' dir='ltr'><strong>agentes,</strong></span> 
     </span>
     <span class='ocr_line' id='line_1_24' title="bbox 301 2737 863 2822; baseline -0.002 -18"><span class='ocrx_word' id='word_1_187' title='bbox 301 2738 340 2804; x_wconf 88' lang='lat' dir='ltr'><strong>da</strong></span> <span class='ocrx_word' id='word_1_188' title='bbox 363 2737 451 2822; x_wconf 91' lang='lat' dir='ltr'><strong>lucro</strong></span> <span class='ocrx_word' id='word_1_189' title='bbox 475 2737 653 2803; x_wconf 90' lang='lat' dir='ltr'><strong>animarum</strong></span> <span class='ocrx_word' id='word_1_190' title='bbox 676 2737 863 2803; x_wconf 85' lang='lat' dir='ltr'><strong>exultamus.</strong></span> 
     </span>
    </p>

    <p class='ocr_par' dir='ltr' id='par_1_4' title="bbox 301 2851 1484 3632">
     <span class='ocr_line' id='line_1_25' title="bbox 391 2851 1479 2940; baseline 0.001 -21"><span class='ocrx_word' id='word_1_191' title='bbox 391 2851 489 2920; x_wconf 87' lang='lat' dir='ltr'><strong>Porro</strong></span> <span class='ocrx_word' id='word_1_192' title='bbox 511 2873 571 2940; x_wconf 90' lang='lat' dir='ltr'><strong>pro</strong></span> <span class='ocrx_word' id='word_1_193' title='bbox 594 2853 741 2938; x_wconf 89' lang='lat' dir='ltr'><strong>episcopo</strong></span> <span class='ocrx_word' id='word_1_194' title='bbox 765 2852 836 2935; x_wconf 91' lang='lat' dir='ltr'><strong>illo,</strong></span> <span class='ocrx_word' id='word_1_195' title='bbox 865 2853 919 2938; x_wconf 90' lang='lat' dir='ltr'><strong>qui</strong></span> <span class='ocrx_word' id='word_1_196' title='bbox 947 2873 1153 2939; x_wconf 87' lang='lat' dir='ltr'><strong>nuncusque</strong></span> <span class='ocrx_word' id='word_1_197' title='bbox 1175 2853 1296 2920; x_wconf 91' lang='lat' dir='ltr'><strong>desidia</strong></span> <span class='ocrx_word' id='word_1_198' title='bbox 1318 2853 1479 2938; x_wconf 74' lang='lat' dir='ltr'><strong>quadam*</strong></span> 
     </span>
     <span class='ocr_line' id='line_1_26' title="bbox 301 2968 1480 3055; baseline -0.001 -18"><span class='ocrx_word' id='word_1_199' title='bbox 301 2972 335 3036; x_wconf 92' lang='lat' dir='ltr'><strong>in</strong></span> <span class='ocrx_word' id='word_1_200' title='bbox 359 2969 469 3037; x_wconf 86' lang='lat' dir='ltr'><strong>cadem</strong></span> <span class='ocrx_word' id='word_1_201' title='bbox 491 2975 583 3052; x_wconf 89' lang='lat' dir='ltr'><strong>gente</strong></span> <span class='ocrx_word' id='word_1_202' title='bbox 613 2968 856 3054; x_wconf 87' lang='lat' dir='ltr'><strong>praedicationis</strong></span> <span class='ocrx_word' id='word_1_203' title='bbox 884 2969 1015 3035; x_wconf 87' lang='lat' dir='ltr'><strong>verbum</strong></span> <span class='ocrx_word' id='word_1_204' title='bbox 1045 2969 1252 3037; x_wconf 90' lang='lat' dir='ltr'><strong>disseminare</strong></span> <span class='ocrx_word' id='word_1_205' title='bbox 1280 2969 1480 3055; x_wconf 81' lang='lat' dir='ltr'><strong>neglexerat,</strong></span> 
     </span>
     <span class='ocr_line' id='line_1_27' title="bbox 303 3083 1480 3171; baseline -0.001 -19"><span class='ocrx_word' id='word_1_206' title='bbox 303 3090 335 3152; x_wconf 90' lang='lat' dir='ltr'><strong>et</strong></span> <span class='ocrx_word' id='word_1_207' title='bbox 355 3105 440 3152; x_wconf 91' lang='lat' dir='ltr'><strong>nunc</strong></span> <span class='ocrx_word' id='word_1_208' title='bbox 462 3085 523 3152; x_wconf 90' lang='lat' dir='ltr'><strong>sibi</strong></span> <span class='ocrx_word' id='word_1_209' title='bbox 546 3091 670 3171; x_wconf 84' lang='lat' dir='ltr'><strong>partem</strong></span> <span class='ocrx_word' id='word_1_210' title='bbox 694 3086 783 3169; x_wconf 87' lang='lat' dir='ltr'><strong>quasi</strong></span> <span class='ocrx_word' id='word_1_211' title='bbox 805 3086 838 3149; x_wconf 93' lang='lat' dir='ltr'><strong>in</strong></span> <span class='ocrx_word' id='word_1_212' title='bbox 862 3083 1061 3171; x_wconf 88' lang='lat' dir='ltr'><strong>parrochiam</strong></span> <span class='ocrx_word' id='word_1_213' title='bbox 1086 3085 1251 3169; x_wconf 65' lang='lat' dir='ltr'><strong>defendit,</strong></span> <span class='ocrx_word' id='word_1_214' title='bbox 1282 3083 1395 3151; x_wconf 84' lang='lat' dir='ltr'><strong>Garolo</strong></span> <span class='ocrx_word' id='word_1_215' title='bbox 1421 3107 1480 3152; x_wconf 81' lang='lat' dir='ltr'><strong>ex-</strong></span> 
     </span>
     <span class='ocr_line' id='line_1_28' title="bbox 303 3199 1480 3293; baseline 0 -25"><span class='ocrx_word' id='word_1_216' title='bbox 303 3201 525 3268; x_wconf 87' lang='lat' dir='ltr'><strong>cellentissimo</strong></span> <span class='ocrx_word' id='word_1_217' title='bbox 548 3199 612 3266; x_wconf 87' lang='lat' dir='ltr'><strong>filio</strong></span> <span class='ocrx_word' id='word_1_218' title='bbox 636 3205 745 3293; x_wconf 87' lang='lat' dir='ltr'><strong>nostro</strong></span> <span class='ocrx_word' id='word_1_219' title='bbox 768 3200 918 3286; x_wconf 85' lang='lat' dir='ltr'><strong>patricio,</strong></span> <span class='ocrx_word' id='word_1_220' title='bbox 948 3205 983 3266; x_wconf 88' lang='lat' dir='ltr'><strong>ot</strong></span> <span class='ocrx_word' id='word_1_221' title='bbox 1010 3220 1081 3268; x_wconf 87' lang='lat' dir='ltr'><strong>cum</strong></span> <span class='ocrx_word' id='word_1_222' title='bbox 1105 3205 1273 3287; x_wconf 81' lang='lat' dir='ltr'><strong>compescat</strong></span> <span class='ocrx_word' id='word_1_223' title='bbox 1294 3201 1480 3286; x_wconf 82' lang='lat' dir='ltr'><strong>suadentes,</strong></span> 
     </span>
     <span class='ocr_line' id='line_1_29' title="bbox 302 3315 1481 3404; baseline 0.002 -20"><span class='ocrx_word' id='word_1_224' title='bbox 302 3317 443 3404; x_wconf 88' lang='lat' dir='ltr'><strong>paternis</strong></span> <span class='ocrx_word' id='word_1_225' title='bbox 466 3316 581 3383; x_wconf 82' lang='lat' dir='ltr'><strong>litteris</strong></span> <span class='ocrx_word' id='word_1_226' title='bbox 605 3315 798 3402; x_wconf 86' lang='lat' dir='ltr'><strong>scripsimus.</strong></span> <span class='ocrx_word' id='word_1_227' title='bbox 833 3315 877 3382; x_wconf 90' lang='lat' dir='ltr'><strong>Et</strong></span> <span class='ocrx_word' id='word_1_228' title='bbox 899 3316 1065 3401; x_wconf 88' lang='lat' dir='ltr'><strong>oredimus,</strong></span> <span class='ocrx_word' id='word_1_229' title='bbox 1090 3317 1173 3402; x_wconf 89' lang='lat' dir='ltr'><strong>qnod</strong></span> <span class='ocrx_word' id='word_1_230' title='bbox 1193 3317 1252 3383; x_wconf 93' lang='lat' dir='ltr'><strong>hoc</strong></span> <span class='ocrx_word' id='word_1_231' title='bbox 1272 3317 1367 3384; x_wconf 85' lang='lat' dir='ltr'><strong>vitari</strong></span> <span class='ocrx_word' id='word_1_232' title='bbox 1381 3337 1481 3403; x_wconf 88' lang='lat' dir='ltr'><strong>prae-</strong></span> 
     </span>
     <span class='ocr_line' id='line_1_30' title="bbox 303 3430 1484 3521; baseline 0.002 -22"><span class='ocrx_word' id='word_1_233' title='bbox 303 3433 410 3520; x_wconf 88' lang='lat' dir='ltr'><strong>cipiat.</strong></span> <span class='ocrx_word' id='word_1_234' title='bbox 463 3431 534 3518; x_wconf 88' lang='lat' dir='ltr'><strong>lpse</strong></span> <span class='ocrx_word' id='word_1_235' title='bbox 568 3452 643 3498; x_wconf 87' lang='lat' dir='ltr'><strong>vero</strong></span> <span class='ocrx_word' id='word_1_236' title='bbox 674 3437 828 3518; x_wconf 88' lang='lat' dir='ltr'><strong>oportune</strong></span> <span class='ocrx_word' id='word_1_237' title='bbox 855 3433 1024 3517; x_wconf 87' lang='lat' dir='ltr'><strong>inportuna</strong></span> <span class='ocrx_word' id='word_1_238' title='bbox 1051 3430 1262 3521; x_wconf 83' lang='lat' dir='ltr'><strong>praedicare⁷,</strong></span> <span class='ocrx_word' id='word_1_239' title='bbox 1291 3453 1372 3519; x_wconf 88' lang='lat' dir='ltr'><strong>quae</strong></span> <span class='ocrx_word' id='word_1_240' title='bbox 1401 3442 1484 3501; x_wconf 86' lang='lat' dir='ltr'><strong>sunt</strong></span> 
     </span>
     <span class='ocr_line' id='line_1_31' title="bbox 303 3548 674 3632; baseline -0.008 -16"><span class='ocrx_word' id='word_1_241' title='bbox 303 3548 430 3632; x_wconf 87' lang='lat' dir='ltr'><strong>salutis,</strong></span> <span class='ocrx_word' id='word_1_242' title='bbox 453 3567 517 3615; x_wconf 91' lang='lat' dir='ltr'><strong>non</strong></span> <span class='ocrx_word' id='word_1_243' title='bbox 540 3548 674 3614; x_wconf 88' lang='lat' dir='ltr'><strong>desinas.</strong></span> 
     </span>
    </p>

    <p class='ocr_par' dir='ltr' id='par_1_5' title="bbox 392 3661 1483 3751">
     <span class='ocr_line' id='line_1_32' title="bbox 392 3661 1483 3751; baseline 0.002 -20"><span class='ocrx_word' id='word_1_244' title='bbox 392 3665 491 3749; x_wconf 85' lang='lat' dir='ltr'><strong>Igitur</strong></span> <span class='ocrx_word' id='word_1_245' title='bbox 507 3663 691 3748; x_wconf 81' lang='lat' dir='ltr'><strong>Thuringis&#39;</strong></span> <span class='ocrx_word' id='word_1_246' title='bbox 706 3668 738 3730; x_wconf 92' lang='lat' dir='ltr'><strong>et</strong></span> <span class='ocrx_word' id='word_1_247' title='bbox 753 3661 940 3730; x_wconf 85' lang='lat' dir='ltr'><strong>Germaniae</strong></span> <span class='ocrx_word' id='word_1_248' title='bbox 963 3664 1080 3751; x_wconf 90' lang='lat' dir='ltr'><strong>populo</strong></span> <span class='ocrx_word' id='word_1_249' title='bbox 1102 3683 1155 3748; x_wconf 90' lang='lat' dir='ltr'><strong>ea,</strong></span> <span class='ocrx_word' id='word_1_250' title='bbox 1184 3685 1264 3750; x_wconf 87' lang='lat' dir='ltr'><strong>quac</strong></span> <span class='ocrx_word' id='word_1_251' title='bbox 1287 3664 1327 3730; x_wconf 92' lang='lat' dir='ltr'><strong>ad</strong></span> <span class='ocrx_word' id='word_1_252' title='bbox 1350 3665 1483 3733; x_wconf 84' lang='lat' dir='ltr'><strong>animae</strong></span> 
     </span>
    </p>
   </div>
   <div class='ocr_carea' id='block_1_4' title="bbox 303 3849 1486 4442">
    <p class='ocr_par' dir='ltr' id='par_1_6' title="bbox 303 3849 1485 4150">
     <span class='ocr_line' id='line_1_33' title="bbox 377 3849 1482 3911; baseline -0.001 -13"><span class='ocrx_word' id='word_1_253' title='bbox 377 3866 397 3898; x_wconf 81' lang='lat' dir='ltr'><strong>a.</strong></span> <span class='ocrx_word' id='word_1_254' title='bbox 418 3851 556 3911; x_wconf 76' lang='lat' dir='ltr'><strong>ceperianum</strong></span> <span class='ocrx_word' id='word_1_255' title='bbox 573 3855 612 3908; x_wconf 84' lang='lat' dir='ltr'><strong>M,</strong></span> <span class='ocrx_word' id='word_1_256' title='bbox 629 3868 686 3896; x_wconf 75' lang='lat' dir='ltr'><strong>corr.</strong></span> <span class='ocrx_word' id='word_1_257' title='bbox 703 3849 897 3909; x_wconf 61' lang='lat' dir='ltr'><strong>prosperiorem</strong></span> <span class='ocrx_word' id='word_1_258' title='bbox 915 3852 940 3897; x_wconf 81' lang='lat' dir='ltr'><strong>C.</strong></span> <span class='ocrx_word' id='word_1_259' title='bbox 1003 3850 1026 3895; x_wconf 90' lang='lat' dir='ltr'><strong>b.</strong></span> <span class='ocrx_word' id='word_1_260' title='bbox 1047 3849 1128 3896; x_wconf 85' lang='lat' dir='ltr'><strong>sedent</strong></span> <span class='ocrx_word' id='word_1_261' title='bbox 1144 3854 1182 3905; x_wconf 88' lang='lat' dir='ltr'><strong>M,</strong></span> <span class='ocrx_word' id='word_1_262' title='bbox 1200 3851 1289 3897; x_wconf 86' lang='lat' dir='ltr'><strong>sedenti</strong></span> <span class='ocrx_word' id='word_1_263' title='bbox 1306 3852 1332 3897; x_wconf 84' lang='lat' dir='ltr'><strong>C.</strong></span> <span class='ocrx_word' id='word_1_264' title='bbox 1394 3863 1417 3896; x_wconf 83' lang='lat' dir='ltr'><strong>c.</strong></span> <span class='ocrx_word' id='word_1_265' title='bbox 1438 3851 1482 3898; x_wconf 78' lang='lat' dir='ltr'><strong>ad-</strong></span> 
     </span>
     <span class='ocr_line' id='line_1_34' title="bbox 305 3927 1485 3990; baseline -0.001 -11"><span class='ocrx_word' id='word_1_266' title='bbox 305 3931 417 3979; x_wconf 79' lang='lat' dir='ltr'><strong>scribatur</strong></span> <span class='ocrx_word' id='word_1_267' title='bbox 435 3935 473 3986; x_wconf 82' lang='grc' dir='ltr'><strong>Μ,</strong></span> <span class='ocrx_word' id='word_1_268' title='bbox 494 3947 551 3976; x_wconf 82' lang='lat' dir='ltr'><strong>corr.</strong></span> <span class='ocrx_word' id='word_1_269' title='bbox 567 3934 590 3976; x_wconf 78' lang='grc' dir='ltr'><strong>ιιι</strong></span> <span class='ocrx_word' id='word_1_270' title='bbox 610 3930 748 3977; x_wconf 82' lang='lat' dir='ltr'><strong>asscribatur</strong></span> <span class='ocrx_word' id='word_1_271' title='bbox 765 3931 791 3977; x_wconf 82' lang='lat' dir='ltr'><strong>C.</strong></span> <span class='ocrx_word' id='word_1_272' title='bbox 869 3928 892 3974; x_wconf 93' lang='lat' dir='ltr'><strong>d.</strong></span> <span class='ocrx_word' id='word_1_273' title='bbox 914 3927 1002 3976; x_wconf 88' lang='lat' dir='ltr'><strong>desidio</strong></span> <span class='ocrx_word' id='word_1_274' title='bbox 1025 3929 1123 3988; x_wconf 81' lang='lat' dir='ltr'><strong>quodam</strong></span> <span class='ocrx_word' id='word_1_275' title='bbox 1141 3933 1178 3987; x_wconf 80' lang='lat' dir='ltr'><strong>M,·</strong></span> <span class='ocrx_word' id='word_1_276' title='bbox 1204 3947 1261 3977; x_wconf 78' lang='lat' dir='ltr'><strong>corr.</strong></span> <span class='ocrx_word' id='word_1_277' title='bbox 1277 3933 1300 3977; x_wconf 78' lang='lat' dir='ltr'><strong>ta</strong></span> <span class='ocrx_word' id='word_1_278' title='bbox 1315 3929 1405 3976; x_wconf 78' lang='lat' dir='ltr'><strong>desidia</strong></span> <span class='ocrx_word' id='word_1_279' title='bbox 1422 3943 1485 3990; x_wconf 79' lang='lat' dir='ltr'><strong>qua-</strong></span> 
     </span>
     <span class='ocr_line' id='line_1_35' title="bbox 305 4007 1484 4068; baseline 0 -10"><span class='ocrx_word' id='word_1_280' title='bbox 305 4012 356 4058; x_wconf 80' lang='lat' dir='ltr'><strong>dam</strong></span> <span class='ocrx_word' id='word_1_281' title='bbox 374 4014 400 4060; x_wconf 86' lang='lat' dir='ltr'><strong>C.</strong></span> <span class='ocrx_word' id='word_1_282' title='bbox 491 4024 511 4056; x_wconf 86' lang='lat' dir='ltr'><strong>e.</strong></span> <span class='ocrx_word' id='word_1_283' title='bbox 532 4009 639 4057; x_wconf 74' lang='lat' dir='ltr'><strong>defendat</strong></span> <span class='ocrx_word' id='word_1_284' title='bbox 659 4027 717 4056; x_wconf 78' lang='lat' dir='ltr'><strong>corr.</strong></span> <span class='ocrx_word' id='word_1_285' title='bbox 732 4012 756 4054; x_wconf 77' lang='lat' dir='ltr'><strong>io</strong></span> <span class='ocrx_word' id='word_1_286' title='bbox 776 4007 879 4056; x_wconf 81' lang='lat' dir='ltr'><strong>defendit</strong></span> <span class='ocrx_word' id='word_1_287' title='bbox 894 4011 932 4066; x_wconf 81' lang='lat' dir='ltr'><strong>M,</strong></span> <span class='ocrx_word' id='word_1_288' title='bbox 954 4008 1062 4056; x_wconf 81' lang='lat' dir='ltr'><strong>dolendat</strong></span> <span class='ocrx_word' id='word_1_289' title='bbox 1078 4012 1104 4057; x_wconf 83' lang='lat' dir='ltr'><strong>C.</strong></span> <span class='ocrx_word' id='word_1_290' title='bbox 1193 4010 1209 4056; x_wconf 87' lang='lat' dir='ltr'><strong>f.</strong></span> <span class='ocrx_word' id='word_1_291' title='bbox 1230 4009 1351 4068; x_wconf 80' lang='lat' dir='ltr'><strong>Thuringis</strong></span> <span class='ocrx_word' id='word_1_292' title='bbox 1369 4013 1408 4066; x_wconf 80' lang='lat' dir='ltr'><strong>bt,</strong></span> <span class='ocrx_word' id='word_1_293' title='bbox 1433 4011 1484 4058; x_wconf 86' lang='lat' dir='ltr'><strong>Tu·</strong></span> 
     </span>
     <span class='ocr_line' id='line_1_36' title="bbox 303 4092 418 4150; baseline -0.009 -12"><span class='ocrx_word' id='word_1_294' title='bbox 303 4092 374 4150; x_wconf 81' lang='lat' dir='ltr'><strong>ringis</strong></span> <span class='ocrx_word' id='word_1_295' title='bbox 392 4093 418 4138; x_wconf 89' lang='lat' dir='ltr'><strong>C.</strong></span> 
     </span>
    </p>

    <p class='ocr_par' dir='ltr' id='par_1_7' title="bbox 305 4190 1486 4442">
     <span class='ocr_line' id='line_1_37' title="bbox 377 4190 1486 4262; baseline 0.001 -13"><span class='ocrx_word' id='word_1_296' title='bbox 377 4195 401 4248; x_wconf 93' lang='lat'><strong>1.</strong></span> <span class='ocrx_word' id='word_1_297' title='bbox 425 4193 521 4249; x_wconf 87' lang='lat' dir='ltr'><strong>Matth.</strong></span> <span class='ocrx_word' id='word_1_298' title='bbox 536 4193 578 4262; x_wconf 87' lang='lat'><strong>10,</strong></span> <span class='ocrx_word' id='word_1_299' title='bbox 591 4190 617 4247; x_wconf 87' lang='grc'><strong>8.</strong></span> <span class='ocrx_word' id='word_1_300' title='bbox 706 4193 732 4246; x_wconf 78' lang='lat'><strong>2.</strong></span> <span class='ocrx_word' id='word_1_301' title='bbox 755 4191 822 4247; x_wconf 88' lang='lat' dir='ltr'><strong>Luc.</strong></span> <span class='ocrx_word' id='word_1_302' title='bbox 837 4192 861 4262; x_wconf 89' lang='lat'><strong>1,</strong></span> <span class='ocrx_word' id='word_1_303' title='bbox 876 4193 923 4246; x_wconf 77' lang='lat'><strong>79:</strong></span> <span class='ocrx_word' id='word_1_304' title='bbox 944 4193 1112 4262; x_wconf 88' lang='lat' dir='ltr'><strong>,illuminare</strong></span> <span class='ocrx_word' id='word_1_305' title='bbox 1129 4191 1180 4262; x_wconf 84' lang='lat' dir='ltr'><strong>his,</strong></span> <span class='ocrx_word' id='word_1_306' title='bbox 1199 4192 1291 4262; x_wconf 91' lang='lat' dir='ltr'><strong>quiin</strong></span> <span class='ocrx_word' id='word_1_307' title='bbox 1309 4191 1432 4248; x_wconf 83' lang='lat' dir='ltr'><strong>tenebris</strong></span> <span class='ocrx_word' id='word_1_308' title='bbox 1454 4201 1486 4250; x_wconf 86' lang='lat' dir='ltr'><strong>et</strong></span> 
     </span>
     <span class='ocr_line' id='line_1_38' title="bbox 305 4279 1484 4352; baseline 0.001 -15"><span class='ocrx_word' id='word_1_309' title='bbox 305 4284 333 4338; x_wconf 91' lang='lat' dir='ltr'><strong>in</strong></span> <span class='ocrx_word' id='word_1_310' title='bbox 356 4281 453 4337; x_wconf 85' lang='lat' dir='ltr'><strong>umbra</strong></span> <span class='ocrx_word' id='word_1_311' title='bbox 476 4283 571 4337; x_wconf 89' lang='lat' dir='ltr'><strong>mortis</strong></span> <span class='ocrx_word' id='word_1_312' title='bbox 593 4280 721 4336; x_wconf 84' lang='lat' dir='ltr'><strong>sedeut“.</strong></span> <span class='ocrx_word' id='word_1_313' title='bbox 830 4281 856 4336; x_wconf 89' lang='lat'><strong>3.</strong></span> <span class='ocrx_word' id='word_1_314' title='bbox 879 4279 974 4335; x_wconf 84' lang='lat' dir='ltr'><strong>Matth.</strong></span> <span class='ocrx_word' id='word_1_315' title='bbox 988 4281 1087 4350; x_wconf 76' lang='lat'><strong>25,20.</strong></span> <span class='ocrx_word' id='word_1_316' title='bbox 1194 4283 1220 4336; x_wconf 85' lang='lat'><strong>4.</strong></span> <span class='ocrx_word' id='word_1_317' title='bbox 1245 4283 1259 4336; x_wconf 88' lang='lat'>1</span> <span class='ocrx_word' id='word_1_318' title='bbox 1278 4279 1396 4336; x_wconf 88' lang='lat' dir='ltr'><strong>Timoth.</strong></span> <span class='ocrx_word' id='word_1_319' title='bbox 1411 4283 1440 4352; x_wconf 83' lang='lat'><strong>2,</strong></span> <span class='ocrx_word' id='word_1_320' title='bbox 1454 4285 1484 4338; x_wconf 85' lang='lat'><strong>4.</strong></span> 
     </span>
     <span class='ocr_line' id='line_1_39' title="bbox 306 4367 1296 4442; baseline -0.001 -16"><span class='ocrx_word' id='word_1_321' title='bbox 306 4373 331 4426; x_wconf 83' lang='lat'><strong>5.</strong></span> <span class='ocrx_word' id='word_1_322' title='bbox 356 4369 504 4426; x_wconf 81' lang='lat' dir='ltr'><strong>2Timoth.</strong></span> <span class='ocrx_word' id='word_1_323' title='bbox 517 4371 543 4442; x_wconf 85' lang='lat'><strong>4,</strong></span> <span class='ocrx_word' id='word_1_324' title='bbox 557 4371 582 4425; x_wconf 81' lang='grc'><strong>7.</strong></span> <span class='ocrx_word' id='word_1_325' title='bbox 673 4371 698 4425; x_wconf 85' lang='lat'><strong>6.</strong></span> <span class='ocrx_word' id='word_1_326' title='bbox 722 4367 931 4440; x_wconf 79' lang='lat' dir='ltr'><strong>Matth.10,22.</strong></span> <span class='ocrx_word' id='word_1_327' title='bbox 1022 4371 1048 4425; x_wconf 80' lang='grc'><strong>7.</strong></span> <span class='ocrx_word' id='word_1_328' title='bbox 1072 4369 1258 4440; x_wconf 72' lang='lat' dir='ltr'><strong>altercant,</strong></span> <span class='ocrx_word' id='word_1_329' title='bbox 1271 4371 1296 4425; x_wconf 79' lang='grc'><strong>2.</strong></span> 
     </span>
    </p>
   </div>
   <div class='ocr_carea' id='block_1_5' title="bbox 0 0 1563 4848">
    <p class='ocr_par' dir='ltr' id='par_1_8' title="bbox 0 0 1563 4848">
     <span class='ocr_line' id='line_1_40' title="bbox 0 0 1563 4848; baseline 0 0"><span class='ocrx_word' id='word_1_330' title='bbox 0 0 1563 4848; x_wconf 95' lang='lat' dir='ltr'><strong> </strong></span> 
     </span>
    </p>
   </div>
  </div>
 </body>
</html>
