3090 4848
316 284 343 332 s.
360 284 536 334 aonrrnrn
557 286 602 334 nr
624 287 726 334 nonar
748 285 936 334 arrsrousn
955 287 985 334 aa
1172 271 1233 337 131

86 423 137 492 48.
158 425 330 492 Zoclsoaa'oa
347 451 441 515 popa
462 429 629 512 Bocp‘otc‘o
657 429 858 514 gratulatum,
890 431 976 516 qood
998 453 1019 494 a
1040 431 1185 517 Pappioo
1208 444 1238 497 ct

158 539 362 609 carlomanno
385 545 561 610 Miscetur.
603 542 787 612 Grfmorasm
811 545 1081 631 rotomagensem,
1106 547 1237 612 Atatem

157 657 345 740 Rmemoo,
370 659 576 726 Honestum
600 660 812 728 Seoooeasem
834 664 996 749 episcopos
1017 663 1235 750 metropolita-

155 796 208 838 ooa
230 775 270 840 ab
295 796 329 841 eo
343 775 453 860 factos
479 777 657 860 confirmat,-
687 777 800 863 quibus
817 778 925 864 pullio
946 780 1044 842 missa
1067 799 1131 844 osae
1151 801 1235 844 oan-

154 893 216 956 tr'ot.
251 891 383 958 Laudat
405 914 484 974 eam,
510 895 596 978 qood
617 893 823 959 Ablatacum
846 906 874 958 et
893 891 1078 960 Cloamom
1101 895 1234 960 ἀαπιπα-

153 1009 229 1072 aero
250 1010 286 1072 in
309 1030 526 1094 caseumque
548 1012 741 1074 coniecerit'.
848 1007 884 1088 (S
903 1009 977 1092 144,
992 1006 1039 1075 'W
1055 1009 1109 1094 59,
1134 1007 1235 1092 (tot)

153 1137 417 1206 Reverentissimo
440 1147 473 1207 ct
495 1143 695 1208 sanctissimo
718 1142 811 1210 fratri
834 1141 993 1208 Bonifatio
1016 1139 1194 1209 Zacharias.
1271 1149 1324 1206 ‘144

151 1252 297 1339 Legimus
324 1257 360 1322 in
386 1256 468 1324 libro
498 1262 624 1324 actuum
648 1257 880 1345 apostolorum,
910 1261 1054 1324 sanctum
1079 1256 1235 1346 Spiritum
1251 1222 1300 1270 Μ’
1316 1224 1347 1270 ²²

79 1370 210 1454 apostolo
242 1374 437 1460 precepisse:
473 1373 628 1461 Separatc
656 1377 737 1440 mtto·
764 1375 941 1441 Barnabae
972 1389 1001 1441 ct
1028 1376 1169 1442 Paulam
1199 1381 1235 1442 ἐπ

37 1524 38 1532 1
78 1507 157 1572 opos,
190 1491 278 1575 quod
305 1493 535 1577 adsumpsotm
563 1512 614 1557 eoa
623 1485 641 1571 ¹,
678 1489 710 1556 id
740 1496 803 1574 ost,
835 1494 871 1556 ut
898 1509 956 1576 per
985 1490 1234 1576 predicationem

77 1600 250 1670 christianae
276 1605 440 1689 religionis
468 1611 501 1672 et
528 1606 667 1672 eiusdem
692 1605 830 1692 Spiritus
860 1607 961 1673 sancti
984 1606 1119 1689 gratiam
1140 1627 1233 1674 mon·

76 1715 153 1784 lun*
178 1720 409 1788 inluminarsnt
441 1723 633 1788 universum.
679 1721 819 1800 Quorum
845 1721 1063 1789 inluminatio⁶
1090 1723 1235 1809 predica·

75 1833 154 1901 tonis
176 1841 272 1921 atque
294 1837 435 1903 doctrine
451 1837 570 1904 Christi
593 1837 731 1925 prasidio
754 1839 882 1923 mansit,
906 1843 939 1906 ct
955 1843 1062 1906 manet
1079 1839 1234 1906 catholica

75 1947 123 2015 bei
149 1953 301 2020 aecclesia
328 1954 545 2040 praefulgens,
574 1955 687 2021 horum
716 1959 748 2021 st
770 1953 854 2021 beati
878 1953 1092 2040 apostolorum
1114 1955 1232 2042 princi-

74 2065 113 2149 pis
131 2065 214 2135 Petri
237 2069 428 2137 inluminata
449 2071 610 2138 doctrinis.
646 2069 689 2137 Et
712 2089 820 2138 eorum
843 2072 932 2155 sequi
954 2070 1077 2158 pedem,
1102 2071 1160 2138 ex*
1182 2071 1233 2138 in·

73 2163 231 2268 spiratione
254 2185 362 2252 divina
389 2191 477 2254 tuam
501 2188 733 2254 sanctissimam
761 2187 993 2254 fraternitatem
1023 2188 1058 2253 in
1086 2187 1232 2274 partibus

73 2295 124 2364 illis
143 2319 209 2368 esso
233 2302 392 2369 credimus
415 2302 620 2385 destinatam
645 2307 681 2369 ut
703 2303 800 2369 etiam
817 2303 919 2368 instar
934 2321 1044 2370 eorum
1058 2303 1144 2370 idem
1160 2301 1232 2391 Spi-

72 2414 137 2482 ritus
162 2423 293 2485 sanctus
315 2418 349 2484 in
372 2419 482 2486 eodem
504 2425 536 2486 te
560 2419 752 2505 adsumpsit·
776 2439 870 2506 opere
894 2419 934 2485 ad
956 2419 1231 2486 inluminationem

74 2533 196 2613 gentium
224 2533 363 2600 illarum.
399 2534 489 2602 Unde
517 2536 612 2602 nimis
637 2535 813 2602 exultamus
837 2536 871 2601 in
893 2534 961 2602 Deo
985 2541 1017 2602 et
1039 2537 1106 2603 eins
1130 2537 1232 2602 omni·

74 2652 216 2731 pentae
241 2651 400 2718 inmensas
423 2651 589 2718 referimus
611 2651 730 2718 laudes.
800 2651 885 2718 Dum
908 2671 983 2718 vero
1006 2657 1038 2719 et
1060 2652 1157 2719 series
1177 2652 1232 2718 sil·

73 2760 198 2832 labarum
226 2772 357 2834 tuarum
383 2767 474 2835 nobis
502 2766 694 2853 panderetur
721 2787 778 2854 per
801 2766 940 2852 singola,
969 2767 1070 2834 multo
1093 2767 1230 2855 amplius

73 2876 165 2947 testi
186 2903 299 2950 sumus
321 2884 355 2949 in
378 2882 524 2969 Domino,
549 2885 603 2968 qui
625 2883 684 2950 tibi
707 2903 798 2950 suam
821 2884 956 2968 gratiam
980 2884 1027 2950 ita
1048 2883 1159 2968 largiri
1182 2884 1230 2950 di-

16 3075 18 3078 ,
72 3003 168 3077 gnato
191 3005 258 3066 est:
286 3005 323 3066 ut
345 3000 391 3066 sic
412 3001 510 3066 duras
532 3000 635 3084 gentis
657 3001 754 3066 corda
775 2999 916 3084 lenires,
943 3005 1096 3086 quatenus
1119 2999 1232 3068 libenti

72 3113 161 3180 amno
182 3114 414 3183 inclinarentur
436 3117 476 3183 ad
499 3115 727 3184 oboediendum
748 3114 824 3198 fidei
848 3120 880 3183 et
901 3115 1017 3182 divinis
1033 3116 1232 3204 obtempera·

71 3235 130 3295 rent
148 3231 341 3319 praeceptis.

145 3345 298 3415 indicasti
320 3347 436 3415 etenim
455 3348 557 3433 nobis,
581 3347 737 3434 quomodo
759 3353 791 3415 et
811 3347 947 3432 qualiter
967 3347 1125 3432 tetigisset
1144 3348 1231 3416 Dens

130 3519 149 3552 a
168 3525 197 3554 ez
214 3511 244 3555 M
259 3509 373 3565 59-61,
395 3507 555 3557 coa-45⁰.
581 3509 634 3556 Siue
648 3509 752 3554 lemmate
769 3511 809 3565 Μ,·
832 3505 935 3567 Epistola
950 3505 1072 3554 Zachariae
1093 3507 1122 3555 ad
1139 3507 1230 3556 bonifa·

70 3583 115 3631 tion
130 3587 156 3633 tls
172 3589 282 3634 Grimona
298 3587 357 3634 Abel
375 3591 399 3634 et
413 3587 533 3635 llartbsrto
550 3587 731 3648 metropolitanis
748 3586 886 3635 confirmatis
905 3591 930 3636 C.
1008 3587 1030 3634 b.
1052 3587 1116 3636 illum
1131 3592 1231 3651 cupatur

71 3665 137 3721 blf,-
152 3669 250 3714 deletum
266 3677 301 3716 ut
316 3670 339 3714 is
358 3670 384 3716 C.
462 3682 481 3716 c.
502 3685 559 3715 corr.
575 3671 597 3714 r'a
613 3667 785 3714 inluminatione
803 3670 829 3716 C.
906 3666 929 3714 d,
951 3670 974 3714 et
991 3671 1024 3716 ΙΙ.
1097 3682 1117 3716 e.
1134 3685 1191 3716 corr.
1208 3672 1231 3716 i·

70 3749 205 3806 asumpserit
222 3751 250 3796 C.
329 3746 346 3793 f.
367 3745 446 3794 linires
462 3751 497 3804 M,
514 3765 571 3794 con.
587 3751 610 3794 ia
625 3747 709 3794 lenires
727 3749 753 3795 C.

16 3841 17 3870 r
70 3843 128 3903 hanc
143 3850 255 3906 demum
273 3852 366 3922 posita
384 3855 426 3906 est
443 3865 489 3920 ea,
508 3867 579 3921 quas
597 3851 625 3906 in
642 3850 716 3905 nullo
734 3849 909 3919 epistolarum
928 3848 1163 3905 Bonifatianarum
1183 3866 1227 3907 co·

70 3935 118 3991 dice
134 3941 276 4010 reperitur,
298 3939 448 4010 „Formula
466 3939 708 3996 abrenuntiationis
732 3935 853 3993 diaboli“
873 3943 902 3993 et
921 3937 1080 4008 „indiculus
1100 3941 1230 4009 superst-

72 4023 161 4083 tionum
179 4035 208 4084 at
227 4029 430 4099 paganiarum“
451 4029 527 4096 (ibid.
545 4045 572 4099 p.
587 4031 641 4096 19).
674 4029 717 4083 Ex
736 4043 790 4099 quo
809 4031 930 4098 apparet,
948 4027 1150 4084 abrenuntiatio
1168 4044 1230 4084 cum

70 4111 171 4173 indiculo
188 4134 274 4189 quam
292 4118 492 4174 inconsiderate
511 4134 573 4174 com
591 4116 699 4190 synodo
711 4115 855 4172 bibinensi
873 4117 983 4172 contexi
1001 4117 1082 4172 solita
1094 4117 1137 4172 sit.
1165 4117 1230 4172 For·

72 4205 155 4260 uolam
172 4208 249 4262 illam
266 4213 315 4262 aut
333 4223 406 4262 anno
421 4209 473 4262 lla
491 4213 540 4263 aut
556 4211 621 4277 post
637 4207 720 4278 patulo
737 4203 839 4260 factam
858 4219 932 4275 esse,
956 4209 1100 4260 senscrunt
1118 4205 1230 4260 llltlllen·

71 4287 118 4347 bof
131 4301 157 4350 et
173 4295 291 4352 Scherer
308 4289 476 4352 Denlrmffler
493 4295 639 4353 deutscber
657 4295 753 4351 Poesle
771 4294 829 4350 und
847 4295 933 4351 Prosa
949 4309 977 4363 p.
990 4293 1051 4350 436.

130 4385 153 4439 1.
175 4385 241 4442 Act.
260 4401 304 4457 ap.
319 4385 363 4456 1³,
375 4385 402 4442 2.

975 4479 1016 4536 pa
