3176 4846
536 337 615 384 vnn
638 337 831 384 manerem
851 335 878 383 n
1225 319 1290 386 bssl-

281 478 337 545 Set
358 485 464 566 preter
486 478 639 564 reliquos,
664 497 742 562 quos
765 497 870 543 seeum
895 477 1001 562 duxit,
1026 465 1143 545 emices

168 615 214 661 ers
236 595 387 681 prodigus
409 595 463 661 ille
486 595 575 660 detor
598 615 656 661 nee
677 593 768 660 lictae
791 593 893 660 laudis
917 601 1039 660 ametor

235 711 326 778 duxit
347 711 533 793 honoratos,
557 711 697 794 equitnm
720 709 759 776 de
782 711 934 794 sanguine
956 718 1057 794 natos,

234 827 462 910 Francigeuas‚
485 831 612 893 tenerae
634 827 727 913 pubis
751 827 804 911 qui
826 825 904 893 tlore
925 827 1013 893 fuere

234 943 330 1028 inque
352 943 434 1009 nisis
456 963 544 1009 more
566 942 671 1008 uultus
693 943 817 1009 nituere
839 941 967 1023 decore3

237 1079 314 1144 quos
336 1060 459 1125 meritis
481 1064 607 1145 petrum
630 1059 680 1124 vel
703 1059 742 1125 ob
766 1065 837 1125 eote
858 1057 993 1125 celebria
1015 1063 1153 1124 matrum

168 1193 215 1241 sao
237 1175 373 1242 miliciae
395 1193 483 1241 more
505 1175 685 1261 procinetus
708 1175 952 1258 deustionem,

237 1291 390 1358 nobilium
413 1291 497 1358 natis
519 1291 598 1357 deus
622 1311 710 1358 arma
732 1291 876 1359 decentis
897 1291 1006 1374 gretie.
1089 1323 1092 1330 ·

238 1406 263 1472 0
289 1407 382 1473 decus
405 1407 610 1473 immensuml
645 1407 767 1474 Dextra
790 1407 869 1472 dans
890 1405 988 1472 diuite
1010 1425 1149 1488 censum,

239 1542 335 1606 gazas
358 1522 521 1609 expendis,
544 1523 648 1590 inhias
671 1543 730 1590 nso
752 1523 847 1590 rebus
870 1521 1031 1588 habendis.

238 1636 369 1704 Munera
391 1639 546 1724 sparsisti,
569 1639 722 1706 tironibus
746 1659 834 1704 amne
856 1637 980 1721 dedisti,

170 1771 215 1819 sao
238 1757 347 1840 posset
366 1758 403 1820 ut
423 1754 482 1821 hoc
504 1773 599 1841 opere
621 1755 734 1822 melius
757 1762 813 1821 tus
833 1753 919 1819 lame
941 1753 1052 1818 nitere.

282 1869 437 1957 Tempore
459 1870 596 1956 dumque
618 1872 707 1938 brevi
729 1872 778 1939 vir
800 1871 960 1951 honestus,
984 1867 1085 1934 adhue
1107 1866 1194 1933 rudis
1212 1867 1271 1950 evi,

237 1991 382 2072 tempore
405 1987 545 2053 ducendo
567 1993 725 2074 perstaret
745 1987 780 2053 iu
803 1985 881 2052 urbe
902 1983 1069 2066 manendo,

239 2106 287 2168 est
309 2121 349 2168 ex
370 2099 551 2168 fluminibus
574 2121 654 2187 qaae
677 2121 791 2168 nomen
815 2100 930 2187 edepts
952 2098 1072 2168 duobus
1096 2133 1137 2146 ··-

237 2216 367 2284 flumine
388 2237 462 2284 nem
485 2217 602 2304 duplici
624 2218 724 2284 fertur
746 2216 910 2300 Moguntia
932 2211 1012 2281 diei¹
1026 2251 1069 2264 -

171 2353 217 2399 eso
240 2333 313 2400 (lum
329 2335 412 2400 foret
432 2333 493 2418 hic,
517 2334 656 2419 inquam,
679 2353 741 2398 non
765 2333 865 2398 movit
887 2331 927 2397 ad
950 2351 1063 2417 aspera
1084 2331 1223 2416 linguam

239 2449 351 2533 iurgia,
374 2470 433 2516 nec
454 2449 558 2516 verbis
581 2450 698 2516 lamam
722 2449 862 2536 eorrupit
884 2447 1015 2514 acerbis.

241 2563 296 2631 Set
317 2566 344 2631 si
366 2565 448 2632 laute
470 2567 575 2649 gravis
598 2561 794 2632 sermonibus
818 2563 904 2630 edite
924 2564 1033 2650 pravis

240 2681 272 2746 in
295 2701 426 2747 numero
449 2681 525 2748 cleri
549 2681 702 2748 dissensio
724 2680 810 2766 cepit
832 2679 950 2762 haberi,

240 2797 321 2864 haue
343 2797 442 2864 bonus
466 2803 572 2864 orator
594 2799 743 2884 pacisque
766 2795 918 2881 repressit
939 2799 1075 2876 ametor3

172 2933 218 2980 eeu
242 2935 261 2980 a
282 2913 371 2979 viciis
394 2933 490 3000 puros
513 2913 680 2980 ostendeus
704 2931 773 2978 esse
795 2911 917 2978 laturos
1033 2913 1039 2926 '

239 3031 323 3096 cives
345 3029 502 3096 coeloram
525 3049 583 3116 per
605 3047 745 3112 oongma
764 3027 871 3094 federa
893 3045 1027 3110 morum,

241 3151 272 3211 et
295 3145 370 3230 quia
392 3143 514 3232 pacifici
536 3145 643 3212 (lirino
665 3163 796 3210 munere
818 3143 880 3209 dici

239 3263 308 3328 iure
330 3260 390 3327 Dei
413 3257 498 3326 nati'
520 3261 644 3348 possint
667 3259 734 3326 sine
756 3259 812 3325 lite
835 3259 945 3342 notati,

241 3383 273 3444 et
294 3377 369 3462 quie
390 3379 522 3443 venture
545 3377 587 3443 sit
608 3375 751 3443 sontibus
774 3375 851 3440 ultio
875 3375 963 3458 dura,

171 3511 217 3559 eso
240 3493 293 3578 qui
316 3497 425 3559 contra
447 3493 540 3558 mites
563 3491 680 3558 audent
700 3492 860 3558 insumere
881 3491 964 3558 lites.

240 3607 396 3676 Monstrat
417 3613 458 3691 et7
483 3608 625 3692 ingentes
649 3627 747 3694 penas
769 3607 936 3694 plerosque
958 3609 1106 3672 nocentes

239 3725 321 3792 iuste
343 3743 503 3811 passuros,
527 3731 575 3791 set
595 3743 695 3808 regna
715 3723 814 3790 bonos
836 3722 1008 3790 habituros.

242 3839 297 3908 Set
318 3861 420 3926 neque
442 3840 616 3928 scripturas
638 3838 752 3906 celavit
773 3840 840 3906 sive
861 3837 989 3924 ligures,

239 3963 306 4025 tam
328 3957 556 4043 scripturarum
580 3976 674 4040 quem
695 3975 801 4022 rerum
824 3955 889 4021 vim
911 3955 1089 4042 tipicsrum.

202 4170 226 4224 1.
252 4166 337 4222 Simili
361 4167 441 4222 modo
460 4166 584 4222 Serarias
602 4167 846 4238 (Mogumtiacarum
865 4181 954 4220 rerum
972 4163 1030 4220 nl
1048 4163 1138 4234 caps
1155 4179 1181 4234 p.
1200 4161 1241 4226 14)
1259 4175 1294 4214 ex

129 4255 216 4312 tribus
234 4257 314 4326 aquis
331 4255 427 4310 urbem
445 4256 613 4311 nominatam
632 4269 693 4310 esse
711 4255 841 4310 somniat:
864 4270 898 4309 ex
916 4254 1025 4308 Moeno
1043 4252 1139 4321 fluvio,
1158 4255 1187 4306 et
1205 4249 1294 4305 Gonu

130 4349 159 4400 et
177 4345 236 4401 Cia
254 4344 349 4412 (hodic
372 4345 456 4416 Zey)
475 4345 578 4400 rivulis.
668 4345 693 4398 2.
716 4341 811 4399 Metth.
825 4343 850 4413 5,
862 4343 893 4396 9:
915 4341 1013 4412 „Beati
1031 4339 1147 4412 pacifici,
1166 4339 1294 4413 quoniam

129 4431 177 4489 filii
195 4433 247 4489 Dei
263 4432 464 4489 vocabantur“.
