3176 4846
375 269 536 322 monacus
556 271 743 323 munnam
766 273 847 320 uma
868 271 1042 323 nonnosus
1224 255 1291 326 563

120 409 258 481 oratorio
280 411 383 481 saneti
404 409 533 483 llartiui
556 417 631 480 aute
650 431 778 482 erucem
798 412 994 500 sepulchro
985 433 1180 502 rmposuere,
1210 413 1292 486 tales
1311 423 1379 545 11051

120 525 250 612 odorem
270 527 333 612 qui
340 527 444 596 facile
466 533 579 599 cuneta
599 529 761 598 vincerent
783 534 940 613 aromata,
969 547 1167 616 persensere,
1199 531 1265 599 ut'
1256 497 1369 601 mne

119 645 211 713 taum
231 643 388 713 suardus
409 643 537 714 duretur
559 644 703 730 intelligi,
726 645 854 714 odorem
876 643 967 715 illum
989 642 1119 715 duxisse
1141 663 1182 712 ex
1196 663 1291 733 para·

120 757 192 846 dysi
215 760 398 829 amenitate.

206 874 375 961 Requiemt
401 876 499 962 igitur
527 895 609 944 auno
638 876 731 944 etatis
759 895 836 947 auae
858 875 930 964 plus
952 876 1212 964 septembrium,
1236 896 1292 944 ne-

120 1010 279 1078 quaquam
305 990 397 1060 illum
425 997 574 1078 expertus
600 991 758 1078 laborem,
786 992 827 1062 de
853 1013 916 1079 quo
938 991 1108 1080 psalmisto
1128 991 1222 1060 dicit:
1252 993 1294 1062 se·

120 1120 224 1179 m
250 1112 286 1176 ie
310 1111 523 1197 potentatibus
550 1112 707 1196 octoprieta
734 1110 1024 1198 contemptius
1047 1129 1170 1189 corace,
1202 1110 1293 1176 ledor

120 1235 150 1293 et
171 1224 263 1295 dolor
271 1219 290 1290 ¹.
329 1223 392 1292 Sed
413 1225 447 1292 iu
469 1231 629 1294 mnaomts
652 1224 735 1292 bona
756 1230 789 1292 et
804 1225 871 1294 uita
883 1225 1021 1294 iocunde
1035 1223 1197 1312 deponens
1210 1228 1292 1294 tem-

119 1338 272 1426 poralem,
295 1341 365 1408 siue
386 1340 538 1412 dilatiom
559 1341 698 1411 leticiam
719 1340 842 1408 invenit
863 1340 1049 1426 eternalem
1072 1360 1155 1408 anno
1171 1340 1292 1427 episeo-

118 1459 214 1542 patua
235 1460 284 1524 ter
306 1463 446 1544 septeno,
469 1477 599 1526 numero
622 1457 767 1544 mysterii
781 1455 885 1544 pleno.
920 1457 1012 1526 Nunc
1027 1461 1132 1526 autem
1148 1455 1294 1526 clarescit
1411 1535 1421 1552 .

118 1571 218 1656 siguis
241 1577 274 1639 et
295 1573 480 1658 virtutibus,
504 1593 584 1660 quae
607 1593 664 1660 per
686 1572 777 1640 illum
799 1579 971 1660 operantur
994 1572 1156 1640 diuinitus.

208 1685 314 1755 Pauca
335 1688 374 1756 de
389 1688 534 1756 Bardone
557 1688 705 1771 diximus,
728 1689 756 1756 si
778 1688 875 1757 uerba
896 1694 1006 1756 nostra
1029 1707 1099 1756 cum
1114 1688 1208 1758 factis
1223 1688 1292 1757 eius

118 1803 261 1872 conferre
283 1805 437 1892 cupimus.
474 1804 536 1872 Sed
551 1806 621 1890 quis
637 1804 741 1872 verbis
756 1804 971 1890 comparabit'
986 1803 1183 1872 Bardonem?
1204 1803 1291 1888 Ergo

117 1939 180 1987 non
204 1925 327 1988 tuntum
350 1927 459 1990 nostra
480 1920 624 2008 prevalet
644 1917 828 2006 iufirmitas,
853 1927 1005 2007 quantum
1027 1921 1128 2008 ipsius
1151 1924 1291 1988 meretur

117 2035 271 2119 dignitas3
299 2035 431 2122 ideoque
454 2043 580 2104 necnee
602 2035 752 2104 concedet
773 2036 950 2121 devotioni,
981 2037 1192 2122 quodminus
1215 2055 1290 2102 con-

116 2170 197 2236 grua
225 2172 282 2218 suo
305 2152 443 2220 diximus
466 2153 586 2219 honori.
621 2151 682 2218 llic
704 2157 752 2218 est
773 2150 894 2236 Bardo,
926 2171 1019 2236 quem
1050 2152 1135 2218 auris
1158 2150 1289 2218 audiens

116 2265 326 2354 beatificabat,
349 2275 381 2335 et
396 2269 503 2335 oculus
518 2269 627 2336 videns
643 2268 858 2335 testimonium
873 2267 1025 2335 reddebat
1040 2267 1100 2335 ibi
1106 2263 1128 2352 ³,
1152 2287 1189 2334 co
1205 2266 1290 2353 quod

115 2382 283 2450 liberasset
303 2404 476 2471 pauperem
498 2384 732 2469 vociferantem,
757 2390 788 2452 ct
810 2383 966 2470 pupillum
990 2383 1041 2451 cui
1063 2403 1127 2451 non
1150 2389 1218 2450 eret
1234 2382 1289 2449 ud-

116 2493 229 2568 iutor'.
267 2498 448 2567 Benedictio
472 2501 618 2568 morituri
640 2521 735 2586 super
759 2521 830 2566 eum
853 2499 1015 2586 veniebat,
1047 2505 1079 2568 et
1100 2519 1154 2566 oor
1177 2499 1289 2566 viduae

115 2613 295 2682 consolatus
318 2612 392 2683 est‘.
428 2616 556 2684 Iusticia
577 2617 706 2684 indutus
729 2623 786 2701 est,
811 2623 843 2683 et
865 2616 994 2683 vestivit
1016 2637 1066 2700 se,
1089 2616 1172 2683 sieut
1193 2616 1288 2682 vesti-

116 2737 223 2799 mento
253 2737 285 2799 et
317 2732 510 2817 diademate,
544 2733 660 2800 iudicio
690 2728 774 2799 suo‘.
815 2732 932 2799 Oculus
959 2731 1021 2801 fuit
1048 2749 1137 2814 ecco,
1172 2737 1204 2797 et
1231 2749 1288 2816 pes

116 2843 257 2916 claudo⁸.
292 2847 387 2915 Pater
409 2854 478 2916 eret
500 2869 686 2936 pauperum,
710 2853 742 2914 et
764 2867 894 2914 causam
917 2867 1012 2932 quam
1034 2845 1194 2912 nesciebat
1216 2845 1287 2912 dili·

115 2964 300 3049 gentissime
321 2959 557 3048 investigabet².
592 2963 783 3031 Conterebat
805 2963 904 3030 molas
926 2962 1047 3048 iniqui,
1071 2965 1102 3028 et
1124 2961 1163 3028 de
1186 2963 1287 3028 denti·

115 3079 175 3148 bus
198 3079 283 3148 illius
306 3080 468 3148 auferebat
488 3076 647 3167 predem'.
682 3079 785 3146 Radix
801 3080 868 3145 cius
884 3084 996 3165 aperta
1010 3083 1059 3144 est
1073 3097 1162 3144 secus
1179 3098 1286 3163 equas,

115 3201 148 3264 et
176 3217 228 3264 ros
256 3197 431 3264 morabitur
459 3197 492 3263 in
516 3195 671 3263 messione
695 3196 761 3262 eius
769 3191 790 3261 ⁹.
827 3193 936 3261 Gloria
958 3195 1025 3262 eius
1048 3213 1174 3281 semper
1195 3194 1286 3260 iuno-

114 3313 252 3398 vabitur,
275 3318 307 3380 et
329 3333 420 3380 arcus
443 3313 510 3380 eius
531 3312 564 3378 in
588 3331 685 3379 manu
707 3311 773 3378 eius
789 3332 914 3398 semper
929 3303 1191 3378 instaurabitur¹⁰.
1226 3309 1286 3389 Qui

114 3450 188 3498 eum
211 3429 390 3514 audiebant,
413 3427 622 3516 expectabant
643 3430 833 3496 sententiam
856 3429 933 3512 eius,
957 3433 989 3494 et
1010 3427 1124 3494 intenti
1139 3426 1286 3494 tacebant

114 3545 157 3614 ed
179 3544 344 3613 consilium
368 3541 476 3627 eius¹¹3
500 3544 604 3612 uerbis
627 3544 693 3612 eius
710 3544 825 3611 addere
840 3542 937 3611 nicbil
953 3542 1120 3627 audebant,
1144 3548 1176 3610 ct
1190 3563 1285 3628 super

112 3661 187 3730 illos
209 3661 350 3729 stillabat
372 3660 528 3746 eloquium
552 3655 656 3726 eius¹'.
694 3659 915 3747 Expectabant
937 3680 1009 3726 eum
1032 3659 1114 3727 sicut
1132 3659 1283 3746 pluviem,

112 3784 147 3847 et
169 3799 204 3846 os
227 3799 318 3846 suum
342 3777 526 3865 aperiebant
548 3778 638 3861 quasi
661 3775 701 3842 ad
716 3776 859 3863 ymbrem
875 3771 1083 3842 serotinum¹'.
1119 3774 1154 3843 Si
1169 3775 1285 3842 voluis·

111 3899 163 3963 set
185 3895 232 3962 ire
255 3894 296 3961 ad
318 3914 387 3978 eos,
417 3893 546 3960 sedebat
567 3892 706 3979 primus;
729 3911 862 3978 cumque
885 3891 1009 3959 sederet
1031 3891 1121 3976 quasi
1142 3911 1199 3958 rex
1223 3893 1284 3957 cir-

187 4042 207 4075 a
228 4029 374 4087 romanino
390 4045 411 4074 a.
489 4027 512 4074 b.
531 4026 672 4087 comparabis
689 4044 710 4073 c.

186 4107 385 4176 LHQM
475 4103 685 4174 QMQH
775 4101 987 4172 &Mam
1076 4100 1281 4172 &MQR

110 4194 325 4264 91012914.
432 4193 457 4249 6.
476 4191 525 4249 lob
544 4194 644 4262 2916.
752 4190 963 4261 μ11012916.
1070 4191 1096 4245 8.
1115 4188 1281 4279 10112917.

110 4287 138 4342 9.
156 4282 325 4354 10112919.
415 4281 458 4338 10.
477 4279 526 4338 lob
542 4282 586 4352 29,
598 4283 642 4337 20.
733 4281 775 4336 11.
794 4279 844 4336 Iob
861 4281 904 4351 29,
917 4281 961 4336 21.
1052 4278 1094 4334 12.
1113 4279 1281 4350 10112922.

110 4371 346 4442 fflmQffi

1007 4462 1069 4520 36*
