3176 4846
287 285 352 352 652
490 303 571 350 vrrs
593 303 748 352 sancum
770 301 1030 350 ancurnrrscorr
1051 301 1247 350 noouvunvr

191 455 261 512 1160
287 444 362 512 illuc
390 465 448 532 pro
478 445 559 513 bono
588 445 676 531 pacis
703 449 845 526 voearet,
875 444 1048 531 adipsum
1077 465 1095 510 e
1123 443 1254 528 vestigio
1277 463 1334 530 pro
1358 444 1454 511 totius

180 529 270 576 Μ
288 561 424 628 civitatis
454 562 592 648 pernicie
620 566 781 628 maturare
808 559 972 644 deberent,
1001 561 1045 627 si·
1067 561 1149 628 forte
1176 560 1331 627 voluntati
1352 560 1454 647 ipsius

287 697 350 744 non
373 679 622 762 acquiescerent3
645 676 784 743 nondum
806 677 972 743 introitum
994 677 1045 744 vel
1067 677 1188 744 exitum
1208 677 1309 762 ipsius
1332 676 1373 742 ad
1388 675 1455 763 ple-

287 814 363 860 num
386 813 486 879 usque
509 798 673 861 noscentes
683 789 699 858 ¹.
791 791 924 875 Verum,
948 799 1103 879 utsupra
1125 791 1338 876 allegavimus,
1361 812 1456 859 vene-

286 908 397 976 rabilis
424 911 565 996 pontifex
595 928 656 975 oon
684 913 721 975 ut
742 908 859 992 hosts,
888 926 950 977 non
975 915 1098 975 armata
1119 927 1230 993 mann,
1257 928 1321 975 non
1343 915 1381 974 ut
1401 909 1455 994 qui

287 1027 333 1092 eis
364 1025 483 1110 aliquid
510 1023 675 1091 moliretur
702 1023 910 1109 incommodi,
938 1024 994 1091 sed
1021 1032 1057 1090 nt
1083 1023 1233 1112 pacificus
1249 1024 1401 1090 dominus
1424 1029 1458 1092 et

287 1140 450 1208 benivolus
479 1147 585 1227 pater,
616 1140 737 1206 scilicet
758 1147 867 1226 pastor
890 1140 930 1207 ad
952 1161 1042 1222 oves,
1073 1146 1164 1227 pater
1187 1141 1227 1208 ad
1248 1139 1347 1224 filios,
1377 1160 1456 1227 quos

288 1255 434 1343 cupiebat
454 1257 488 1321 in
510 1255 581 1322 Iesu
604 1254 722 1322 Christi
745 1252 943 1340 mscembns',
974 1256 1032 1323 adb
1056 1257 1317 1340 satisfactionem,
1347 1275 1455 1324 acrum

287 1371 472 1439 inclinatus·
495 1371 651 1459 precibus,
675 1371 870 1439 misericordi
894 1373 998 1439 animo
1023 1373 1254 1460 suscipiendam
1270 1373 1456 1454 advenerat;

288 1489 390 1572 magis
418 1489 560 1574 ipsorum
590 1487 685 1556 saluti
713 1508 808 1572 qnam
837 1508 893 1555 sue
921 1488 1076 1555 voluntati
1099 1489 1150 1556 vel
1172 1490 1320 1576 potestati
1344 1509 1457 1556 consu-

287 1603 365 1672 lens.
448 1602 544 1670 Cuius
566 1604 613 1672 rei
631 1603 901 1670 evidentissimum
922 1611 971 1671 est
985 1610 1215 1689 argumentum,
1239 1606 1313 1690 quia
1328 1604 1456 1688 milites,

288 1721 342 1805 qni
365 1739 436 1785 eum
464 1722 606 1786 comitati
633 1722 759 1788 fuerant
782 1757 814 1766 -
848 1721 984 1807 sparsim
1012 1721 1047 1788 in
1076 1721 1203 1787 civitate
1232 1741 1290 1807 per
1319 1721 1458 1807 hospitia

288 1856 346 1902 sua
368 1855 475 1902 secure
498 1835 663 1919 degentes‘¹
678 1873 722 1884 -
738 1841 770 1902 et
791 1840 860 1902 tota
880 1835 1002 1903 familis
1022 1857 1086 1903 non
1110 1857 1197 1902 arma
1212 1837 1456 1918 meditabantur,

287 1971 346 2018 nec
373 1951 444 2038 ipsa
473 1953 556 2019 cirea
584 1952 746 2019 domiuum
775 1971 867 2019 suum
894 1951 1081 2035 intulerant3
1111 1952 1165 2019 sed
1189 1952 1245 2019 leti
1267 1953 1458 2038 iucundique

288 2068 392 2134 animo
420 2068 537 2134 civium
560 2070 730 2136 crastinam
750 2067 1009 2156 *prestolabantur
1038 2069 1284 2135 conventionem.
1323 2067 1458 2135 Manife-

288 2189 371 2251 stum
399 2189 450 2250 est
476 2185 576 2269 enim,
605 2183 689 2270 quod
711 2185 898 2252 venerabilis
921 2185 1062 2270 pontifex
1084 2205 1258 2269 numquam
1279 2189 1345 2250 tam
1370 2185 1458 2252 tenui

288 2319 384 2366 manu
414 2301 556 2388 partibus
585 2321 692 2368 eorum
722 2321 756 2368 se
784 2300 981 2384 credidisset,
1011 2302 1038 2367 si
1066 2320 1119 2367 eos
1147 2302 1216 2387 ipse
1243 2300 1403 2386 corripere
1425 2305 1459 2367 et

289 2435 351 2482 nou
381 2415 438 2482 ad·
461 2415 586 2482 eorum‘
609 2417 859 2484 emendationem
886 2437 981 2504 super
1007 2416 1164 2502 sacrilegii
1185 2417 1345 2483 commissi
1366 2422 1459 2484 reatu

287 2532 506 2600 tautummodo
529 2533 742 2619 recipiendam
767 2534 912 2600 venisset

378 2647 458 2714 Gom
480 2649 577 2732 igitur
600 2649 638 2716 da
661 2651 867 2716 conventione
890 2649 959 2734 hac,
982 2648 1021 2715 de
1043 2647 1204 2715 obsidibus
1212 2657 1234 2733 ⁸,
1257 2649 1297 2715 ds
1312 2649 1459 2716 satisfac-

293 2765 379 2832 tione
402 2785 459 2852 pcr
482 2771 583 2832 toturn
606 2765 691 2832 illius
714 2765 777 2832 diei
800 2766 937 2852 spatium
953 2769 1143 2831 tracteretur
1156 2771 1189 2832 et
1202 2766 1318 2846 noctis3
1343 2771 1376 2831 et
1391 2770 1460 2832 tota

290 2881 394 2966 cuma,
424 2882 592 2969 impatiens
615 2901 791 2966 morarum,
819 2881 991 2946 crastinum
1014 2881 1102 2966 pacis
1125 2880 1335 2968 spectaculum
1357 2887 1391 2948 et
1414 2917 1457 2928 -

291 3000 485 3084 precursoris
513 2998 658 3081 Domini,
696 2997 888 3064 sanctissimi
921 2995 1068 3062 Iohannis
1096 2997 1249 3083 baptiste,
1283 3017 1345 3081 quo
1372 2998 1461 3064 inter

291 3119 382 3182 natos
405 3113 572 3180 mulierum
601 3111 705 3179 nullus
734 3113 835 3179 maior
864 3107 1029 3196 surrexit¹,
1057 3111 1226 3178 feriantes*
1249 3113 1387 3196 rigidam
1413 3149 1458 3160 -
1579 3149 1586 3164 ·

178 3299 181 3304 ,
291 3237 382 3317 cepte
414 3229 595 3296 festivitatis
629 3249 736 3295 omnes
770 3229 1018 3316 prestolarentur
1052 3228 1241 3315 solempnia3
1279 3228 1459 3312 Maguutini

290 3346 437 3413 fraudum
460 3365 588 3411 suarum
611 3345 786 3431 pestilentis
810 3346 900 3411 artis*
922 3363 1121 3430 nequaquam
1138 3345 1226 3412 fuere
1244 3345 1457 3412 immemores

291 3461 437 3529 Placidol
459 3462 542 3527 enim
566 3461 742 3547 blandoque
763 3461 852 3527 vultu
874 3467 911 3528 ut
925 3461 1048 3548 scorpio
1064 3466 1097 3528 et
1111 3461 1239 3548 optimis
1255 3460 1358 3528 vorbis
1373 3462 1461 3528 cirea

291 3579 441 3646 domnum
471 3578 652 3664 episcopum
681 3577 763 3644 inter
784 3577 915 3643 nuncios
937 3577 985 3644 ita
1005 3577 1317 3664 incedebant,=qu0d
1341 3577 1460 3644 nunus*

290 3693 472 3762 mortalium
499 3697 687 3760 venenatam
715 3693 846 3760 caudam
874 3694 1015 3779 ipsorum
1044 3694 1094 3760 vel
1124 3693 1209 3760 aliud
1237 3694 1299 3761 nisi
1324 3694 1459 3761 verbum

292 3809 497 3894 humilitatis,
527 3811 615 3897 pacis
644 3815 676 3876 et
698 3809 898 3876 omnimodem
920 3810 1158 3894 satisfactionis,
1189 3831 1228 3878 cx
1250 3810 1329 3898 ipsis
1351 3816 1462 3897 posset

290 3928 463 4015 percipere.
496 3925 619 4013 Quippe
633 3927 668 3993 in
683 3924 794 3992 corde'¹
810 3925 989 4012 excordas‘,
1012 3928 1178 4010 sevientes,
1192 3927 1354 4011 magisque
1369 3925 1460 3994 bisn-

363 4082 384 4116 a.
404 4068 425 4115 si
439 4093 462 4103 -
476 4067 647 4128 acquiescerent
662 4085 705 4113 om.
717 4068 739 4114 1.
817 4065 840 4113 b.
860 4066 890 4112 ad
906 4083 949 4114 om.
967 4069 988 4113 l.
1065 4081 1086 4115 a.
1105 4067 1220 4115 inclinatis
1236 4069 1258 4114 2.
1330 4068 1353 4114 d
1372 4069 1460 4127 eligan-

289 4151 326 4196 tes
343 4149 365 4195 1.
431 4163 451 4195 e.
473 4149 503 4194 ad
519 4165 562 4194 om.
579 4150 600 4194 1.
666 4146 804 4206 iipsorum
820 4149 842 4194 2.
909 4159 930 4205 g.
952 4146 1109 4194 obsidionibus
1127 4149 1147 4194 1.
1209 4147 1232 4194 ir.
1252 4151 1351 4210 sequitur
1366 4163 1381 4208 g
1396 4153 1418 4195 is
1436 4152 1461 4198 l.

290 4229 306 4276 i.
326 4228 461 4288 pestilentes
477 4229 538 4274 artes
551 4229 572 4274 1.
633 4226 656 4273 k.
671 4227 758 4274 Plaufto
769 4229 791 4274 1.
853 4225 868 4273 l.
885 4225 953 4273 nullis
965 4229 986 4274 1.
1048 4241 1077 4274 m.
1095 4227 1156 4274 omni
1167 4227 1233 4274 modo
1244 4230 1267 4286 1,
1283 4231 1425 4277 omnimodae
1436 4233 1460 4278 2.

291 4321 315 4354 n.
336 4309 359 4356 in
374 4309 443 4355 cerda
460 4311 483 4356 at
499 4310 521 4365 1,
535 4309 560 4354 in
576 4308 644 4355 eorde
660 4309 725 4356 οη
788 4321 808 4356 e.
825 4307 933 4354 excordes
949 4310 1032 4368 scripsi
1043 4325 1086 4366 pro
1102 4309 1126 4354 et
1141 4307 1209 4356 eorde
1225 4311 1247 4366 1,
1263 4323 1291 4356 ex
1306 4309 1374 4358 corde
1390 4311 1412 4357 2.

364 4405 388 4458 1.
414 4401 455 4458 or.
475 4401 537 4457 nar.
551 4403 650 4473 aare.
739 4403 765 4458 2.
789 4402 903 4473 reurpp.
918 4404 942 4473 1,
955 4403 981 4458 e.
1070 4404 1096 4460 a
1120 4402 1215 4460 natu.
1230 4404 1272 4475 rr,
1287 4407 1328 4461 11.
