3148 4846
408 293 616 344 munaum
635 295 717 344 vura
739 293 766 344 s.
782 295 959 346 romanu
1197 279 1262 350 431

95 431 224 502 mtiu
253 432 368 502 robur·
392 435 612 523 munnulus
641 456 679 504 ac
705 443 779 524 poat
805 438 959 506 sommis
987 436 1121 508 sacculis
1148 438 1264 510 iubatis

95 547 320 618 demonstrare
361 549 424 619 Sed
445 553 589 639 quamvis
612 551 654 620 ad
674 553 952 622 demonstrandam
975 559 1134 622 tartarum
1156 561 1262 624 rerum

94 667 249 734 mdoucm
277 666 426 753 exiguum
453 689 504 736 me
532 688 728 756 paruumque
754 667 842 738 lierib
866 676 1026 738 auctorem
1048 682 1262 756 cognoscam,

93 785 217 866 umen,
244 783 389 867 exigente
410 783 639 852 benivolentiae
666 791 790 854 assuas
816 785 993 871 voluntate,
1022 786 1082 856 hoe
1104 786 1188 872 quod
1209 785 1263 854 de-

93 898 280 984 mandastis,
301 900 391 968 robis
414 899 625 985 iurantibus‘,
647 921 712 988 non
724 902 873 989 propriae
887 902 1152 991 praesumptionis
1167 901 1264 972 insol·

92 1011 204 1082 lcrtia·
230 1015 330 1082 iratus
358 1017 414 1086 sed
441 1017 621 1086 amaracus
653 1017 878 1086 catholimm
910 1017 1062 1102 confisus,
1097 1018 1264 1104 adgrediar

93 1147 190 1218 cpus;
217 1151 318 1217 usque
346 1153 387 1200 ex
414 1134 581 1220 parvitatis
609 1153 699 1202 meae
725 1133 798 1200 stilo
826 1134 974 1221 propriae
994 1134 1113 1202 laudis¹
1133 1155 1264 1222 praeco-

91 1245 183 1312 nium
204 1248 378 1333 requirens,
402 1249 458 1316 sed
481 1271 520 1318 su
542 1254 669 1318 tautae⁸
691 1249 737 1316 rei
759 1249 929 1318 relations·
944 1251 1144 1339 profuturum
1158 1251 1264 1335 legen·

91 1361 178 1430 tibus
199 1362 354 1449 praebens
377 1365 572 1453 exemplum3
595 1366 672 1434 dum
693 1366 755 1434 hiis
777 1367 910 1452 qmsqus
931 1365 1098 1434 instruitur
1119 1367 1263 1438 formulis

92 1483 126 1546 et
149 1477 191 1546 ad
212 1479 345 1548 meliora
366 1482 524 1567 profectus
547 1483 598 1550 sui
619 1482 812 1572 perfectione
833 1481 1026 1570 perducitur.

516 1609 657 1654 marom
673 1593 849 1655 emmeno.

296 1800 480 1870 ORDITUR
499 1801 624 1872 LIBER
646 1801 797 1874 SANCTI
819 1799 1063 1872 uoNIFATsst

181 1939 218 2008 1¹.
253 1941 421 2012 Inlustrem
441 1946 540 2031 igitur
562 1966 600 2014 ac
620 1966 695 2015 rere
716 1946 843 2014 beatam
865 1945 968 2014 sancti
980 1943 1131 2014 Bonifatii
1147 1944 1264 2012 summi

5 2127 12 2140 ,
91 2055 252 2146 pontificis
273 2060 373 2128 ritum
394 2081 559 2149 moresque
582 2062 661 2146 eius,
682 2067 863 2130 serstorum
882 2081 1074 2150 magnopere
1086 2061 1263 2130 imitatione

92 2180 250 2260 sacratos,
280 2174 356 2244 licet
383 2179 541 2265 opacitate
562 2178 739 2266 praepediti
761 2178 928 2263 tuentius,
957 2177 1033 2246 exili
1054 2183 1162 2246 tamen
1184 2197 1263 2264 opu·

91 2289 172 2358 sculi
200 2291 294 2358 huius
316 2290 467 2362 stamiue¹
488 2295 648 2362 innectere
670 2313 707 2362 ac
729 2295 866 2381 simplici
887 2294 1038 2362 historiae
1059 2293 1197 2378 tegmine
1219 2325 1262 2340 -

91 2407 356 2494 quemadmodum
373 2409 560 2494 relegiosis·
575 2411 652 2478 viris
667 2411 874 2480 referentibus
890 2412 1099 2499 conperimus,
1116 2410 1180 2496 qul,
1198 2413 1264 2478 cot-

91 2523 214 2590 tidiano
236 2524 304 2592 eius
331 2525 496 2612 conloquio
524 2531 557 2594 et
582 2526 752 2612 relegionis
778 2507 1015 2596 couversatione
1042 2525 1150 2595 sedulo
1173 2545 1265 2614 prae·

91 2641 221 2724 scutati,
244 2659 292 2726 ca,
315 2661 397 2728 quac
418 2643 586 2712 audieruut
606 2643 675 2712 rel·
691 2643 849 2727 viderunt,
871 2644 904 2710 iu
927 2641 1107 2730 exemplum
1128 2643 1265 2730 posteris

1 2827 4 2842 ,
91 2755 294 2825 tradiderunt
315 2793 356 2804 -
381 2765 571 2844 congregata
598 2759 765 2828 ruborum
788 2755 936 2826 raritate¹
958 2753 1111 2828 tarsud0⁸
1133 2758 1266 2826 nitimur

92 2867 258 2958 cnodare‘,
281 2879 313 2940 st
335 2873 375 2942 ab
398 2875 527 2943 exordio
550 2895 649 2962 usque
672 2876 713 2943 ad
730 2875 836 2960 linem,
859 2879 978 2960 quanta
991 2893 1159 2963 possumus
1174 2871 1265 2940 inda·

91 2989 236 3074 palione,
259 2989 385 3058 diuinae
407 2991 681 3080 contemplationis
704 2991 772 3059 eius
795 2989 1036 3058 sanctimoniam
1057 2989 1207 3058 revelare

182 3103 263 3172 Cum
292 3107 377 3175 euim
399 3106 561 3194 primaevo
583 3107 714 3195 puerilis
737 3107 850 3175 aetatis
872 3106 984 3175 decore
1006 3105 1107 3174 multa
1126 3109 1163 3172 ut
1184 3103 1266 3174 solat

91 3226 256 3289 maternae
288 3221 508 3290 sollicitudinis
544 3241 620 3291 cura
651 3221 827 3291 ablactatus
862 3227 956 3308 atquo
986 3221 1141 3290 enutritus
1171 3226 1263 3306 esset,

91 3357 210 3423 magua
230 3338 382 3406 nimirum
404 3338 627 3425 delectatione,
657 3344 832 3408 caurorum
856 3338 1032 3428 postposito
1055 3357 1162 3407 amore
1183 3329 1264 3406 tilio-

91 3473 181 3538 rum,
211 3453 386 3523 adsectatus
420 3460 469 3523 est
503 3476 523 3522 a
551 3461 653 3544 patre.
701 3455 764 3523 Sed
792 3455 867 3542 quia
893 3455 959 3522 iam
985 3454 1125 3524 labentia
1151 3459 1265 3524 cuncta

91 3571 198 3639 animo
221 3570 398 3639 subiecerat
420 3575 452 3640 et
474 3577 603 3640 aeterum
623 3571 726 3656 magis
742 3591 837 3658 quam
851 3571 1031 3659 praeseutia
1044 3571 1185 3656 cogitare
1199 3571 1263 3640 dia·

164 3735 186 3769 a.
205 3722 274 3770 robor
289 3723 315 3779 F,
335 3721 405 3770 robur
419 3727 449 3772 A.
534 3723 557 3772 b.
576 3723 632 3771 dara
649 3727 674 3781 F,
693 3723 744 3771 fleri
759 3725 792 3782 A,
808 3725 840 3782 B,
862 3741 893 3771 aa
907 3721 973 3770 lora?
1057 3735 1078 3771 c.
1098 3735 1219 3783 agnem
1233 3726 1263 3774 A.

92 3801 114 3852 d.
135 3801 271 3850 labantibus
286 3805 312 3860 F,
332 3803 464 3852 iarautrtua
478 3807 513 3862 A,
533 3804 664 3852 inbutum
680 3807 707 3852 B.
812 3819 833 3852 a
856 3803 983 3852 tuaollartla
998 3805 1024 3860 F,
1044 3802 1167 3852 inaolentia
1181 3808 1214 3861 A,
1234 3806 1263 3854 B.

91 3880 107 3928 i
129 3881 193 3930 ludla
209 3885 235 3938 F,
250 3881 326 3929 laudis
340 3886 376 3941 A,
391 3884 418 3931 B.
528 3897 549 3944 p.
572 3886 637 3932 tauta
652 3887 680 3943 F,
695 3887 771 3932 tautae
786 3887 815 3932 A.
923 3883 947 3930 lu.
971 3882 1051 3930 ralatio
1066 3886 1092 3940 F,
1109 3883 1218 3931 relations
1234 3887 1263 3932 A.

91 3959 107 4009 l.
128 3961 223 4024 explicit
237 3962 345 4022 prologus
361 3979 404 4009 ora.
420 3965 452 4020 A,
468 3963 496 4010 B.
572 3963 595 4010 k.
615 3962 782 4025 archiepiscopi
798 3963 855 4010 add.
870 3965 899 4011 B.
977 3963 993 4010 L
1016 3961 1150 4020 Qualiter
1168 3962 1197 4010 ln
1217 3963 1262 4010 ln·

91 4041 183 4091 tantia
203 4041 257 4090 Dal
280 4042 433 4092 aarritluar
457 4041 608 4090 inchoavit
625 4046 652 4101 F,
676 4042 810 4102 Qualiter
831 4044 861 4092 lu
883 4042 1013 4092 tutantia
1030 4041 1149 4092 Domini
1170 4042 1262 4092 aarrl·

91 4121 163 4170 tlara
183 4121 277 4169 subiit
291 4126 320 4171 A.
397 4135 427 4169 ru.
448 4122 563 4182 niuosis
578 4124 643 4181 ΑΒ.
720 4137 743 4172 n.
765 4125 789 4170 at
803 4124 832 4171 B.

164 4229 190 4282 1.
215 4226 324 4284 sumini
342 4227 375 4294 (i.
388 4243 413 4284 e.
430 4230 519 4300 texto,
544 4230 660 4300 panno).
781 4228 807 4282 2.
831 4225 849 4282 l.
863 4241 887 4281 e.
908 4229 1097 4298 ,congregata
1116 4223 1262 4282 verborum

93 4317 248 4384 (meorum)
270 4313 440 4388 paucitatet.
565 4315 591 4376 3.
614 4315 697 4390 iunge
715 4317 769 4374 sic:
795 4315 945 4390 ,butenae
967 4316 1089 4388 tegmine
1110 4311 1261 4374 texendo“.

93 4405 119 4461 t.
143 4405 289 4478 explicare.
