3142 4848
317 283 361 351 52
573 299 600 349 s.
616 301 793 350 eonrrsurr
814 303 858 350 ur
879 301 983 351 uuum
1003 299 1191 350 nemrocan
1214 300 1230 347 o

157 447 298 505 tlt-‘lli
316 444 442 510 recedet
469 441 548 509 lider
576 443 653 530 lepris
680 445 719 510 de
748 465 801 510 ere
822 457 895 522 teor
924 457 952 510 et
979 444 1177 510 onditadea'e
1200 445 1236 508 c'a
1257 463 1295 508 ec
1316 441 1424 508 diebu
1446 465 1480 508 ac

317 560 458 626 noctiboe
486 559 628 625 comitae
657 589 700 600 -
725 578 789 624 uon
817 557 991 646 profuturis
1019 558 1154 624 aliarum
1182 576 1288 625 rerum
1316 555 1480 624 obstaculis

317 694 412 761 porro
435 671 577 757 abolitis,
607 671 747 740 studium
770 677 951 740 sanctarum
972 672 1150 741 litterarum
1172 673 1289 740 mentis
1309 671 1480 740 intentione

317 788 406 874 sequi
428 789 541 856 nitaris
563 793 596 855 et
618 787 692 856 iude
714 787 870 871 gloriosae
890 808 928 855 ac
941 808 1016 857 rere
1029 788 1274 876 pulchritudinis
1287 791 1482 854 venustatem

318 903 494 989 adquirere,
516 904 550 970 id
570 908 619 970 est
633 903 773 970 divinam
789 905 988 990 sapientiam.
1022 903 1109 983 Quae
1123 908 1172 970 est
1187 903 1382 992 splendidior
1397 921 1481 986 auro,

316 1019 489 1107 speciosior
503 1024 643 1104 argento,
658 1018 788 1103 ignitior
803 1018 1002 1106 carbunculo,
1025 1019 1189 1088 candidior
1203 1019 1352 1104 cristallo,
1367 1017 1478 1105 pretio

317 1137 382 1203 sior
405 1135 560 1222 topazio·‚
590 1138 622 1202 et
650 1134 822 1202 secundum
850 1135 1044 1204 sanctionem
1067 1135 1223 1220 ingeniosi
1247 1133 1483 1218 contionatoris,

317 1270 410 1318 omno
426 1251 599 1337 pretiosum
613 1269 678 1316 uon
692 1256 742 1316 est
757 1269 795 1318 ea
809 1249 948 1334 dignum.
983 1250 1066 1330 Quid
1080 1251 1174 1334 enim,
1195 1251 1293 1318 frater
1307 1249 1484 1332 kamsmme,

318 1387 338 1433 a
359 1364 523 1432 iuvenibus
552 1366 712 1434 decentius
736 1366 898 1450 quaeritur
920 1371 974 1432 aut
996 1366 1072 1452 quid
1095 1387 1115 1434 a
1137 1366 1264 1435 senibus
1286 1365 1414 1434 demum
1435 1383 1485 1432 so·

316 1480 405 1548 brius
427 1481 617 1568 possidetur,
640 1482 754 1566 quam*
769 1481 903 1548 scientie
922 1489 1103 1550 sanctarum
1118 1481 1366 1569 scripturarum?
1388 1481 1484 1565 Quae,

317 1598 386 1664 siue
408 1595 480 1663 illo·
503 1596 668 1680 nauhamo
689 1597 864 1684 periculose
878 1597 1076 1684 tempestatis
1092 1617 1205 1664 navem
1220 1597 1345 1666 animae
1358 1601 1486 1687 poshac

316 1711 511 1797 gubernans,
539 1711 673 1780 deducet
700 1713 741 1779 ad
770 1713 1004 1780 amoenissimid
1025 1713 1101 1780 litos
1128 1713 1270 1800 paradisi
1298 1719 1330 1780 et
1352 1712 1392 1780 ad
1413 1733 1487 1799 per-

317 1833 415 1916 petua
441 1847 649 1915 supernorum
672 1828 789 1912 gaudia
811 1829 1002 1913 augelomm.
1037 1827 1087 1895 De
1109 1848 1173 1914 que
1195 1848 1293 1915 supra
1313 1827 1416 1895 dictus
1437 1847 1487 1895 sa·

317 1945 408 2031 piens
436 1941 532 2010 dixit:
563 1943 732 2032 Sapientia
759 1949 858 2011 eiecit
883 1939 1074 2022 moloticm¹3
1102 1947 1229 2032 colapis
1256 1967 1330 2032 erpo
1359 1969 1381 2010 c
1401 1945 1487 2028 fiae·

316 2081 415 2147 araque
446 2061 491 2126 od
514 2061 613 2143 finem
636 2061 784 2146 feower,
821 2073 849 2127 et
882 2063 1023 2148 depone
1058 2063 1165 2128 omnia
1197 2055 1368 2138 accciter'5
1406 2061 1490 2126 hone

317 2179 425 2242 mrcooc'
451 2187 480 2241 et
509 2174 682 2262 ecqoe'eioi‘
709 2200 731 2241 c
758 2179 933 2243 iuomtcte⁸
959 2199 1045 2258 oceo,
1076 2189 1105 2242 et
1129 2190 1253 2243 emmor
1265 2173 1396 2262 faece*
1419 2197 1491 2242 eom

308 2291 439 2378 formae
460 2285 582 2368 stim&-
602 2292 819 2378 9eoeroes'tcte*
836 2293 998 2376 clocaflcot,
1023 2293 1259 2358 contubernalem
1273 2291 1340 2359 Dea'
1359 2291 1489 2372 Ιιαόσηε,

317 2408 373 2474 aed
405 2419 433 2474 et
465 2409 604 2473 enatem
632 2409 777 2474 domim
806 2409 916 2475 dilecti
943 2403 1068 2486 allom⁴3
1104 2410 1227 2474 domnio
1255 2420 1299 2474 eat
1326 2410 1410 2474 enim
1438 2407 1492 2472 di·

317 2523 472 2610 eec'ple'ece
495 2517 588 2588 Dei‘.

407 2635 596 2723 Propterea,
624 2636 653 2702 si
676 2635 830 2704 Dominus
860 2639 1058 2725 omnipotens
1081 2636 1233 2722 voluerit,
1261 2634 1493 2721 utaliquando

319 2751 359 2820 ed
380 2752 460 2820 istos
482 2756 590 2839 partes
613 2771 776 2836 remeans,
806 2753 888 2820 deut
915 2754 1114 2840 propositum
1136 2751 1251 2836 habeo,
1274 2751 1494 2838 perveniam¹,

318 2867 479 2956 spondco',
508 2886 560 2933 me
588 2865 647 2934 tihi
669 2867 709 2933 iu
736 2867 786 2934 his
815 2867 961 2934 omuibus
988 2869 1056 2936 fore
1083 2866 1209 2935 fidelem
1237 2867 1373 2934 amicum
1402 2871 1436 2934 et
1458 2867 1495 2934 in

317 2983 422 3051 studio
452 2982 632 3050 dirinmum
661 2983 904 3070 scripturarum,
934 2983 1149 3069 inquantum
1170 2983 1255 3051 vires
1277 2981 1496 3070 subpeditent,

318 3096 556 3166 devotissimum
580 3097 790 3164 adiutorem·.

385 3211 480 3296 Vale,
503 3213 617 3297 frater,
641 3211 842 3282 florentibus·
930 3213 1103 3282 iuventutis
1125 3233 1197 3280 cum
1219 3213 1350 3300 viribus,

385 3334 422 3395 ut
443 3327 556 3394 floreas
579 3347 651 3396 cum
673 3328 810 3397 Domino
899 3329 935 3396 in
957 3330 1148 3416 sempiterno
1172 3329 1251 3396 solio
1275 3365 1318 3378 -

387 3463 451 3529 qna
472 3448 628 3530 martyres
650 3444 684 3510 in
707 3464 805 3512 conco
894 3465 1002 3530 regem
1024 3451 1142 3512 canum
1163 3444 1319 3528 aethereo,

386 3559 560 3646 prophetae
584 3560 764 3646 apostolicis
853 3559 1070 3628 consonabunt
1090 3565 1123 3627 et
1143 3558 1300 3644 laudibus,

387 3695 450 3760 que
471 3695 529 3741 rex
551 3695 662 3759 regom
684 3681 838 3762 perpetuo
927 3677 1012 3743 cives
1035 3676 1116 3742 ditat
1137 3676 1171 3741 in
1194 3674 1319 3742 saeculo
1342 3709 1385 3720 -

386 3785 557 3858 iconisma⁰
580 3789 627 3856 sic
648 3789 808 3860 Cherubin
896 3797 933 3860 ut
955 3798 987 3858 et
1010 3797 1132 3875 gestes⁰
1154 3811 1227 3858 com
1250 3788 1417 3878 Seraphin,

393 3971 414 4004 a
430 3958 521 4019 topexio
537 3960 573 4005 M.
635 3958 658 4004 lo.
675 3959 728 4018 quia
746 3959 802 4016 VM,
819 3977 875 4006 eon.
891 3961 914 4007 ia
931 3973 997 4020 quam
1015 3964 1041 4009 C.
1103 3973 1123 4006 c.
1139 3975 1195 4006 corr.
1211 3961 1234 4005 te
1249 3957 1297 4005 ullo
1314 3962 1341 4007 0.
1404 3957 1428 4004 d.
1446 3973 1504 4006 am-

321 4037 470 4084 moeniiesimi
481 4038 508 4084 V.
571 4051 591 4083 c.
607 4052 622 4084 a
636 4037 682 4084 dne
695 4040 805 4084 ΜΝ.
866 4039 882 4086 l.
900 4039 1030 4100 exquaesivi
1041 4041 1069 4087 V.
1130 4051 1152 4096 g.
1168 4039 1259 4084 lucente
1268 4041 1302 4084 Μ.
1364 4037 1387 4083 h.
1403 4054 1450 4083 orn.
1463 4043 1504 4086 Μ.

321 4117 336 4162 i.
357 4117 532 4176 generositatem
550 4120 576 4165 ι’.
645 4115 668 4163 k.
689 4117 790 4176 perviam
808 4117 865 4174 MV,
882 4135 939 4165 cerr.
955 4121 978 4165 ta
994 4120 1124 4178 perveniam
1141 4121 1167 4166 C.
1237 4117 1415 4178 inponendae
1433 4119 1506 4168 MV.

321 4209 351 4243 m.
368 4199 407 4258 pec·
421 4205 542 4256 sequntur
557 4211 641 4250 casos,
658 4212 696 4242 eoo
713 4213 755 4242 ore.
772 4200 806 4243 M.
868 4211 891 4244 n.
906 4197 993 4244 toribus
1009 4201 1035 4246 G.
1098 4210 1120 4244 o.
1136 4199 1216 4255 gentos
1232 4200 1259 4245 0.

394 4300 418 4354 1.
443 4297 507 4368 Sap.
521 4300 546 4370 7,
558 4299 607 4354 30:
628 4297 813 4369 „Sapientiam
832 4303 924 4356 autem
938 4316 993 4356 nou
1005 4300 1091 4356 vincit
1101 4299 1232 4356 malitia¹‘.
1304 4301 1329 4355 2.
1348 4297 1413 4370 Sap.
1426 4300 1458 4371 8,
1474 4301 1506 4358 1.

321 4387 348 4443 3.
371 4383 436 4456 Sep.
449 4387 513 4458 8,2.
602 4387 629 4444 4.
653 4385 717 4457 Sap.
730 4387 756 4458 8,
768 4388 795 4444 3.
884 4389 910 4446 5.
935 4389 1000 4461 Sap.
1013 4389 1078 4460 ΒΑ
1167 4389 1194 4446 6.
1218 4388 1346 4460 speciem.
