3090 4848
265 244 327 309 148
489 261 516 309 s.
533 263 708 311 sosmsrn
730 265 774 312 ar
796 265 899 314 nnsnr
920 265 1107 314 mrsronen
1130 264 1207 312 saar

176 408 228 463 745
307 401 555 488 ÷Eustatbius,
586 404 714 472 humilis
744 405 899 491 presbiter
923 411 1050 474 sanetae
1072 405 1232 474 Romanae
1254 404 1432 489 aecclesiae,

154 480 245 530 om
261 517 310 584 bis
334 520 431 601 gestis
455 525 549 604 atque
573 523 748 588 sententiae
770 542 790 586 a
811 521 902 588 nobis
923 522 1133 609 promulgatis
1155 522 1351 608 subscripsit.

302 633 335 700 -ἰ-
349 633 537 721 Procopius,
566 637 714 719 indignus
744 636 902 723 presbiter
929 644 1057 704 serietas
1079 637 1240 705 Romanae
1262 637 1432 704 aecclesiae

260 749 346 816 tituli
369 751 471 818 sancti
494 751 629 838 cyriaci,
653 752 702 818 bis
726 753 823 836 gestis
847 759 941 840 atque
964 754 1138 822 sententiae
1153 753 1277 820 anobis
1295 752 1434 840 promul·

260 866 342 948 gatis
366 866 565 953 subscripsit.

264 1051 325 1120 51.
349 1055 527 1120 Zachariae
548 1079 642 1142 papa
666 1056 867 1140 Boncfete'nm
891 1057 1055 1140 confirmat
1077 1072 1106 1123 ct
1128 1057 1315 1123 consolator.
1350 1056 1435 1122 Acta

349 1173 465 1255 synodi
496 1174 531 1234 e'n
559 1171 758 1237 Francorum
790 1175 958 1258 provincia
991 1173 1115 1238 habitae
1147 1173 1271 1258 prodat.
1320 1169 1435 1237 Sedena

349 1287 624 1372 metropolitanam
647 1291 677 1352 oe'
699 1286 846 1352 Coloniae
868 1291 1066 1354 constitutam
1086 1289 1256 1370 confirmat.
1292 1287 1344 1350 De
1359 1309 1435 1350 con-

349 1405 520 1466 secratione
543 1415 572 1467 et
594 1403 778 1489 baptismate
799 1427 858 1490 par
871 1405 980 1490 salsos
1003 1405 1177 1468 saccrdotee
1182 1403 1285 1487 sactis
1292 1425 1303 1478 3
1326 1403 1364 1466 de
1382 1424 1435 1467 sa-

350 1519 523 1582 cerdotibus
547 1520 689 1594 deiectam
712 1521 749 1583 de
771 1522 837 1584 aare
856 1522 900 1584 ad
913 1519 1113 1585 Francorum
1128 1522 1290 1606 principes
1306 1518 1435 1594 tisana,-

350 1634 389 1696 da
417 1632 617 1698 Francorum
651 1657 760 1711 censen·
795 1637 833 1699 de
861 1637 981 1722 synodo
1013 1637 1177 1711 Romana‚·
1213 1635 1249 1698 de
1279 1630 1436 1700 Gcolcodo

351 1751 514 1836 epmcopm
544 1752 581 1814 de
609 1750 741 1815 oonmla'o
770 1755 805 1815 e'n
827 1751 1027 1817 Francormm
1052 1751 1220 1836 provincia
1243 1752 1436 1835 quotannis

351 1866 500 1950 spendo&
1051 1865 1086 1944 (S
1106 1867 1178 1948 138,
1202 1863 1242 1930 W
1259 1865 1310 1946 70,
1334 1861 1362 1929 G
1379 1863 1436 1944 60)

176 2011 229 2066 745
350 1996 615 2064 Reverentissimo
648 2003 680 2066 et
713 1999 911 2065 sanctissimo
941 1999 1033 2066 fratri
1060 1997 1218 2064 Bonifatio
1248 1997 1437 2083 coepiscopo

155 2084 243 2131 ΟΜ
261 2111 429 2178 Zacharias
454 2133 562 2180 servus
586 2135 747 2180 servorum
770 2115 840 2180 Dei.

351 2227 430 2293 Cum
463 2229 553 2295 nobis
588 2231 785 2296 sanctissime
818 2230 1027 2296 fraternitatis
1061 2234 1134 2295 tuae
1162 2227 1301 2314 syllabae
1329 2225 1438 2294 delate

205 2361 212 2383 ²
261 2343 396 2410 fuissent
419 2350 512 2429 atque
534 2364 592 2430 per
614 2345 739 2428 singula
760 2345 858 2428 relegi
880 2345 1063 2411 fecissemus
1086 2349 1119 2410 et
1135 2345 1387 2430 repperissemus
1403 2343 1439 2409 in

261 2459 432 2525 earundem
454 2459 632 2525 btterarum
656 2466 780 2526 tuarum
800 2460 891 2542 serie,
916 2460 1008 2544 quod,
1031 2460 1169 2547 peccatis
1184 2461 1301 2526 nostris
1315 2460 1438 2526 facien·

260 2573 355 2658 tibus,
380 2573 455 2639 dum
478 2573 626 2642 dominici
649 2576 745 2642 tritici
764 2576 886 2642 semina
901 2596 1068 2660 quaereres
1084 2575 1245 2644 elaborare
1260 2575 1301 2642 ad
1316 2595 1440 2659 augen-

261 2689 335 2754 dam
358 2693 497 2774 segetem
521 2690 706 2776 spiritalem,
734 2692 837 2758 subito
861 2692 981 2758 inimici
1005 2693 1259 2778 superseminant
1281 2691 1411 2758 zizania
1420 2688 1438 2776 ¹,

261 2809 297 2870 ut
325 2806 524 2872 sanctitatem
553 2811 641 2872 tuam
668 2807 806 2874 inbono
830 2828 925 2894 opere
947 2807 1138 2894 impediant3
1168 2808 1224 2874 sed
1245 2813 1302 2874 tua
1323 2815 1441 2875 sancta

261 2920 442 2988 fraternitas
464 2923 660 2988 incessanter
681 2924 817 2988 orationi
840 2924 937 2990 instet
959 2923 1078 3010 pariter
1101 2923 1354 3008 cumfratribus,
1382 2923 1441 3010 qui

262 3055 367 3102 secum
389 3035 544 3121 laborant,
568 3043 600 3103 et
622 3037 779 3124 spiritales
803 3039 942 3105 sarculos
966 3045 1149 3106 construens
1173 3045 1204 3104 et
1221 3039 1345 3106 zizania
1362 3060 1439 3107 era·

261 3152 386 3218 dicensh
411 3153 555 3238 deportet
583 3154 623 3219 ad
651 3154 900 3238 conburendum,
929 3161 965 3221 ut
994 3155 1104 3222 beatus
1135 3153 1303 3238 Gregorius
1331 3175 1439 3242 papa:

262 3271 389 3336 Bonam
417 3269 520 3354 inquit
548 3291 626 3356 opens
654 3271 741 3336 cobis
764 3275 805 3337 se't
827 3275 861 3335 e'n
884 3272 1057 3348 nolentata·
1084 3295 1161 3336 nam
1183 3295 1220 3336 aa
1243 3274 1350 3336 diuino
1377 3278 1443 3340 era't

262 3388 421 3451 adiutorio
444 3389 478 3451 n'n
498 3387 698 3472 perfectione.
735 3385 793 3450 His
813 3387 859 3451 ita
876 3406 909 3451 se
924 3384 1122 3471 habentibus,
1147 3387 1308 3454 carissime
1322 3387 1440 3473 frater,

262 3501 438 3566 confortare
460 3502 494 3566 in
517 3500 664 3586 Domine,
689 3508 720 3568 et
741 3503 810 3589 ipse
834 3503 895 3568 erit
917 3501 1042 3569 adiutor
1064 3508 1146 3568 tuus.

350 3616 398 3682 De
421 3617 599 3683 incursione
623 3623 728 3683 autem
751 3618 908 3702 gentium,
938 3619 1074 3701 quaein
1095 3618 1159 3684 tuis
1181 3616 1326 3706 plebibus
1348 3616 1442 3686 facta

262 3738 319 3816 est,
342 3733 526 3798 merendum
549 3733 639 3800 nobis
664 3739 720 3800 est.
762 3731 823 3799 Sed
846 3733 923 3799 haee
947 3732 1120 3800 adversitas
1143 3734 1321 3802 nullatenus
1345 3739 1442 3802 tuam

261 3849 490 3914 fraternitatem
513 3849 687 3916 conturbet.
723 3849 803 3928 Quia
826 3855 857 3915 et
871 3847 1014 3915 Romana
1036 3850 1147 3916 civitas
1165 3871 1204 3916 ex
1220 3850 1442 3918 accidentibus

260 3963 452 4030 facinoribus
483 3965 588 4050 sepius
617 3970 666 4030 est
688 3964 892 4051 depopulata,
924 3969 1083 4032 ettamen
1107 3965 1351 4052 omnipotentia⁸
1375 3987 1443 4034 sua

334 4113 354 4146 s.
375 4115 404 4143 ex
421 4101 448 4142 M
465 4097 612 4150 sev-sse,
635 4101 655 4144 C
670 4097 778 4144 25-28.
806 4099 859 4145 Sine
875 4100 977 4144 lemmate
994 4103 1033 4154 Μ,·
1054 4098 1105 4145 elie
1121 4099 1150 4146 de
1168 4099 1295 4146 Gandaobo
1311 4102 1443 4148 etaetatis

263 4177 387 4224 abiciendis
412 4179 435 4223 at
458 4176 584 4236 Agrippina
606 4177 739 4236 metropoli,
762 4177 785 4224 id
811 4179 847 4223 est
867 4177 961 4224 Colonia
983 4181 1008 4226 C.
1102 4179 1125 4226 b.
1149 4197 1205 4225 corr.
1221 4182 1243 4225 in
1266 4178 1386 4225 eradicans
1413 4183 1442 4228 C.

262 4269 282 4303 e.
301 4257 404 4316 potentia
421 4260 446 4304 C.

334 4353 358 4404 1.
385 4348 425 4406 er.
444 4349 540 4404 naeu.
554 4351 596 4421 13,
609 4352 651 4406 eo.
