3110 4844
403 317 589 364 sumnonem
612 274 946 364 recommiscere
1191 297 1257 366 347

181 457 315 526 Sanctae
343 459 439 526 etiam
464 456 664 544 hlogcntinac
693 457 761 526 sedi
788 457 988 546 marileffum
1015 458 1257 526 conscribimus:
1277 465 1330 523 ece

90 576 142 658 ut,
171 575 297 659 siquis
326 595 396 642 eam
424 577 574 660 cuiusque
603 575 650 641 sit·
672 593 826 662 personae
854 575 959 661 aliquo
982 573 1150 658 (hlculohe
1172 574 1257 658 huic)

89 689 201 756 habito
215 691 292 757 velit
307 690 482 777 depredari,
505 692 575 778 ipso
590 691 778 778 depredatur
793 696 835 776 et,
856 692 920 758 nisi
932 692 1107 778 resipiscat,
1131 696 1257 758 aeterno

89 805 218 874 vinculo
254 807 463 874 anathematis
503 807 676 895 apostolica
708 809 873 875 maiestate
906 807 1167 892 circumalligato,
1208 809 1260 874 oui

89 927 234 1010 potestas
262 923 337 990 data
365 928 414 991 est
434 921 554 1007 ligendi
578 929 671 1009 atque
693 923 850 1008 solvendi,
879 925 1077 1011 mancipetur
1099 929 1131 992 et
1151 925 1186 992 in
1208 925 1259 992 die

91 1039 233 1106 omnium
255 1039 426 1127 proditore,
448 1039 556 1106 iudicii
578 1039 658 1125 dico,
681 1040 755 1106 inde
777 1039 888 1107 reddet
909 1041 1073 1107 rationem.

97 1253 157 1324 18.
182 1253 385 1320 willehelmus
412 1255 665 1341 archiepiscopus
693 1255 899 1341 Mogontiaco
927 1253 1068 1342 Aqopito
1089 1253 1131 1321 ΙΙ
1155 1277 1261 1343 papae

183 1372 222 1436 de
248 1373 382 1464 caterno
404 1373 597 1456 inermisque
621 1367 810 1438 &maeatae
832 1371 1069 1456 difficultatibus
1092 1372 1259 1458 meaos,

184 1488 272 1552 etde
295 1487 439 1554 eccleciae
452 1487 660 1572 Mopanta'noe
680 1488 809 1552 aeaeis
829 1491 1015 1574 proviciae
1036 1482 1223 1574 qamtrer'l.

183 1619 321 1687 Domino
347 1618 538 1707 apostolicae
565 1617 768 1686 sublimitatis
796 1619 932 1686 culmina
959 1621 1103 1706 dignate,
1138 1625 1332 1688 summotae

93 1741 168 1824 post
189 1741 285 1823 caput
306 1734 467 1802 Christum
488 1735 585 1802 totius
608 1735 847 1803 christianitatis
869 1736 1025 1821 membro,
1051 1756 1154 1823 papae
1176 1735 1261 1821 Aga·

94 1853 172 1940 pito,
195 1851 308 1918 meritc
332 1871 369 1918 ac
390 1851 517 1919 nomine
531 1849 673 1935 fulgenti,
697 1849 906 1918 Willihelmus
921 1857 1048 1920 sanctae
1062 1851 1262 1937 Mogontiuae

95 1968 178 2036 sedis
202 1969 348 2035 minister
368 1967 532 2052 indignus,
560 1969 627 2034 eius
650 1967 731 2034 dono
754 1965 876 2035 Galliae
898 1969 1035 2055 partium
1060 1967 1263 2036 Germaniae-

95 2104 156 2170 que
178 2105 198 2151 a
221 2105 255 2152 se
269 2083 434 2168 secundus,
458 2083 609 2150 orationis
626 2081 699 2150 fidei
717 2083 980 2169 subiectionisque
994 2085 1206 2169 securitatem,
1228 2085 1263 2152 iu

95 2201 149 2268 illc
173 2207 289 2286 autem,
313 2220 353 2267 ex
376 2219 436 2286 quo
460 2200 577 2283 omnia,
600 2219 656 2287 per
679 2219 771 2286 quem
795 2201 911 2284 omnia,
934 2202 968 2266 iu
991 2221 1051 2287 quo
1075 2197 1207 2268 omnia⁸.

183 2315 354 2402 Postquam
376 2317 497 2401 dignati
512 2315 628 2400 fuistis,
652 2321 790 2384 vestram
804 2316 926 2402 liquere
940 2318 1162 2404 paternitatem
1179 2317 1263 2405 apud

97 2427 182 2519 nos’,
207 2440 340 2518 quantas
364 2431 568 2500 afflictionum
590 2433 724 2500 iniurias
746 2434 888 2520 perpessi
906 2453 1024 2519 sumus,
1046 2453 1103 2501 ros
1119 2435 1264 2519 ignorare

97 2548 179 2616 haud
203 2549 399 2632 dubitamus3
422 2551 600 2637 presertim,
623 2549 677 2616 illo
701 2545 898 2618 exterorum⁴
918 2551 1045 2635 evitato,
1068 2551 1265 2618 internorum

97 2665 152 2732 tali
175 2665 341 2750 ingruente
363 2664 519 2752 periculo:
549 2668 600 2750 ut,
627 2665 753 2731 etiamsi
775 2670 905 2732 conatus
929 2685 1046 2750 essem,
1068 2667 1120 2735 rel
1142 2685 1193 2734 me
1215 2666 1265 2734 vel

97 2783 159 2848 mei
185 2781 332 2848 nuntium
361 2781 450 2848 robis
479 2787 662 2868 presentare
688 2801 784 2848 eausa
805 2781 986 2848 consulendi
1009 2783 1086 2868 quid
1109 2782 1265 2867 agendum

98 2903 197 2982 esset,
227 2896 436 2964 obliviscerer.
525 2897 596 2964 Non
624 2897 733 2982 utique
762 2897 851 2982 inde,
882 2902 918 2965 ut
939 2903 1063 2966 restrae
1089 2897 1264 2964 sanctitatis

98 3013 287 3081 obhmoncm
311 3033 460 3098 umquam
483 3032 639 3100 caperem.
675 3011 752 3098 Sed,
782 3013 810 3080 si
832 3014 892 3080 hac
914 3013 1029 3082 oblitus
1050 3015 1155 3099 luero,
1184 3033 1265 3100 qnae

97 3151 148 3198 me
165 3130 262 3218 pallei
278 3129 478 3214 vicariciiquc
494 3128 615 3196 Galliae
630 3129 769 3216 partium
785 3128 1043 3216 Germaniasque,
1067 3131 1265 3198 aecclesiam-

98 3267 158 3333 que
181 3248 283 3314 sancti
306 3245 435 3314 Mardoi
457 3245 572 3312 iterum
593 3246 682 3333 prius
706 3244 781 3312 data
801 3246 885 3331 dcte,
907 3247 958 3313 cui
980 3247 1124 3314 minister
1147 3265 1264 3332 assum,
1365 3281 1367 3284 ·

1 3397 2 3400 ¹
99 3363 221 3448 ditavit,
245 3362 448 3431 obliviscetur
469 3381 521 3429 me
543 3361 674 3430 dextere
695 3357 793 3428 mea⁸.

186 3474 415 3546 Barbarorum⁰
444 3477 590 3546 videlieet
623 3479 768 3563 gentibus
799 3478 1062 3546 christianitatem
1089 3480 1136 3546 ita
1164 3479 1265 3567 inpri-

98 3596 265 3680 meulibus,
287 3599 334 3680 ut,
358 3595 419 3662 uisi
442 3594 523 3662 bello
547 3593 663 3680 anot,
686 3593 754 3662 Deo
769 3594 889 3662 scilicet
902 3593 1067 3680 preliante,
1090 3594 1142 3662 vel
1157 3616 1265 3664 omnes
1325 3647 1328 3654 .

99 3733 155 3782 nos
178 3732 254 3780 suae
277 3712 455 3779 subicerent
476 3711 626 3798 potestati
647 3711 699 3777 vel
721 3712 767 3777 ita
789 3711 829 3778 ad
852 3711 985 3778 nihilum
1000 3712 1195 3796 redigerent:
1218 3719 1264 3798 ut,

170 3897 191 3929 a.
211 3900 241 3930 es
256 3883 400 3942 epistolarum
417 3881 441 3929 S·
452 3883 567 3938 Bonifatii
581 3881 659 3927 codice
675 3881 838 3936 caeruleus,
852 3883 897 3939 fol.
910 3881 955 3928 114
965 3881 1064 3928 -llta
1087 3883 1139 3929 Sine
1154 3883 1265 3929 lemmate.

1 4023 2 4028 1
99 3961 121 4009 b.
136 3965 214 4011 eueni
228 3963 340 4009 excidisse
355 3962 448 4008 videtur.
570 3981 576 3988 ·
838 3957 841 3962 ’

170 4069 195 4123 1.
219 4067 298 4122 Hane
321 4079 363 4136 ep.
382 4063 595 4120 thrdtwolnius
616 4063 771 4134 (Epistulae
790 4063 817 4119 S.
829 4061 975 4132 Bonifatii)
999 4063 1120 4134 signavit
1141 4081 1168 4120 n.
1183 4064 1265 4136 1691),

1 4177 2 4180 ’
100 4155 336 4213 Gllesinsn.155.
413 4155 438 4209 2.
462 4153 496 4209 V.
515 4153 594 4209 Rom.
609 4153 651 4222 11,
663 4153 706 4207 36.
782 4154 807 4208 3.
826 4153 990 4210 willihelmo
1008 4152 1082 4209 sedis
1100 4153 1266 4223 apostolicae

1 4245 2 4300 i
99 4247 201 4302 vicano
226 4241 425 4300 constituendo.
452 4243 487 4300 V.
506 4257 549 4313 ep.
569 4241 602 4297 17
620 4257 704 4312 supra
720 4257 748 4312 p.
767 4242 827 4298 345.
917 4243 944 4297 4.
968 4241 1139 4312 ngarorum
1163 4239 1207 4297 dio
1231 4244 1266 4298 10

100 4351 135 4390 m.
147 4333 268 4405 Augusti
285 4332 428 4388 victorum.
518 4332 544 4388 δ.
567 4331 612 4387 Ps.
627 4329 686 4401 136,
699 4331 730 4386 δε
755 4329 807 4403 ,Sl
825 4329 925 4387 oblitus
943 4329 1020 4387 fuero
1037 4331 1090 4401 tui,
1108 4331 1264 4404 Ierusalem,

100 4424 229 4481 oblivioni
247 4421 327 4480 detur
345 4421 459 4477 dextera
476 4419 570 4477 mea“.
659 4421 685 4476 6.
704 4419 739 4477 V.
757 4435 841 4492 supra
857 4437 884 4476 n.
897 4423 923 4478 c.
