3148 4846
452 321 640 392 maronae
661 323 889 374 mocunrnsln
912 327 942 374 es
1214 309 1280 376 413

117 459 178 532 63.
200 463 363 534 Comedus
380 465 403 530 I
419 467 672 554 archiepiscopus
695 469 901 554 Mogontiaco
923 469 1131 555 euffroponesh
1153 474 1219 535 eura
1243 473 1287 536 do

201 573 355 638 curuato
374 595 478 661 prope
499 575 688 660 Erfurdc'um
700 576 794 661 secto
817 577 1000 663 upnfficot'.

202 694 364 763 conradus
390 697 600 783 lloguntinus.
620 699 874 788 archiepiscopus
903 699 1047 768 omnibus
1076 698 1280 784 suffraganeis
1301 717 1368 772 1191

113 811 180 878 suis
201 811 345 880 salutem.

202 927 405 996 Fraternitati
427 935 530 997 vestre
553 929 793 1014 significandum
815 931 978 1016 duximus,
1008 929 1144 1018 qualiter
1164 932 1199 998 in
1221 931 1280 998 vil-

111 1041 179 1110 lula
201 1045 347 1130 quadam,
373 1045 440 1112 fere
462 1045 504 1112 ad
525 1046 587 1113 duo
608 1047 746 1114 miliaria
769 1048 808 1114 ab
830 1046 995 1134 Erphorde
1018 1047 1165 1131 distante,
1189 1067 1280 1114 eume

112 1159 241 1246 qnidam
270 1166 342 1228 unte
370 1161 569 1228 nativitatem
591 1160 737 1230 Domini¹
758 1163 940 1250 inopinatus
971 1163 1108 1232 emersit
1143 1162 1279 1246 Accidit,

112 1276 310 1362 quorundam
332 1296 507 1364 pauperum
529 1279 563 1345 in
585 1279 695 1346 eudem
718 1279 794 1346 villa
816 1279 996 1364 degentium
1019 1279 1097 1346 duas
1120 1277 1201 1346 filias
1217 1279 1281 1344 vir·

111 1393 202 1476 giuee
230 1392 332 1460 adbuc
353 1393 486 1461 tenellas
509 1396 647 1478 graviter
670 1402 828 1480 egrotare,
856 1397 890 1462 in
912 1401 1037 1463 tautum
1059 1400 1096 1463 ut
1116 1399 1207 1482 pater
1230 1415 1281 1462 sa·

110 1509 270 1576 cerdotem
293 1509 431 1576 eiusdem
456 1511 529 1578 ville
544 1517 670 1578 vocaret
688 1512 859 1578 secundnm
874 1511 1071 1579 devotionem
1085 1509 1160 1578 fidei
1174 1515 1281 1578 nostre

111 1624 153 1690 ed
176 1624 384 1692 exhibendam
406 1626 520 1713 puellis
537 1607 767 1695 eucharistiam.
803 1626 871 1707 Qua
885 1633 1112 1710 consummata,
1135 1625 1280 1694 sacerdos

109 1741 203 1808 iuxta
235 1741 492 1811 consuetudinem
525 1743 704 1828 generalem
731 1743 807 1812 fecit
834 1743 1026 1811 ablutionem
1053 1744 1086 1810 in
1116 1741 1279 1826 bicarium,

110 1855 253 1926 deforme
276 1858 402 1944 quidem
424 1865 471 1943 et,
500 1865 627 1927 utrem
649 1879 748 1946 usque
771 1879 894 1946 quaque
915 1859 1146 1946 exprimamus,
1175 1859 1280 1942 nigre-

110 1971 185 2040 dine
213 1974 391 2059 sordidum‚
421 1975 565 2044 sordibus
594 1977 735 2062 nigrum;
770 1975 877 2062 qualia
903 1975 1053 2042 nimirum
1081 1973 1184 2042 solent
1212 1993 1280 2040 esse

109 2089 240 2156 vascula
254 2111 439 2178 pauperum.
474 2090 530 2158 Set
544 2092 617 2159 inde
632 2111 795 2160 movemur
809 2092 929 2173 minus3
953 2090 1096 2173 scientes,
1120 2090 1195 2175 quie
1210 2109 1281 2156 cum

109 2203 282 2274 humilibus
317 2209 537 2275 sermocinatio
568 2205 661 2276 eius'.
700 2207 932 2292 Inquirentibus
961 2207 1058 2292 igitur
1085 2205 1280 2293 parentibus,

110 2320 263 2408 quidnam
294 2323 331 2390 de
354 2329 500 2392 mutenta
522 2325 555 2390 in
579 2323 696 2391 bicario
720 2323 879 2391 ablutione
901 2323 1079 2390 faciendum
1103 2327 1201 2406 esset,
1230 2341 1280 2388 re-

109 2439 241 2526 spondit
267 2441 406 2527 preiatns
429 2441 589 2508 sacerdos:
619 2445 656 2507 nt
677 2437 811 2507 infirmis
833 2445 944 2527 potum
965 2439 1145 2526 petentibus
1168 2437 1280 2526 prebe-

108 2559 209 2622 retur.
244 2555 332 2634 Quod
360 2556 458 2624 semel
479 2557 598 2624 lactum
622 2563 678 2624 est
713 2556 799 2624 Dum
822 2576 895 2640 ergo
919 2553 1146 2624 secundariae
1168 2554 1279 2642 prebe·

108 2676 209 2755 retur,
233 2671 315 2757 qnod
338 2671 482 2739 mirabile
505 2676 537 2740 et
559 2670 737 2738 miserabile
752 2671 854 2740 relatu
870 2679 927 2757 est,
951 2671 1099 2759 apperuit
1112 2671 1146 2738 in
1162 2670 1279 2738 bicario

109 2785 283 2854 caruncula
304 2794 444 2874 eruenta,
472 2789 561 2875 quasi
584 2788 624 2856 ad
646 2787 781 2854 formam
805 2787 895 2871 digiti
919 2787 1083 2867 accedens3
1112 2787 1184 2872 ipsa
1205 2805 1279 2852 vero

109 2903 281 2971 ablutionis
304 2925 387 2990 aqua
407 2905 471 2972 iam
494 2909 621 2992 ceperat
636 2923 704 2971 esee
718 2903 902 2988 rubicunda,
926 2909 957 2970 et
971 2908 1100 2990 repente
1115 2907 1182 2968 tota
1195 2901 1281 2968 iacta

109 3019 437 3104 estsanguinolenta,
460 3020 558 3088 immo
580 3019 718 3104 sanguis.
754 3018 923 3107 Stupentes
946 3038 1019 3102 ergo
1043 3017 1082 3084 ob
1104 3017 1279 3084 inauditum

108 3137 285 3204 nouatum
307 3136 393 3220 facti,
415 3135 481 3202 iam
504 3136 580 3204 dicti
594 3157 750 3224 pauperes
765 3136 941 3204 retulerunt
955 3135 1014 3202 boc
1029 3134 1192 3202 sacerdoti.
1223 3132 1279 3200 Ille

108 3273 197 3336 vero,
219 3251 334 3320 timeus
357 3273 397 3320 ue
419 3253 501 3320 torte
524 3252 712 3337 negligentia
736 3259 767 3320 et
789 3251 881 3340 culpe
896 3271 951 3318 oue
967 3250 1201 3333 asscriberetur,
1223 3268 1279 3316 vo-

107 3369 181 3453 luit,
203 3373 240 3436 ut
262 3369 451 3436 occultatum
468 3373 674 3436 amoveretur.
714 3368 803 3447 Quod
818 3369 925 3436 stetim
941 3365 1119 3450 intelligens
1134 3371 1280 3432 matrona

108 3485 246 3572 quedam
274 3486 313 3554 de
341 3485 450 3552 emam
473 3483 564 3569 villa,
594 3485 690 3552 vidua
716 3484 888 3572 plurimum
910 3483 1024 3550 devota
1044 3481 1128 3565 Deo,
1158 3501 1198 3549 ne
1220 3483 1279 3548 hoc

106 3601 214 3686 fieret,
237 3603 392 3668 instanter
414 3601 572 3670 dissuasit
612 3601 718 3684 Cuius,
742 3607 778 3666 ut
798 3599 983 3701 compendio
1006 3617 1186 3666 sermonum
1208 3601 1278 3664 utu-

107 3739 192 3804 mur,
215 3717 377 3786 occasione
400 3723 432 3785 et
454 3717 584 3784 consilio
607 3723 766 3784 servatum
789 3721 916 3784 estias
939 3723 971 3783 et
993 3719 1174 3782 contentum
1195 3713 1280 3782 intre

108 3855 166 3902 vas
189 3839 437 3916 sacramentnm
468 3832 677 3919 negligentius
700 3839 822 3916 mmeu,
849 3852 944 3918 quam
966 3831 1094 3900 deberet
1115 3830 1166 3897 sel
1189 3829 1277 3897 dece-

106 3956 169 4018 ret.
204 3949 299 4018 Brevi
320 3957 393 4037 post
414 3955 555 4037 tempore
577 3949 661 4016 idem
677 3949 794 4016 fuctum
811 3947 1054 4036 archipresbiter
1069 3947 1205 4031 agnovit,
1229 3949 1279 4014 set

108 4073 143 4134 et
169 4066 224 4133 ille
252 4067 370 4135 reterre
398 4066 574 4151 negligens,
603 4070 710 4132 tamen
739 4065 779 4132 ad
801 4065 986 4132 instantiam
1009 4062 1208 4152 supradictae
1230 4061 1277 4128 si-

107 4183 190 4253 duae
212 4183 325 4251 maiori
346 4183 523 4251 reverentia
544 4181 701 4268 disposuit
722 4179 883 4248 custodiri.

180 4331 201 4364 ι.
218 4335 247 4364 ιτ
258 4317 309 4364 cod.
318 4317 432 4379 quondam
441 4317 603 4370 Lindemann]
613 4315 680 4360 hodio
691 4315 836 4360 bibliothecae
843 4315 920 4376 regiae
927 4313 1084 4366 Berolr'umc's,
1096 4311 1162 4356 oleat.
1169 4310 1214 4367 sol.
1223 4309 1277 4366 368,

105 4379 196 4426 andr.
212 4398 273 4428 ruec-
284 4381 335 4427 ΧΗ
348 4383 367 4434 Ι.
379 4380 400 4426 1.
425 4379 551 4424 ediderunt
566 4381 668 4426 Murteae
683 4385 704 4422 et
720 4377 819 4423 Durund
837 4377 885 4422 Vct.
900 4377 977 4434 script.
994 4375 1048 4420 coll.
1059 4376 1072 4421 1
1084 4373 1137 4419 997.

182 4459 206 4514 1.
232 4461 296 4514 ante
315 4457 351 4513 25
367 4457 435 4514 Dee.
455 4457 533 4513 1190.
621 4455 647 4510 2.
669 4454 750 4510 Prov.
763 4454 788 4524 3,
803 4453 846 4508 32.
