3148 4846
143 433 183 478 ant
199 425 266 480 1021

4 557 8 567 ἱ
143 505 183 550 aut
198 496 267 552 1027

285 257 351 324 366
626 273 811 324 namucum
833 273 1060 322 mauruntum
1084 273 1114 320 sc

285 420 386 502 pater,
409 416 450 482 de
470 413 530 500 bis,
553 435 615 500 que
635 415 670 482 in
691 414 821 484 dubium
843 414 883 482 de
904 414 1054 484 dominici
1074 413 1227 482 adrentus
1242 411 1453 482 celebratione

284 535 448 615 venerunt,
471 531 697 598 consulendum
711 531 899 598 censuimus
934 529 992 596 Gui
1007 550 1145 618 superna
1159 528 1236 596 Dei·
1252 528 1453 616 providentia

283 651 406 714 mntem
428 647 577 715 scientiae
599 646 826 734 planitudinem
849 646 987 730 donavit,
1010 651 1047 715 ut
1068 651 1100 714 te
1122 665 1314 732 percoquam
1329 643 1452 712 divina·

283 783 355 830 rum
377 762 605 849 scripturarum
626 781 690 830 non
712 762 814 830 solum
836 782 934 848 usque
958 761 998 828 ad
1020 760 1100 828 talos
1123 760 1173 830 vel
1196 761 1237 828 ad
1251 756 1371 844 genua¹
1395 779 1452 828 seu

284 881 380 948 etiam
401 899 502 964 usqae
524 879 564 946 ad
586 899 678 946 renes
700 878 926 962 ommumrea
949 897 1060 944 rernm
1082 877 1177 946 etiam
1200 877 1241 943 ad
1263 877 1370 964 ipsum
1387 882 1452 944 ton·

283 1000 417 1078 rentem,
440 1014 533 1080 quem
555 1015 618 1064 non
640 995 744 1082 possis
766 993 912 1077 benene,
934 993 1128 1080 perduceret
1167 994 1326 1076 Quoniam
1347 992 1453 1078 inquit

283 1115 497 1178 iawmcoraot
523 1134 626 1198 opaco
647 1111 832 1198 profundae
857 1113 1018 1192 torrenti,
1050 1114 1107 1197 poi
1133 1133 1197 1178 ooo
1219 1123 1322 1199 potest
1344 1123 1450 1178 oceu-

283 1223 432 1305 oederi¹5
456 1226 509 1311 qui
532 1229 592 1294 elsi
614 1247 678 1292 non
700 1225 896 1313 pertransiri,
920 1225 960 1294 ad
982 1225 1073 1294 illum
1095 1231 1211 1312 tamen,
1233 1227 1305 1312 ipsa
1318 1224 1381 1294 Dei
1400 1243 1451 1292 sa·

282 1343 404 1429 pientia
424 1342 594 1410 adiuvante
616 1362 696 1428 qnae
718 1363 776 1428 per
798 1347 970 1410 torrentem
992 1342 1189 1428 designatur,
1213 1346 1318 1429 potest
1339 1361 1451 1428 perve-

283 1458 355 1526 niri.
400 1457 500 1544 Igitur
532 1458 626 1526 huius
660 1477 773 1544 aquam
804 1459 969 1542 tumentis,
1003 1479 1098 1544 quam
1129 1457 1234 1526 nullus
1268 1455 1451 1526 mortalium

283 1575 419 1642 transire
451 1579 571 1661 potest,
606 1574 802 1658 aliquatenus
836 1578 945 1657 tange3
982 1593 1026 1643 uc,
1053 1573 1189 1660 aliquem
1216 1571 1452 1658 intellegentiae

283 1696 410 1776 gustum
432 1690 599 1758 sitibundis
621 1689 801 1777 pectoribus
823 1689 941 1758 nestris
963 1689 1089 1776 proebe.

371 1806 415 1874 Ut
441 1808 526 1874 enim
548 1806 703 1894 apertius,
734 1805 817 1874 unde
840 1825 1018 1892 queramus,
1041 1826 1208 1892 mnaseas,
1238 1802 1450 1888 mamendal,

284 1924 367 2010 quod
394 1928 502 1990 tamen
530 1921 735 1988 iamdudum
758 1927 790 1989 te
812 1921 910 1988 latere
931 1922 1062 1988 minime
1084 1922 1249 1990 oredimus.
1284 1921 1451 2000 Quotiens·

282 2057 416 2125 eumque
430 2038 546 2106 natabs
561 2037 691 2106 Domini
704 2039 739 2104 in
754 2039 891 2105 secunda
904 2037 994 2122 teria,
1013 2038 1149 2106 velutin
1163 2038 1322 2125 praesenti
1338 2057 1422 2104 anno
1428 2031 1450 2122 ⁸,

283 2153 431 2240 evenerit,
454 2175 587 2240 magnus
610 2175 698 2222 error
719 2173 777 2241 per
799 2153 964 2222 aecclesias
987 2153 1047 2220 Dei
1069 2173 1104 2220 se
1125 2153 1276 2236 inlundib
1306 2152 1377 2220 aliis
1400 2153 1448 2220 di·

282 2271 440 2355 centibus,
471 2291 535 2338 non
557 2270 670 2338 debere
698 2270 770 2356 plus
799 2290 894 2356 quam
924 2275 1059 2372 quatuor
1086 2270 1258 2337 dominicos
1286 2269 1354 2336 dies
1377 2289 1449 2336 eum

282 2387 354 2480 ipsa
381 2387 595 2454 sacratissima
624 2386 798 2454 dominicae
825 2386 1000 2454 nativitatis
1028 2386 1136 2471 vigilia
1163 2385 1343 2468 celebrarit
1378 2386 1450 2454 aliis

283 2521 357 2570 rere
386 2523 404 2570 e
431 2503 559 2587 regione
588 2502 862 2586 contendentibus,
892 2503 993 2586 magis
1016 2508 1161 2590 oportere
1183 2489 1318 2589 quatuor
1338 2502 1451 2590 plenas

283 2617 473 2686 ebdomadas
495 2619 663 2686 adrentum
680 2618 809 2685 Domini
830 2618 955 2686 babere.
988 2617 1138 2696 Quintum
1159 2619 1243 2684 diem
1257 2617 1452 2688 dominicum

284 2733 462 2820 specialiter
484 2735 611 2820 vigiliae
632 2733 762 2804 Domini
783 2734 974 2818 dedicantes,
1001 2733 1122 2800 nullum
1144 2733 1240 2818 alind,
1262 2739 1299 2800 ut
1319 2734 1452 2802 invem

283 2871 360 2936 gare
386 2852 561 2939 potuimus,
591 2851 780 2920 detensionis
807 2871 882 2918 suae
904 2854 1123 2934 argumentum
1146 2848 1195 2920 rel
1217 2850 1372 2918 rationem
1394 2851 1452 2917 ba-

283 2967 386 3050 bent‘,
408 2968 471 3034 nisi
494 2972 529 3033 ut
551 2967 608 3034 illa
629 2973 763 3053 quatuor
786 2965 899 3050 officio,
921 2986 982 3052 que
1004 2966 1039 3034 in
1052 2965 1289 3034 nocturnalibus
1304 2967 1452 3054 antipho·

283 3083 383 3150 uariis
402 3083 615 3168 inveniuntur,
638 3082 688 3150 rel
703 3083 853 3150 lectiones
868 3086 1049 3150 sanctorum
1063 3081 1298 3166 euangeliorum
1313 3101 1372 3150 nee
1385 3103 1452 3150 nen

284 3203 316 3265 et
337 3196 472 3284 apostoli
494 3199 617 3287 plenius
641 3199 882 3288 adimpleantur.
920 3198 973 3266 Ad
995 3199 1072 3268 haec
1094 3197 1149 3266 alii
1170 3198 1344 3285 pleniorem
1366 3200 1452 3268 veri·

282 3314 359 3382 tatis
381 3315 506 3382 racione
528 3316 694 3384 subnixam
718 3317 929 3402 antiquorum,
952 3315 1039 3384 beati
1059 3314 1206 3382 videlicet
1228 3313 1372 3398 Gregorii
1393 3335 1453 3402 pa·

282 3449 343 3517 pae
372 3449 409 3498 ac
436 3431 615 3518 presbyteri
641 3432 834 3518 Hieronimi‚
870 3433 1036 3519 proterunt
1066 3431 1264 3500 sententiam.
1310 3429 1453 3509 Quorum

284 3545 364 3612 alter
385 3548 419 3612 in
441 3546 522 3614 libro
544 3555 828 3634 sacramentorum,
857 3548 890 3615 id
912 3554 961 3616 est
982 3547 1119 3632 missali,
1148 3547 1194 3614 ita
1215 3546 1450 3634 praetitulavit:

283 3663 456 3730 Dominiou
475 3668 582 3752 primu
605 3667 643 3732 de
665 3667 801 3732 aduecto
822 3667 972 3747 Domini,
997 3666 1323 3746 dominicationem,
1347 3667 1451 3732 domi-

283 3782 357 3846 nica
378 3784 480 3862 tama,
504 3783 663 3848 dominica
685 3795 811 3868 pauno,
835 3801 897 3865 que
917 3781 1064 3867 proxima
1086 3785 1135 3848 est
1157 3785 1230 3848 ante
1250 3779 1453 3848 nab'vitatem

283 3893 429 3978 Domini;
452 3894 533 3964 alter
554 3916 629 3964 vero
651 3897 685 3963 in
707 3896 908 3982 lectionario,
931 3917 1025 3983 quem
1045 3895 1163 3966 librum
1185 3893 1317 3964 Comitis
1340 3895 1453 3985 appel-

354 4113 375 4147 ι
396 4117 439 4148 oar.
455 4105 484 4150 n.
560 4101 583 4149 b.
603 4102 647 4150 lac
667 4119 735 4165 nopae
751 4105 779 4150 G.
857 4115 877 4148 c.
897 4104 996 4164 requirar
1015 4104 1093 4150 duan
1113 4100 1196 4149 debers
1216 4104 1239 4148 ἰιι
1254 4103 1284 4150 n
1366 4100 1389 4147 d.
1409 4099 1453 4148 lm.

281 4178 363 4227 beatu
379 4183 408 4226 lt

354 4285 379 4340 1.
402 4281 501 4340 Eueoh.
513 4283 557 4354 47,
569 4285 595 4338 3.
608 4285 634 4340 4.
717 4285 743 4340 2.
766 4283 865 4340 Eaecla
878 4284 922 4354 4⁷,
934 4285 961 4340 b.
1043 4285 1069 4340 3.
1092 4281 1214 4340 Aribone
1231 4283 1375 4340 ecelesiam
1392 4283 1451 4340 llo

283 4371 425 4442 guntinum
442 4375 562 4443 regente,
580 4373 677 4428 natalis
690 4372 790 4429 Christi
808 4373 836 4428 in
854 4372 926 4428 diem
939 4374 1032 4428 Lunae
1050 4372 1147 4428 incidit
1162 4388 1234 4430 anno
1247 4373 1315 4430 1021
1327 4377 1357 4430 ct
1370 4374 1450 4430 1027.
