3090 4848
263 297 306 364 76
487 314 513 362 e.
530 313 708 362 nourrsrn
730 314 774 360 nn
796 313 899 361 suum
921 313 1108 361 urrsrossn
1130 313 1168 359 rs.
1185 313 1214 358 rr

104 461 245 518 tto-‘122
263 461 338 524 sunt
363 475 434 522 cum
458 455 598 522 maxima
620 456 752 522 canate
775 455 909 539 directa,
938 454 1014 521 licet
1036 454 1100 520 sint
1122 473 1222 540 parva
1243 454 1277 520 in
1299 453 1434 540 aperiet

160 1049 213 1103 722

262 571 340 639 Vale
362 571 396 638 in
418 571 478 640 hoc
500 569 624 638 sacerdo
648 569 773 638 sancteb
797 576 829 638 et
850 570 885 636 in
906 569 1060 638 charitate
1084 589 1146 636 non
1168 567 1251 635 ficta.

266 783 326 854 17.
349 785 513 870 Bonifatii
533 779 789 852 iraomeawm⁰¹.

712 898 747 980 (S
763 917 835 986 pag.
856 901 929 984 163,
944 897 985 967 W
999 919 1072 987 pag.
1094 899 1144 982 19,
1160 896 1188 966 G
1203 903 1280 966 tem.
1297 897 1336 966 Π.
1351 919 1384 984 ρ.
1401 899 1436 980 9)

352 1031 389 1098 ln
416 1033 544 1100 nomine
572 1031 693 1099 domini
722 1032 782 1100 Dei
817 1038 848 1099 et
876 1031 1042 1100 salvatoris
1076 1032 1179 1099 nostri
1205 1031 1276 1098 lesu
1305 1029 1433 1098 Christi.

130 1119 245 1179 (ΝΜΟ)
262 1149 442 1236 Imperunte
472 1148 607 1215 ‹iomnc⁴¹
631 1144 753 1216 Leone⁸
778 1169 797 1215 a
824 1147 893 1216 Deo
922 1154 1071 1216 coronato
1098 1167 1213 1232 magno
1242 1147 1436 1233 imperatore

264 1285 346 1332 anno
379 1268 415 1349 6,
450 1265 765 1352 postconsulatum·
793 1264 860 1331 eius
889 1285 970 1332 anno
1000 1267 1036 1349 6,
1067 1264 1123 1332 sed
1152 1269 1185 1332 et
1211 1258 1435 1330 Gomtnntino¹

263 1401 377 1465 magno
400 1381 592 1467 imperatore
615 1381 681 1447 eius
703 1379 770 1446 filio
794 1401 875 1447 anno
899 1383 938 1465 4,
961 1381 1133 1448 indictione
1155 1375 1204 1447 6⁴.

351 1495 506 1564 Promitte
529 1515 587 1580 ego
609 1495 796 1581 Bonifatius,
820 1497 923 1581 gratia
942 1495 1003 1563 Dei
1024 1497 1206 1584 episcopus,
1229 1495 1319 1562 vobis
1340 1493 1435 1562 beato

262 1611 357 1680 Petro
380 1612 594 1698 apostolorum
616 1612 756 1700 principi
779 1613 958 1698 vicarioque
980 1617 1035 1678 tuo
1057 1612 1149 1680 beato
1164 1631 1267 1698 papae
1282 1608 1435 1694 Gregorio

263 1727 556 1814 successoribusque
580 1730 647 1794 eius
668 1748 726 1815 per
739 1726 869 1795 Patrem
884 1731 916 1793 et
930 1727 1046 1794 Filium
1062 1734 1094 1794 et
1109 1727 1264 1814 Spiritum
1279 1731 1435 1812 sanctum,

261 1845 437 1912 trinitatem
466 1843 726 1930 inseparabilem,
757 1849 789 1910 at
817 1844 876 1910 hoo
905 1843 1154 1911 sacratissimum
1182 1863 1296 1931 corpus
1326 1847 1434 1910 tuum:

333 2017 354 2052 a.
375 2005 465 2064 speciae
483 2006 509 2053 C.
571 2003 594 2050 b.
615 2005 694 2050 sancto
713 2005 740 2051 7.
804 2016 824 2049 c.
842 2021 871 2050 ex
888 2007 917 2050 Μ
929 2005 973 2061 fol.
987 2005 1073 2050 l-lo.
1096 2005 1149 2052 Sine
1164 2005 1274 2050 lemmate.
1336 2002 1360 2050 d.
1376 2003 1436 2064 pils-

261 2085 319 2132 tlmo
335 2086 431 2143 agusto
447 2085 561 2132 excidisse
575 2085 670 2130 ridetur.
696 2084 724 2132 7.
739 2099 810 2143 supro
824 2099 849 2142 p.
863 2084 900 2130 lo.
978 2097 999 2130 c.
1019 2085 1073 2143 post
1088 2081 1168 2130 consil
1185 2086 1219 2130 Μ.

333 2189 358 2246 1.
382 2185 513 2242 Bonitstii
529 2187 712 2244 iuramentum
730 2192 866 2257 quatenns
882 2187 1049 2244 scommuni
1060 2192 1231 2243 sacramento
1242 2187 1436 2257 episcoporum

261 2275 509 2332 suburbicariomm
536 2276 609 2332 illius
636 2277 735 2332 aetatis
761 2276 898 2346 discedat,
926 2292 961 2331 ex
983 2275 1066 2332 Libro
1089 2276 1187 2332 diurno
1209 2277 1268 2343 (ed.
1285 2276 1436 2332 (ismarius

260 2381 287 2436 p.
301 2366 346 2432 69)
366 2365 538 2436 intelligitnr3
556 2365 605 2421 ubi
625 2366 793 2436 „Indiculum
811 2363 949 2436 episcopi“
970 2363 1021 2420 hoc
1040 2369 1098 2418 est:
1122 2365 1170 2435 ,ln
1188 2365 1296 2420 nomine
1313 2364 1436 2434 Domini,

261 2455 326 2524 imp.
346 2459 398 2509 etc.
425 2453 559 2509 Promitto
580 2469 632 2523 ego
650 2454 686 2509 iii.
705 2455 850 2524 episcopus
869 2453 1001 2508 ecclesiae
1019 2451 1055 2507 ill.
1072 2451 1152 2508 vobis
1168 2451 1251 2509 besto
1268 2453 1350 2508 Petro
1367 2467 1435 2522 apo

261 2543 393 2599 stolorum
411 2541 527 2612 principi
544 2542 700 2611 vicarioque
713 2547 763 2598 tuo
775 2541 934 2598 beatissimo
945 2557 1034 2612 papae
1046 2541 1157 2600 domino
1167 2543 1205 2597 ill.
1217 2539 1436 2598 suecessoribus

260 2645 315 2700 qua
335 2632 395 2685 eius
412 2645 462 2700 per
478 2631 588 2686 Patrem
607 2636 635 2686 st
653 2631 750 2686 Filium
770 2635 798 2686 ct
816 2631 947 2701 Spiritum
965 2635 1104 2702 sanctum,
1128 2631 1277 2686 trinitatem
1294 2630 1436 2699 insepars·

261 2719 357 2789 bilem,
376 2723 405 2773 ct
423 2718 475 2774 hoc
493 2719 707 2774 sacratissimum
726 2735 825 2790 corpus
842 2724 935 2775 tuum:
953 2735 998 2775 me
1015 2735 1124 2776 omnem
1140 2718 1222 2775 fidem
1241 2723 1269 2775 et
1285 2719 1437 2790 puritatem

261 2813 373 2863 sanctae
392 2805 457 2863 fidei
475 2807 625 2862 catholicae
644 2807 771 2863 exhibere
790 2813 818 2863 et
836 2809 986 2863 inanitate
1005 2808 1127 2864 eiusdem
1145 2805 1210 2864 fidei
1225 2809 1285 2864 Deo
1302 2812 1437 2878 operante

261 2897 421 2968 persistere,
446 2898 475 2952 in
499 2909 555 2964 qua
576 2898 665 2952 omnis
686 2896 893 2952 christianorum
912 2897 986 2952 salus
1004 2911 1066 2952 esse
1084 2896 1289 2968 comprobatum
1313 2899 1342 2951 et
1358 2897 1437 2953 nullo

262 2985 344 3042 modo
364 2989 459 3041 cenna
476 2985 610 3040 unitatem
630 2987 782 3042 communis
800 2991 829 3040 et
846 2986 1007 3042 universalis
1025 2987 1157 3042 ecclesiae
1175 2985 1302 3042 suadenti
1314 2985 1436 3056 cuipiam

261 3074 424 3142 consentire,
444 3073 494 3127 sed
512 3077 543 3127 ut
560 3072 617 3128 dixi
635 3072 717 3128 fidem
736 3078 764 3127 et
780 3075 928 3144 puritatem
945 3091 1043 3146 meam,
1062 3090 1133 3146 quae
1152 3075 1283 3130 ecclesiae
1295 3079 1369 3144 tuae,
1387 3075 1437 3131 cui

262 3177 280 3218 a
298 3162 408 3218 domino
426 3161 486 3216 Deo
504 3166 628 3231 potestas
646 3162 750 3232 ligandi
768 3163 945 3233 solvendique
963 3163 1041 3234 data,
1061 3167 1090 3218 et
1106 3161 1247 3235 praedicto
1263 3163 1366 3219 vicario
1383 3167 1437 3220 tuo

260 3255 345 3321 atque
363 3249 567 3306 successoribus
585 3251 645 3306 eius
658 3267 707 3321 per
718 3251 810 3308 omnia
821 3251 957 3307 exhibere.
985 3252 1117 3308 Promitte
1128 3253 1238 3322 pariter,
1256 3251 1354 3321 quodsi
1366 3251 1437 3321 quid

261 3344 358 3396 conns
379 3353 435 3394 rem
454 3337 590 3408 publicam
608 3341 652 3394 vei
670 3341 824 3410 piissimum
840 3341 991 3410 principem
1008 3345 1134 3397 nostrum
1152 3357 1170 3396 a
1186 3340 1307 3412 quolibet
1324 3340 1371 3410 agi
1387 3355 1437 3397 co·

260 3442 392 3498 guanero,
412 3427 522 3482 minime
541 3429 708 3500 comantir03
732 3429 782 3484 sed
800 3430 828 3485 in
846 3435 978 3500 quantum
995 3429 1083 3486 virtus
1102 3430 1302 3500 suffragaverit,
1320 3428 1437 3486 obviare

262 3522 291 3572 et
313 3517 416 3572 vicario
439 3519 488 3571 tuo
507 3515 617 3573 domino
636 3532 697 3573 mco
716 3517 866 3587 apostolico
884 3518 972 3574 modis
990 3517 1090 3589 quibus
1107 3523 1222 3588 potuero
1242 3519 1380 3588 nuntiare,
1405 3523 1438 3574 ct

261 3605 289 3660 id
312 3621 394 3675 agere
413 3606 456 3660 vel
475 3604 580 3676 facere,
604 3611 740 3675 quatenus
758 3605 841 3661 fidem
859 3621 949 3662 meam
966 3607 995 3662 in
1012 3607 1138 3663 omnibus
1156 3607 1367 3663 sincerissimam
1386 3621 1436 3662 ex-

261 3693 378 3750 hibeam.
407 3693 510 3759 Quodsi
527 3694 601 3764 qnod
619 3693 692 3750 absit
710 3699 806 3750 contra
823 3693 903 3750 huius
920 3696 1109 3764 promissionis
1127 3711 1204 3752 mace
1220 3696 1318 3751 seriem
1330 3695 1438 3764 aliquid

261 3779 352 3838 iacere
376 3779 498 3851 quolibet
520 3782 602 3839 modo
626 3797 676 3837 sou
695 3783 805 3853 ingenio
822 3784 1029 3840 vel·occasione
1046 3789 1203 3856 tentavero,
1228 3799 1292 3840 reus
1309 3783 1438 3840 inveniar

261 3871 290 3926 in
308 3875 420 3926 aeterno
437 3871 538 3928 iudicio
555 3871 600 3927 vel
617 3872 749 3927 ultionem
766 3871 891 3928 Ananias
909 3877 938 3926 ot
955 3871 1096 3945 saphyrae
1114 3873 1262 3944 incurram,
1283 3873 1331 3944 qui
1348 3873 1437 3928 etiam

260 3959 312 4015 tibi
334 3959 417 4015 beato
435 3961 517 4016 Petro
540 3959 575 4016 de
597 3957 679 4014 rebus
696 3961 813 4030 propriis
831 3959 955 4017 fraudem
973 3961 1064 4017 iacere
1083 3966 1111 4018 et
1128 3961 1227 4019 falsum
1246 3961 1337 4017 dicere
1354 3975 1437 4030 prac-

261 4053 445 4119 sumpserunt.
478 4051 539 4105 Hoc
564 4053 656 4104 autem
683 4049 832 4105 indiculum
859 4051 1022 4106 sacramenti
1045 4066 1098 4121 ego
1121 4051 1158 4106 ill.
1182 4052 1326 4122 episcopus
1349 4065 1437 4106 menn

260 4139 370 4210 propria
394 4137 545 4209 subscripsi
567 4144 650 4209 atque
668 4138 748 4209 posui
766 4155 848 4208 super
865 4141 1079 4196 sacratissimum
1098 4154 1197 4209 eorpus
1214 4145 1292 4195 tuum
1310 4155 1343 4194 ac
1361 4139 1439 4196 sicut

261 4228 387 4297 nuperius
409 4227 510 4296 legitur
527 4228 587 4285 Deo
609 4231 680 4284 testo
699 4233 728 4284 et
744 4229 835 4283 iudice
852 4229 975 4298 praestiti
994 4232 1204 4285 sacramentum.
1232 4227 1312 4294 Quod
1329 4233 1358 4284 et
1375 4242 1437 4284 ser·

261 4332 327 4373 vare
349 4315 505 4386 promitto“.
595 4317 621 4372 2.
644 4317 692 4372 ΠΙ.
782 4317 808 4372 3.
832 4317 879 4373 Ν.
968 4318 995 4372 4.
1019 4332 1092 4374 auno
1110 4318 1163 4374 722
1183 4315 1228 4373 die
1246 4317 1282 4372 30
1299 4315 1369 4374 Non.
1395 4317 1437 4376 V.

261 4420 345 4476 supra
362 4419 389 4474 p.
402 4406 445 4460 21.
