3090 4848
325 265 352 312 s.
371 265 545 313 nosmsmr
569 267 612 314 nn
633 266 737 314 wcnr
758 265 945 314 uersuouss
968 265 998 312 as
1183 250 1247 318 105

77 425 182 472 corum
206 423 379 490 aggregare
401 407 547 490 dignutus
570 413 634 490 est,
658 407 713 474 sed
736 411 769 473 et
789 407 823 472 in
845 405 1064 474 Baioariorum
1086 409 1250 495 provincia
1282 415 1334 471 ‘leo

77 541 155 606 quae
177 542 198 588 a
220 528 252 589 te
276 529 348 590 acta
370 528 444 590 sunt
466 529 687 608 agnoscentes,
717 523 821 589 datori
849 523 989 590 omnium
1016 523 1171 592 bonorum
1192 525 1248 592 do·
1266 489 1316 538 ⁰⁰¹*
1328 491 1358 538 ῃ

76 637 161 704 mino
176 637 245 706 Deo
267 643 388 724 nostro,
411 640 550 706 extensis
573 639 615 706 ad
637 637 759 706 caelum
781 639 908 725 palmis,
930 640 1049 724 gratiae
1072 641 1247 709 retulimus.

76 753 134 833 Qui
161 754 294 820 ianuam
321 755 555 822 misericordiae
584 762 616 822 et
638 754 766 842 pietetis
790 755 824 820 in
846 755 910 822 illis
932 756 1076 842 partibus
1100 755 1248 844 sportis,

78 869 115 935 ad
137 871 389 953 cognoscendum
406 871 490 938 riam
506 870 628 954 salutis,
652 871 768 938 ostium
786 871 1039 940 misericordiaeb
1055 873 1194 960 aperuit3
1218 877 1251 940 et

77 985 166 1052 misit
187 985 335 1070 angelum
358 1005 460 1070 suum,
483 988 538 1072 qui
560 987 764 1075 praepararit
786 988 871 1055 riam
893 993 982 1056 mam
998 993 1071 1056 aute
1086 984 1144 1058 te¹.
1184 988 1249 1076 ipsi

76 1101 178 1185 dorin
199 1102 234 1168 in
257 1101 363 1170 secula
385 1103 571 1170 seculorum.
1299 1185 1305 1190 ,

164 1217 276 1304 igitur,
300 1219 375 1304 quia
397 1219 560 1288 indicasti:
585 1219 764 1306 perrexisse
784 1224 818 1286 te
835 1218 875 1286 ad
888 1225 1015 1304 gentem
1032 1219 1250 1288 Baioariomm

79 1339 108 1402 et
128 1334 291 1402 invenisse
318 1353 372 1402 eos
401 1340 493 1402 extra
520 1335 663 1404 ordinem
691 1335 958 1404 aecclesiasticum
986 1337 1145 1420 viventes,
1174 1337 1250 1404 dum

80 1452 244 1540 episcopos
266 1471 330 1518 non
353 1451 512 1520 habebant
533 1453 566 1518 in
589 1452 762 1539 provincia,
785 1451 848 1518 nisi
861 1471 960 1518 unum
974 1453 1102 1520 nomine
1116 1449 1250 1538 Virilo¹‚

80 1589 172 1654 quem
187 1589 247 1635 nos
263 1572 337 1634 aute
354 1573 479 1655 tempus
495 1567 727 1650 ordinauimns3
751 1573 783 1636 et
799 1569 889 1652 qula⁰
905 1587 977 1636 cum
992 1589 1124 1636 assensn
1138 1568 1251 1654 Otilel,

78 1685 166 1752 ducis
189 1684 374 1752 eorumdem
394 1683 628 1768 beomorum,
659 1705 716 1752 seu
741 1683 929 1770 optimatum
958 1685 1140 1770 provinciae
1168 1685 1252 1754 illius

76 1808 142 1869 tres
166 1801 248 1868 alios
271 1801 450 1868 ordinasses
471 1801 651 1888 episcopos3
675 1806 708 1866 et
721 1801 757 1866 in
772 1804 920 1885 quattuor
934 1806 1042 1887 partes
1056 1801 1253 1888 provinciam

76 1918 166 1986 illam
190 1918 356 2002 divisistis,
379 1917 413 1984 id
429 1922 479 1985 est
493 1923 641 2004 quattuor
656 1915 868 2004 parrochiae,
891 1919 928 1982 ut
941 1935 1022 1984 uuus
1039 1917 1172 2002 quisque
1186 1918 1253 2005 epi·

76 2053 194 2122 scopus
217 2054 311 2100 suum
334 2033 449 2100 habeat
470 2031 701 2120 parrochium'3
726 2033 806 2100 bene
829 2038 861 2100 et
882 2033 960 2100 satis
976 2032 1149 2120 prudenter
1163 2053 1251 2120 pere·

76 2153 163 2236 gisti,
188 2151 299 2218 frater.
335 2149 490 2229 Quonism
514 2149 720 2237 apostolicam
744 2149 980 2235 preceptionem
1002 2169 1041 2216 ex
1062 2153 1172 2216 nostra
1186 2149 1255 2216 uice

77 2267 221 2354 implesti
246 2271 294 2350 et,
317 2266 479 2334 sicuttibi
502 2265 718 2353 precepimus,
741 2264 788 2332 ita
809 2265 969 2351 peregisti.
1059 2265 1168 2352 ltaque
1191 2285 1255 2332 non

77 2385 226 2466 desinas,
250 2383 350 2450 frater
372 2382 641 2467 reverentissime,
664 2381 804 2448 docendo
828 2401 881 2448 eos
904 2387 1047 2449 sancum
1069 2381 1255 2450 catholicam

78 2509 111 2568 et
127 2499 340 2588 apostolicam
355 2499 515 2566 Romanae
530 2498 613 2566 sedis
628 2497 846 2580 traditionemp
869 2502 907 2564 ut
919 2497 1148 2566 inluminentur
1162 2499 1256 2566 rudes

78 2625 111 2684 et
132 2620 220 2684 mum
246 2616 359 2682 salutis
383 2619 527 2699 teneant,
555 2634 613 2701 per
636 2633 730 2700 quem
753 2613 878 2700 possint
900 2613 939 2682 ad
964 2619 1092 2684 aeterna
1114 2615 1257 2702 praemia

79 2735 258 2820 peruenire.

168 2849 371 2918 Presbiteros
401 2842 503 2932 rero⁸,
539 2867 617 2932 quos
646 2846 763 2914 ibidem
791 2844 960 2932 repperisti
984 2879 1025 2892 -
1049 2845 1077 2912 ei
1104 2846 1257 2930 incogniti

80 2968 200 3034 luerim
222 2965 287 3031 uiri
309 2963 367 3050 illi,
391 2984 412 3030 a
434 2964 546 3050 quibus
570 2969 645 3030 sunt
664 2961 811 3046 ordinati,
835 2965 868 3028 et
887 2960 1017 3028 dubium
1033 2965 1091 3046 est,
1115 2981 1168 3028 eos
1189 2961 1257 3048 epi·

79 3103 195 3170 scopus
218 3082 319 3148 fuisse
342 3101 384 3148 an
407 3100 480 3164 non,
504 3081 558 3166 qui
581 3099 634 3146 eos
657 3079 883 3146 ordinaverunt
906 3111 947 3124 -
971 3077 998 3144 si
1021 3077 1102 3144 bone
1125 3079 1257 3145 sotionis

79 3205 114 3265 et
141 3195 293 3265 catholici
326 3197 386 3263 uiri
414 3203 488 3264 sunt
515 3197 578 3283 ipsi
605 3195 774 3281 presbiteri
802 3197 835 3261 et
861 3194 895 3260 in
921 3192 1098 3260 ministerio
1128 3193 1256 3278 Christi,

79 3333 274 3399 omnemque
296 3313 398 3398 legem
422 3318 561 3382 sanctam
581 3312 729 3395 edocati⁸‚
753 3310 838 3397 aptil
862 3309 901 3377 ab
922 3309 1070 3397 episcopo
1091 3329 1147 3376 suo
1163 3310 1258 3378 bene-

78 3433 258 3500 dictionem
280 3428 509 3517 presbiteratus
532 3427 708 3516 suscipient
729 3433 762 3496 et
782 3430 1018 3511 consecrentur,
1042 3429 1074 3493 et
1097 3426 1143 3494 sic
1164 3425 1258 3492 mini·

78 3551 182 3616 sterio
207 3566 297 3614 sacro
321 3547 501 3632 fungantur.

175 3663 229 3730 llli
253 3663 380 3750 quippe,
404 3664 458 3748 qui
481 3661 634 3748 baptizati
657 3665 732 3728 sunt
752 3679 809 3744 per
832 3659 1050 3726 diversitatem
1073 3663 1104 3724 et
1122 3655 1258 3726 deelina-

75 3782 218 3850 tionem¹
241 3779 420 3863 linguarum
441 3776 637 3862 gentilitatis,
659 3782 766 3844 mmen
787 3774 888 3862 quodk
903 3773 937 3842 in
952 3775 1079 3840 nomine
1094 3773 1259 3840 Trinitatis

154 3967 179 4000 ι.
199 3967 257 3997 eurr.
272 3953 294 3997 t·
310 3949 428 4010 lleeperiis
440 3951 465 3996 C·
528 3947 549 3994 h.
566 3948 650 3994 ostium
665 3945 835 3994 misericordiae
851 3945 963 3992 reddare
976 3945 1036 3992 bna
1048 3944 1144 3990 daha·
1155 3945 1221 3994 arro
1234 3945 1260 3989 C.

75 4049 95 4082 t.
117 4035 165 4095 qni
184 4035 222 4084 ΙΙ,
239 4031 292 4090 quia
307 4033 333 4078 C.
411 4029 434 4084 d,
455 4029 553 4076 Otilonie
570 4031 597 4076 C.
674 4041 695 4072 e.
715 4025 849 4086 parrochise
868 4029 900 4078 η,
917 4023 1049 4084 parrochiae
1067 4027 1093 4072 C.
1170 4023 1186 4070 l.
1202 4039 1260 4070 corr.

75 4120 98 4162 f·
121 4126 197 4162 mam
217 4135 242 4142 -
261 4110 402 4170 parrochiam
418 4113 443 4158 c.
522 4122 544 4167 g.
564 4125 621 4154 corr.
638 4110 660 4154 ιἰι
677 4107 784 4165 omnique
798 4107 848 4163 loge
864 4107 944 4152 saneta
958 4104 1049 4150 edueati
1066 4106 1091 4152 ι’.
1169 4102 1193 4150 h.
1213 4103 1260 4150 sbti

77 4201 119 4252 dn·
138 4194 195 4255 :pfl
212 4209 270 4238 cerr.
280 4195 301 4238 iu
318 4194 397 4250 aperte
409 4193 435 4238 C.
497 4190 512 4236 i.
532 4205 589 4236 corr.
605 4191 629 4234 ι’·
643 4199 685 4248 pro
702 4186 834 4234 diremitste
845 4189 869 4232 et
879 4185 1030 4232 declinatione
1042 4185 1067 4232 C.
1130 4183 1153 4228 k.
1169 4183 1223 4242 quia
1234 4185 1260 4230 C.

156 4301 184 4353 l.
205 4297 240 4352 V.
254 4295 348 4351 hlatth.
364 4295 461 4362 11,10.
551 4293 576 4348 2.
600 4307 643 4361 ep.
656 4292 856 4346 Pataviensem.
940 4291 965 4344 3.
992 4286 1172 4358 „Presbyteri,
1190 4299 1260 4355 quos

78 4422 112 4430 —
132 4385 307 4456 fungsnmr“
327 4388 393 4440 sunt
411 4383 439 4438 iu
457 4381 581 4436 Gratiani
599 4381 680 4436 Dect.
699 4380 756 4434 Ρ.Ι
774 4379 808 4434 Ι).
822 4381 858 4434 68
876 4391 935 4433 can.
949 4379 974 4432 2.
