3176 4846
307 297 373 364 588
719 315 799 362 vrrs
822 315 1015 364 munerari
1037 315 1062 362 11

350 475 395 520 ese
416 454 478 522 Per
501 475 592 540 quem
616 455 756 538 digestos
778 456 881 522 suerat
903 477 991 523 sacer
1013 457 1122 523 ordine
1143 461 1258 540 textus,

418 576 450 638 et
473 591 566 656 quam
589 572 737 638 noticiam
760 573 859 638 traxit
880 591 937 658 por
960 572 1189 658 philosophiam

418 687 495 754 artis
518 687 706 770 mundanae,
728 687 805 754 facit
827 688 1001 754 elucescere
1023 687 1125 774 plane.

461 803 546 870 Haec
569 803 623 870 uhi
645 804 802 890 completa
824 802 881 890 p'er
904 823 975 870 eum
999 809 1072 870 suut
1095 823 1171 890 paee
1193 803 1309 889 quieta,

416 939 473 1006 per
496 919 583 985 ouius
606 926 717 986 nutum
740 919 837 984 nichil
860 923 948 985 extat
970 918 1063 985 inane
1085 925 1237 986 statutum
1260 955 1302 966 -

347 1053 393 1100 oco
417 1041 465 1100 eet
487 1041 594 1101 manet
616 1055 636 1101 a
658 1034 729 1118 hnc,
753 1034 850 1100 nichil
873 1035 1062 1120 experiendo
1085 1037 1205 1118 ruinae,

415 1149 510 1216 tinem
534 1151 727 1235 contingens,
751 1151 907 1236 sapientia
930 1171 1023 1235 qnam
1046 1149 1134 1216 dedit
1155 1151 1264 1235 ingena
1288 1187 1329 1198 —

415 1263 568 1352 presulis¹
590 1266 722 1334 illustris
745 1286 843 1350 mens,
868 1266 960 1333 rebus
984 1266 1117 1352 provida
1137 1267 1240 1350 iustis,

416 1382 530 1449 addere
553 1385 704 1449 maiorem
727 1382 833 1448 inveni
855 1381 984 1448 molitur
1007 1382 1166 1449 honorem.

414 1497 517 1584 thue
540 1498 637 1564 nichil
659 1497 750 1582 desit,
774 1503 824 1564 set
845 1503 881 1564 ut
902 1499 980 1564 artis
1003 1498 1138 1564 culmine
1160 1498 1260 1585 presit

347 1631 392 1678 aaa
417 1613 475 1698 his,
500 1614 612 1700 quibos
636 1613 755 1708 equalis
778 1614 1061 1680 miserescendo
1084 1613 1211 1698 sodalis,

415 1729 562 1797 admonet
583 1730 668 1797 hunc
689 1731 819 1812 iterum,¹
839 1729 917 1796 dans
940 1731 1104 1796 consilinm
1128 1730 1188 1797 sibi
1212 1751 1335 1796 verum:

416 1846 540 1913 hauriat
561 1852 597 1913 ot
619 1847 736 1930 vivum,
760 1864 853 1929 qoem
876 1846 932 1911 dat
953 1847 1117 1932 sapientia
1140 1848 1258 1928 rivum3

416 1968 513 2047 utque
535 1963 723 2047 requiratur,
746 1979 827 2046 quac
850 1981 974 2028 summa
995 1963 1147 2046 magistra
1168 1967 1305 2046 vocator,

413 2077 557 2161 Francia,
581 2087 678 2162 quae·
700 2077 790 2144 novit
812 2083 936 2144 etcum
962 2078 1048 2145 velut
1070 2078 1164 2146 ubere
1185 2079 1265 2144 fovit

345 2213 391 2259 seo
414 2193 602 2280 discipulum
625 2213 742 2279 carum,
765 2194 854 2280 prins
877 2213 969 2260 usum
991 2194 1073 2262 lacte
1095 2194 1264 2274 scolarum3

413 2314 462 2376 set
483 2311 693 2397 perfectorum
716 2311 799 2395 stipe
821 2329 905 2377 nunc
927 2329 1006 2396 opos
1029 2331 1097 2376 esse
1120 2309 1270 2394 ciborum,

414 2430 446 2492 et
468 2445 632 2511 superesse
655 2445 794 2508 manum,
818 2445 897 2510 quae
920 2427 1020 2512 possit
1041 2425 1172 2494 reddero
1193 2425 1321 2512 planum

413 2547 444 2606 st
467 2547 716 2608 consummatum
739 2541 789 2607 vol
812 2540 871 2606 ad*
894 2561 1029 2625 unguem
1054 2541 1317 2628 philosophatum.

413 2655 473 2737 Hic
496 2665 611 2740 monet,
634 2657 685 2724 hio
707 2665 807 2744 paret,
831 2677 894 2722 non
917 2657 1002 2742 quod
1023 2658 1112 2744 prius
1134 2658 1203 2744 ipse
1225 2663 1352 2724 vacaret

303 2805 307 2817 ι
345 2789 390 2836 eea
413 2770 533 2838 lusibus
556 2777 588 2838 et
610 2773 666 2840 lite
689 2807 730 2820 —-
754 2779 877 2856 gereret
899 2793 971 2838 enm
994 2779 1106 2839 cuncta
1128 2773 1229 2860 perite
1251 2809 1293 2820 -

413 2893 462 2954 set
484 2889 641 2973 quia‘ncn
665 2889 787 2976 apicem
811 2887 908 2955 studii
931 2907 989 2956 nec
1011 2890 1143 2972 contigit
1164 2909 1266 2956 arcem

411 3025 468 3090 pre
491 3023 620 3072 numero
644 3003 730 3087 oleri,
755 3005 830 3090 quin
854 3025 912 3090 par
934 3005 993 3071 sihi
1017 3011 1125 3090 posset
1146 3004 1264 3088 heberi,

411 3121 465 3206 qui
489 3119 600 3186 studiis
622 3121 746 3204 magnis
769 3121 922 3204 viguisset
943 3120 1086 3206 pluribus
1109 3121 1209 3188 annis.

410 3234 521 3302 Paruit
543 3256 617 3319 ergo
640 3237 723 3322 patri
745 3237 832 3302 mitis
854 3236 980 3302 dilectio
1002 3238 1079 3320 nati,

341 3370 388 3416 oro
410 3351 520 3417 nolens
543 3350 683 3438 pontifici
705 3353 810 3435 gravis
834 3358 888 3418 ant
911 3353 1069 3418 contraria
1092 3353 1168 3434 dici;

410 3467 516 3554 paruit
539 3471 571 3534 et
592 3467 673 3534 votis
696 3470 802 3554 patrui
824 3469 877 3554 pio
899 3489 976 3534 cura
998 3470 1130 3554 nepotis.

271 3668 277 3704 r
456 3582 551 3668 Ergo,
575 3585 627 3670 pio
651 3584 711 3651 sihi
734 3585 877 3650 consocio
901 3589 972 3652 octu
995 3585 1150 3668 veniente,

411 3719 469 3786 pro
491 3700 586 3764 trivio
609 3719 666 3784 pro
691 3701 853 3785 quadrivio
877 3704 969 3786 parat
991 3701 1038 3766 ire
1059 3706 1203 3787 repente;

411 3816 513 3902 carpit
534 3815 604 3898 iter,
627 3816 770 3899 graditur
792 3815 911 3901 pariter
933 3821 1020 3882 cetus
1043 3818 1208 3882 sociorum.

343 3950 388 3997 ern
411 3929 436 3997 F
438 3931 504 3997 lent
525 3932 664 4014 iuvenes,
687 3951 833 4016 gemuere
854 3952 957 4016 senar,
980 3931 1066 3999 dolet
1088 3932 1164 3999 crdo
1188 3934 1350 4016 bonorum,

412 4044 488 4112 flent
509 4045 592 4129 laici,
614 4045 691 4113 flent
713 4047 864 4132 canonici,
887 4049 1033 4115 invenero
1055 4047 1226 4135 proficisci3

411 4163 542 4246 quisquc
565 4161 660 4246 dolet,
684 4163 737 4247 qui
757 4162 842 4229 faeta
864 4163 945 4230 solet
967 4164 1089 4231 invenis
1110 4163 1280 4232 reminisci.

372 4325 392 4358 ι.
413 4324 479 4370 qoam
495 4329 515 4357 c.
592 4312 614 4358 h.
637 4311 698 4360 velot
713 4333 733 4360 c.

374 4408 396 4458 1.
420 4403 562 4461 Adclherti
573 4405 595 4462 I.
