3164 4842
305 322 373 394 462
530 343 735 392 wrnnmsunl
755 345 835 393 vrrs
858 343 1079 393 asomum
1100 345 1175 394 css.
1189 343 1249 392 rm

305 487 376 554 silio
404 487 532 571 gloriosi
559 487 643 572 regis
665 487 813 554 idoneum
837 495 1047 572 praeponere·
1069 487 1248 553 ministrum
1263 505 1369 573 supra
1389 484 1474 551 dioto

305 605 393 688 gregi
422 603 572 670 delinivit.
618 602 661 669 Et
681 601 760 688 Lul,
791 623 881 670 suum
909 603 1109 687 ingeniosasb
1135 603 1250 669 indolis
1273 599 1472 687 discipulum,

305 720 346 786 ad
369 719 590 787 crudiendnm⁸
613 723 701 785 tante
723 719 823 806 plebis
845 719 1104 787 numerositatem
1126 717 1289 785 constituit
1310 722 1343 784 et
1357 717 1390 782 in
1406 717 1474 803 epi-

147 853 287 909 754-755
305 839 452 922 scopatns
485 835 618 919 gradum
652 835 797 922 provebit
829 840 922 920 atque
951 835 1108 902 ordinavit
1136 836 1226 920 eique
1255 833 1471 916 hereditatem,

305 971 399 1036 quam
421 952 455 1017 in
478 951 603 1017 Christo
624 951 757 1017 instanti
778 951 886 1020 labore
909 951 1121 1036 adquesierat‚
1144 949 1340 1038 inplicavit‘¹;
1365 949 1419 1034 qui
1442 951 1474 1014 et

305 1065 405 1133 tidelis
428 1068 462 1132 in
484 1065 620 1133 Domino
643 1087 746 1134 comes
769 1068 1031 1155 peregrinationis
1050 1068 1117 1134 eius
1133 1071 1210 1152 erat,
1234 1073 1266 1133 et
1280 1065 1370 1132 testis
1384 1069 1474 1130 utru-

305 1182 413 1268 bique:
436 1183 593 1269 passionis
616 1189 649 1250 et
670 1183 902 1250 consolationis.

394 1297 473 1364 Cum
503 1304 607 1365 autem
631 1319 756 1366 servum
779 1317 870 1365 suum
892 1299 1046 1365 Dominus
1070 1299 1109 1366 de
1132 1298 1223 1365 buius
1245 1299 1357 1364 mundi
1379 1295 1474 1364 vellet

305 1415 511 1500 temptatione
533 1416 654 1502 eripere
677 1421 709 1481 et
729 1415 912 1501 temporalis
927 1416 1011 1482 ritae
1026 1414 1282 1482 tribulationibus
1298 1413 1471 1498 sublevare,

304 1536 380 1596 tunc
402 1531 497 1596 etiam
516 1529 651 1597 Domino
674 1531 875 1616 dispensante
897 1529 1055 1597 difinitum
1077 1537 1140 1598 est:
1164 1537 1199 1597 ut
1217 1531 1258 1597 ad
1272 1529 1415 1597 Fresiam
1430 1565 1471 1576 —

304 1645 379 1712 olim
395 1666 535 1733 corpore,
558 1667 620 1712 non
637 1645 765 1731 quidem
779 1653 894 1730 mente,
918 1643 1105 1713 omissam⁸¹
1117 1683 1160 1712 ····.
1176 1648 1275 1714 serris
1290 1646 1351 1712 Dei
1365 1665 1472 1712 secum

304 1762 511 1846 migrantibus
535 1762 727 1848 perveniret3
750 1768 788 1829 ut
809 1763 872 1846 ubi,
896 1763 1044 1850 primitus
1066 1763 1310 1850 praedicationis
1333 1761 1472 1828 studium

302 1879 493 1963 ingrediens,
514 1877 742 1965 praemiorumr
755 1878 958 1945 inchoaverat
977 1881 1181 1965 incrementa,
1203 1879 1297 1946 etiarn
1314 1901 1332 1965 e
1348 1876 1472 1944 saeculo

303 1995 437 2080 rediens,
461 1999 605 2081 sumptus
627 1995 781 2081 reciperet
801 1996 1071 2062 remunerationis.

392 2111 455 2178 Sed
477 2112 558 2178 miro
581 2109 810 2196 quodammodo
831 2112 991 2177 vaticinii⁸
1013 2110 1179 2198 praesagio
1202 2113 1384 2195 sequentem
1408 2107 1473 2174 obi-

303 2231 354 2294 tus
377 2227 428 2294 sui
451 2227 534 2294 diem
557 2227 718 2314 praedicto
742 2227 889 2313 episcopo
904 2227 1140 2313 praenuntiavit
1155 2231 1196 2310 et7
1220 2223 1305 2309 quali
1320 2224 1472 2291 mundum

303 2343 365 2410 line
388 2345 515 2410 demum
537 2343 738 2428 relinqueret
762 2342 943 2409 insinuavit
978 2342 1080 2428 Eique
1103 2361 1161 2428 per
1183 2341 1324 2408 ordinem
1349 2339 1388 2406 de
1404 2359 1473 2406 aec·

304 2459 469 2525 clesiarum
499 2463 658 2525 structura
685 2465 717 2525 et
744 2458 853 2545 populi
876 2459 1018 2526 doctrina
1039 2460 1220 2546 proposuit,
1250 2457 1371 2525 dicens:
1401 2457 1471 2544 Epo

304 2578 386 2640 enim
407 2579 605 2662 propositam
626 2557 780 2663 perpendi
801 2579 859 2642 iter
882 2577 1036 2663 coutplere
1058 2580 1170 2664 cupi03
1199 2599 1254 2662 epo
1275 2599 1325 2640 me
1347 2599 1368 2640 a
1389 2577 1471 2640 desi·

304 2694 410 2758 desso
429 2693 652 2779 proficieoecdi
672 2691 802 2758 itenere*
827 2712 973 2757 reuocare
993 2714 1058 2757 nora
1079 2707 1197 2780 potero.
1233 2693 1304 2757 Iam
1324 2694 1406 2757 enim
1420 2694 1470 2755 ia-

303 2821 366 2874 ctat
386 2809 584 2874 resolutionis
606 2831 692 2874 meae
715 2812 791 2889 dies,
816 2823 845 2876 et
867 2822 986 2896 tempos
1010 2812 1111 2876 obesa
1133 2811 1195 2873 mei
1216 2809 1472 2896 adpropinquat5

303 2928 369 2990 iam
391 2928 483 3005 enim,
508 2927 648 3011 deposito
672 2929 814 3012 corporat
838 2927 1004 3012 erpaatulo,
1029 2939 1173 2992 aetesiae
1193 2926 1407 2991 rebeccae
1421 2945 1470 2988 re-

302 3055 408 3106 vertor
429 3044 473 3106 od
495 3041 648 3106 brociam.
685 3041 751 3108 seu
772 3053 816 3120 tu,
833 3041 899 3125 fila*
922 3043 1095 3123 meiere,
1118 3045 1365 3108 ammiramis
1384 3039 1470 3127 Tap-

302 3154 432 3242 riapeo'*
454 3181 475 3221 a
496 3177 545 3222 me
567 3169 688 3244 coptam
709 3158 929 3224 aecclesiarum
951 3161 996 3224 cd
1014 3158 1216 3246 perfectionis
1236 3160 1402 3223 terminum
1417 3158 1470 3221 do-

304 3275 380 3350 duc3
409 3285 443 3338 ra
466 3273 622 3359 populum
649 3274 688 3339 ab
717 3279 833 3341 erroris
855 3275 955 3342 iooio¹
977 3279 1201 3342 instantissime
1221 3297 1350 3351 recoca3
1379 3286 1473 3359 teque

303 3389 548 3472 aedificationem
570 3389 718 3454 basilicae
740 3393 806 3456 ium
827 3393 990 3458 inchoatae
1013 3394 1057 3459 od
1078 3393 1231 3457 Facem
1252 3391 1378 3477 sorapis,
1409 3389 1471 3454 ibi·

304 3508 433 3590 d'eouqae
454 3527 556 3570 meam
577 3507 683 3573 maltis
699 3529 855 3572 annorum
871 3510 1036 3574 curriculis
1052 3531 1166 3596 corpus
1180 3511 1384 3572 inveteratam
1396 3527 1470 3593 pes·-

305 3622 374 3686 dae.
409 3617 528 3705 Hisque
551 3621 703 3708 conpletis
727 3622 934 3707 sermonibus,
958 3623 1059 3690 adbuc
1081 3623 1236 3710 ampliora
1256 3619 1471 3688 huiuscemodi

305 3734 427 3802 addidit
448 3737 544 3804 verbu
566 3743 598 3804 et
619 3739 666 3805 ita
685 3739 831 3822 inquiens
855 3739 916 3805 ait:
945 3739 1034 3821 Fili,
1064 3747 1139 3806 tao·
1162 3751 1271 3807 coacto
1288 3741 1470 3827 psamm-

304 3855 383 3918 eimo
404 3856 537 3940 previde
559 3855 705 3936 coemtio,
737 3877 817 3942 quoe
838 3859 874 3922 ia
896 3857 954 3923 boc
975 3871 1080 3924 nostro
1104 3861 1169 3923 siret
1189 3860 1264 3924 aeci
1283 3859 1399 3924 itenere
1421 3875 1469 3920 oc·

376 4107 397 4141 ι.
417 4107 544 4156 proponere
561 4099 587 4141 A.
664 4095 687 4142 b.
708 4093 821 4153 ingeniosi
836 4098 862 4143 F.
940 4109 960 4142 c.
981 4094 1127 4142 amdiendsrn
1143 4099 1171 4143 A.
1249 4095 1271 4142 d.
1292 4095 1387 4142 metanti
1403 4093 1468 4154 inpli-

304 4173 365 4222 orit
384 4173 461 4222 libore
477 4173 621 4233 sdquesierat
636 4177 662 4230 F,
682 4174 777 4222 instanti
792 4173 933 4234 adquisierat
947 4175 1024 4222 labore
1039 4175 1166 4236 implicarit
1180 4179 1208 4223 A.
1293 4190 1313 4223 e.
1333 4176 1430 4222 omisarn
1443 4177 1468 4221 F.

304 4253 320 4300 i.
340 4251 355 4314 p
373 4267 459 4301 morum
475 4258 501 4311 F,
517 4253 667 4313 praemiorum
682 4259 709 4302 A·
781 4267 803 4314 g.
823 4254 917 4302 vatidni
932 4258 958 4304 F.
1027 4255 1051 4303 lr.
1071 4256 1153 4304 itinera
1168 4260 1196 4303 A.
1262 4255 1279 4304 i.
1293 4254 1335 4302 lilii
1351 4257 1378 4312 F,
1393 4255 1427 4302 dli
1440 4257 1469 4301 A.

304 4331 328 4381 k.
346 4337 442 4396 coreis
457 4332 585 4390 Thuringoa
599 4338 628 4381 A.
689 4334 705 4380 l.
726 4352 783 4382 corr.
800 4337 824 4380 ia
839 4334 905 4382 devio
921 4340 950 4384 A.
1012 4350 1041 4384 m.
1062 4336 1157 4384 sunan
1173 4339 1201 4384 A·
1261 4350 1285 4384 n.
1304 4338 1345 4382 tus
1360 4338 1386 4383 F.

378 4447 402 4501 1.
426 4443 460 4500 oi.
480 4443 609 4502 Bonifatii
626 4461 669 4516 ep.
682 4447 733 4502 10⁷
752 4461 836 4518 supra
852 4463 880 4516 p.
893 4447 954 4502 259.
