3148 4846
272 255 338 323 418
584 273 773 324 mrsuonsn
794 272 1023 324 ncennrrsun
1045 273 1084 322 es
1096 271 1130 322 es

183 421 252 478 119³
270 414 388 483 eatenis
411 413 621 482 omceralibns
643 420 677 483 et
697 415 781 482 fama
802 419 975 501 torquetur.
1010 414 1143 483 Ferrum
1164 414 1351 503 pertransiit
1372 413 1441 482 ani·

253 549 356 598 0mam
383 530 449 598 eius
458 526 476 596 ¹.
523 529 622 600 Sedet·
641 532 727 598 enim
747 531 782 598 in
804 531 1006 598 mendicitate
1029 538 1061 598 et
1087 527 1205 615 ferro¹3
1234 537 1269 600 et
1293 549 1358 596 non
1381 536 1440 616 est,

270 647 326 733 qui
359 651 523 714 moventur
557 667 652 734 super
686 647 873 715 contritione
901 643 1040 735 Iosepb⁸.
1087 647 1235 714 Pnllescit
1260 647 1295 714 in
1322 646 1440 714 ieiunio

268 762 411 850 speciosa
431 763 529 831 fecies
550 762 739 830 victualibus
754 763 941 848 interdictis,
964 765 1127 849 virtusque
1141 763 1281 850 corporis
1296 763 1330 830 in
1344 763 1443 830 robur

187 925 190 934 ,
268 879 393 946 animae
414 879 591 964 migratura
612 885 645 947 et
665 900 801 948 vernans
823 880 858 946 in
877 879 957 946 fecie
978 879 1072 946 decor
1091 884 1205 948 natura
1220 879 1443 948 succumbente

267 995 443 1063 marcescit.
489 992 525 1062 Si
547 1013 611 1079 qua
632 1015 707 1080 ergo
729 996 764 1062 in
787 996 876 1063 vobis
905 996 1097 1082 benignitas,
1125 997 1154 1062 si
1182 997 1267 1082 qued
1293 996 1443 1063 solatium

267 1111 418 1192 usitatis,
442 1111 470 1178 si
492 1110 562 1196 quis
584 1117 746 1198 respectus
769 1112 811 1178 ed
833 1111 1009 1197 Christum,
1033 1113 1062 1178 si
1083 1132 1145 1197 qna
1166 1113 1289 1180 visana
1309 1112 1443 1180 misera-

266 1225 376 1311 tionis,
406 1227 434 1292 si
457 1247 520 1313 qua
541 1229 695 1296 memoria
717 1228 907 1295 iudiciorum
928 1227 1004 1312 Dei,
1029 1229 1181 1296 excitetur
1203 1229 1237 1294 in
1259 1229 1347 1295 vebis
1369 1229 1443 1315 pise

267 1342 494 1429 compassionis
525 1341 664 1412 affectus.
711 1343 883 1412 Ascendite
911 1365 951 1411 ex
980 1345 1129 1430 adverso,
1159 1363 1347 1430 cursumque
1374 1349 1444 1410 tem

267 1457 462 1526 detestabilis
484 1459 642 1544 sacrilegii
670 1459 815 1528 cohibent
840 1459 1030 1548 pontificalis
1059 1462 1246 1542 neenec
1274 1480 1315 1527 ne
1343 1459 1444 1526 rest-i

266 1573 426 1661 principes
448 1575 662 1661 malignentur
683 1577 718 1644 in
742 1571 880 1660 sanent
902 1597 943 1644 ne
965 1576 1084 1644 diutius
1106 1575 1316 1644 occidentales
1331 1575 1443 1664 populi

266 1689 426 1758 doloribus
448 1690 647 1760 intabescant
670 1698 702 1760 et
722 1692 808 1778 fletu,
834 1713 876 1760 ne
899 1693 939 1760 de
960 1713 1057 1760 manu
1078 1697 1185 1760 vestre
1207 1693 1336 1777 sanguis
1349 1693 1443 1759 inno-

267 1825 340 1874 cens
362 1807 558 1894 requiratur..
598 1807 688 1876 Vale.

268 2016 330 2088 65.
353 2019 534 2108 Capitulum
563 2022 786 2108 moyssacum
818 2019 976 2108 Gurdolso
1009 2025 1155 2110 epsicopo
1183 2022 1447 2092 Hecatonem·

354 2139 393 2204 da
409 2140 592 2225 praepositi
613 2139 757 2206 molesios
780 2138 816 2207 S.
833 2139 1000 2223 Bonifatii
1016 2136 1300 2206 Holberatudeaasb'
1314 2142 1443 2226 auoque

347 2253 495 2338 fratem
517 2255 571 2322 lite
591 2258 785 2342 respondeo.

102 2400 258 2456 troo-1201
358 2385 538 2454 Venerabili
556 2387 671 2455 domno
687 2383 878 2472 G(ardolfo)⁵
893 2387 954 2454 Dei
968 2389 1074 2472 gratia
1088 2387 1375 2456 Helberstetdensis
1391 2406 1445 2454 ec-

269 2499 363 2568 clesie
385 2502 533 2588 episcopo
556 2522 593 2570 ac
614 2505 761 2570 universe
784 2503 913 2569 maioris
936 2503 1066 2570 ecclesie
1089 2503 1237 2591 capitulo,
1260 2504 1329 2570 viro
1352 2523 1446 2571 reve-

268 2615 367 2684 rendo
390 2617 519 2685 ecclesie
542 2617 627 2686 beati
641 2618 796 2686 Boniiacii
811 2619 972 2706 preposito
987 2639 1058 2686 eum
1075 2626 1141 2686 toto
1156 2619 1297 2688 eiusdem
1311 2619 1446 2688 ecclesie

269 2731 399 2816 collegio
423 2753 461 2800 no
482 2733 629 2801 universo
651 2736 686 2802 in
709 2734 892 2804 Helberstst
914 2735 1014 2817 clero,
1038 2735 1073 2802 F.
1099 2735 1246 2821 decanus,
1270 2734 1307 2802 G.
1332 2741 1446 2803 centor

270 2869 341 2916 cum
370 2853 437 2916 tcto
461 2849 599 2937 capitulo
620 2851 751 2918 maioris
775 2851 905 2920 ecclesie
926 2853 960 2918 in
983 2851 1148 2936 Maguntia
1170 2871 1242 2920 cum
1263 2850 1448 2919 uoluntaria

270 2964 491 3052 obsequiorum
519 2967 769 3054 promptitudine
796 2969 897 3036 tocius
920 2969 1096 3036 dilectionis
1119 2987 1157 3036 ae
1179 2967 1354 3036 devotionis
1376 2967 1446 3035 sin-

269 3099 377 3148 cerum
399 3080 555 3150 affectum.

359 3195 557 3264 Sufficienter
579 3203 612 3265 et
633 3197 780 3267 habunde
801 3203 909 3267 sesua
927 3199 1018 3267 nevit
1040 3199 1212 3286 industria,
1236 3199 1320 3286 quod
1342 3219 1446 3285 usque

271 3312 311 3378 ad
339 3312 431 3380 electi
459 3309 580 3380 nostri⁸
603 3313 873 3384 confirmationem
902 3315 1043 3400 regimen
1070 3321 1178 3384 nostre
1203 3315 1387 3403 metropolis
1409 3321 1448 3384 et

269 3429 500 3513 procurationis
520 3429 658 3498 officium
678 3431 801 3499 ossibus
815 3430 1000 3516 Mogundne
1021 3433 1105 3500 sedis
1124 3432 1379 3520 inseparabiliter
1393 3437 1449 3500 est

271 3540 410 3610 affixum.
444 3544 534 3613 Unde
555 3546 658 3634 ipsius
679 3547 764 3614 sedis
786 3548 924 3633 nomine,
947 3569 1008 3634 qne
1025 3549 1162 3635 quodam
1176 3549 1211 3615 in
1225 3553 1371 3636 respectu
1384 3567 1446 3633 gn·

270 3659 433 3727 bernatrix
455 3667 503 3727 est
525 3661 704 3748 quindecim
725 3669 862 3750 petrum,
886 3663 1060 3752 capitulum
1082 3665 1212 3732 maioris
1230 3664 1360 3733 ecclesie
1373 3663 1445 3733 lia-

270 3776 400 3859 guntine
423 3776 571 3862 ambigua
598 3799 736 3864 queque,
760 3799 827 3864 que
847 3780 909 3847 rite
931 3781 1016 3867 apud
1037 3782 1105 3848 eius
1127 3781 1362 3850 iurisdicionem
1384 3801 1446 3870 per

271 3891 536 3961 consultationem
564 3895 630 3961 sire
657 3914 714 3980 per
739 3894 1019 3981 proclamationem
1044 3898 1164 3966 inerint
1189 3899 1368 3986 proposita,
1401 3899 1446 3966 ad

342 4038 363 4074 t·
384 4045 413 4074 aa
429 4028 563 4090 apographo
579 4031 673 4076 ineuntis
690 4045 751 4076 raso.
762 4031 831 4084 1111,
848 4031 911 4092 qnod
926 4033 949 4077 ia
965 4032 1080 4079 tabulario
1092 4033 1290 4096 Mugdebnrgma'
1303 4041 1414 4080 rmum.

344 4105 368 4158 1.
394 4104 439 4160 1³2.
454 4105 513 4175 104,
528 4105 570 4160 ra.
642 4105 667 4160 2.
692 4105 727 4163 v.
745 4106 791 4161 ss.
806 4107 864 4177 roe,
880 4107 922 4162 10.
994 4109 1020 4164 e.
1045 4107 1086 4164 or.
1106 4109 1193 4165 Amos
1211 4111 1236 4180 e,
1250 4111 1275 4166 e.
1347 4109 1374 4166 a
1400 4109 1445 4168 cr.

272 4190 318 4246 Pa.
331 4191 375 4262 ¹13,
387 4191 413 4248 3.
486 4193 512 4248 b.
535 4193 582 4264 qui
604 4207 676 4250 anno
696 4195 765 4250 1193
782 4191 873 4250 factus
891 4195 1036 4267 episeopus
1053 4197 1307 4270 Halberstadensis‚
1329 4198 1399 4255 obiit
1415 4197 1444 4256 d

273 4280 308 4334 21
320 4278 394 4349 Aug.
407 4281 485 4337 1201.
555 4281 582 4338 d.
605 4282 724 4352 Lupeldi
740 4283 861 4354 episcopi
875 4284 1091 4360 Wormntiensiq
1110 4303 1205 4345 meuse
1216 4287 1367 4346 Novembri
1383 4289 1446 4346 sive

274 4365 419 4421 Decembri
435 4383 461 4422 a
476 4370 546 4425 1200
562 4369 643 4444 electi
660 4371 856 4444 archiepiscopi
873 4373 1034 4446 lioffuntini
