3176 4846
321 331 400 378 vm
422 331 576 379 aeneam
599 329 859 379 ieameaaoet
881 330 1078 379 notensem
1215 313 1280 380 611

112 475 161 538 ost
183 471 222 538 de
244 471 351 538 multis
373 472 522 556 inserere,
546 491 606 557 qao
628 471 784 556 religiosis
808 473 935 539 auribus
957 473 1183 540 familiaritatis
1206 479 1369 540 oon-1153

112 588 210 654 sartio
234 608 380 654 aimaro
403 587 532 654 solebat.
568 588 684 655 Aiebat
706 589 805 655 enim:
832 588 992 676 Quicquid
1013 591 1093 654 milui
1114 614 1151 656 ea
1166 591 1282 656 bonore

112 706 314 772 sacerdotalis
338 706 437 790 officii
458 707 599 770 eatranei
620 708 771 786 amident,
796 728 860 770 non
875 707 967 772 aalide
980 729 1088 793 penso.
1128 707 1179 772 De
1193 707 1281 772 sobab

112 833 225 900 aman,
248 823 328 886 mim
349 830 403 886 ao·
426 823 465 886 de
485 843 520 886 ee
543 823 765 903 arridentibus,
789 843 853 887 non
875 825 1003 888 minime
1024 823 1132 900 doleo,·
1155 825 1213 909 qui
1226 824 1280 887 de-

111 939 263 1002 siderium
289 959 392 1002 meum
414 937 597 1024 plenissime
625 940 721 1003 saitae.
763 937 921 1004 Vetustam
950 941 1033 1004 enain
1059 961 1170 1004 nauem
1191 929 1280 1003 vebi-

110 1065 287 1138 menteque
315 1053 509 1140 confractam
536 1066 565 1118 et
586 1077 607 1118 a
628 1054 735 1119 multis
758 1055 981 1140 depopulatam
1004 1075 1059 1141 eqo
1082 1055 1224 1138 inflmnus
1254 1067 1282 1120 et

110 1171 261 1254 indipnus
284 1173 416 1256 seaoepi.
448 1169 592 1255 Undique
615 1173 697 1234 enim
710 1172 827 1255 fluetus
850 1173 988 1246 intraat‚·
1012 1183 1040 1236 et
1055 1173 1228 1236 cottidiana
1243 1193 1282 1235 aa

110 1285 220 1350 ualida
248 1298 425 1372 tempestate
452 1297 612 1372 quassate,
637 1287 769 1372 putride
790 1287 914 1351 eaeksie
935 1287 1124 1373 Mapsmtine
1146 1286 1281 1372 nausea·

109 1403 199 1486 pium
227 1401 331 1468 tabule
358 1415 480 1467 sonant.
515 1401 660 1489 Populea
684 1405 766 1466 mim
788 1403 839 1468 bie
861 1425 946 1467 mnas
969 1405 1047 1468 durs
1070 1406 1197 1468 eumen
1221 1397 1281 1468 eet¹

112 1529 141 1582 et
161 1520 396 1582 inoinanneisus
420 1513 529 1583 eorde²
552 1530 581 1582 et
604 1519 714 1594 ladinb3
736 1541 792 1583 neo
815 1519 941 1585 danaae-i
950 1531 1055 1605 potest
1069 1531 1125 1585 aut
1139 1519 1183 1584 ad
1195 1521 1281 1584 uiam

109 1635 306 1698 recitudinis
333 1636 423 1714 duci,
452 1636 518 1698 nisi
545 1633 652 1700 asuleo
673 1635 812 1720 stapellis
840 1635 1119 1727 scapionibusque
1142 1636 1279 1701 cedatur.

110 1749 336 1836 Maquntinum
355 1753 437 1814 enim
453 1761 572 1837 oportet
587 1753 681 1836 quasi
695 1751 895 1836 tyrannidem
910 1747 1075 1816 eaeroere!
1111 1751 1281 1836 Nusquam

110 1877 178 1931 testa
198 1867 281 1948 fides
310 1879 362 1931 est.
400 1865 466 1947 Qui
492 1868 574 1931 enim
603 1867 699 1931 edunt
721 1889 824 1952 panes
852 1887 935 1931 meos
965 1879 993 1932 et
1022 1868 1079 1953 qui
1100 1867 1156 1932 sub
1178 1869 1281 1953 speeie

111 1983 276 2047 eabibendi
289 1985 410 2046 seruitii
423 1982 503 2046 milui
516 1983 674 2062 assistunt,
698 1985 809 2047 eitiunt
822 1985 1006 2068 sanquinem
1022 2005 1142 2060 meum‚·
1156 1983 1281 2068 fraude

111 2111 140 2162 et
161 2099 327 2163 domestico
356 2097 428 2162 dolo
458 2097 652 2163 attenuantes
674 2099 753 2163 mibi
775 2092 981 2164 cananeum&
1017 2098 1119 2164 Nulla
1141 2121 1213 2164 uero
1237 2111 1282 2164 est

110 2215 268 2298 efficacior
288 2217 384 2301 pestus
409 2235 505 2299 quam
527 2215 710 2278 domesticus
725 2215 831 2279 bostis.
867 2214 981 2280 Preter
994 2214 1183 2280 voluntatem
1194 2236 1280 2302 pon·

110 2331 250 2412 tifiealie⁶
274 2333 375 2416 apaan
399 2349 495 2394 onera
518 2329 714 2415 aeneaque
738 2342 860 2395 coactus
883 2334 1015 2417 suscepi.
1043 2327 1086 2395 Et
1109 2329 1280 2396 adiciebat:

112 2445 206 2527 Quod
227 2457 330 2510 autem
354 2446 449 2510 emuli
469 2449 530 2510 mei
551 2445 779 2511 maledictionis
804 2468 841 2510 ao
863 2447 1032 2532 imputatis
1054 2469 1190 2533 persone
1216 2468 1281 2512 mee

110 2574 217 2626 notam
239 2564 400 2648 inflipunt,
425 2573 610 2628 asserentes:
633 2585 681 2627 me
700 2563 864 2650 prebuisse
886 2565 1066 2643 materiam,
1092 2584 1156 2649 qua
1169 2563 1280 2647 foliosis

109 2681 257 2742 memorie
276 2679 475 2764 predecessor
496 2700 581 2742 mnae
604 2677 790 2743 Heinriaad
805 2679 1013 2764 Mapuntinus
1037 2681 1165 2744 antestes
1187 2703 1208 2742 a
1230 2681 1283 2743 sui

108 2795 287 2881 presulatum
310 2795 473 2859 decidisset
494 2793 621 2873 bonore,
645 2795 734 2858 Dosse
758 2797 816 2880 qui
836 2795 1090 2859 absconditorum
1112 2807 1156 2858 eet
1171 2799 1279 2879 capni-

110 2924 161 2976 too·
182 2913 278 2990 nouit,
303 2911 388 2995 quod
410 2912 445 2973 in
467 2909 524 2974 boo
546 2910 687 2976 scelesto·
711 2922 738 2974 et
759 2910 884 2994 assatio
907 2909 998 2974 uerbo
1021 2913 1056 2974 in
1078 2909 1165 2973 nulio
1184 2909 1293 2973 miobi·

110 3030 252 3092 eonsoius
274 3048 352 3090 sum
389 3025 457 3090 Nee
479 3025 546 3090 ulla
567 3038 672 3090 reatae
695 3023 866 3112 inputatio‘
888 3047 989 3090 meam
1010 3028 1046 3090 in
1068 3025 1127 3090 bae
1148 3047 1183 3090 re
1203 3047 1302 3090 oon·¹

108 3145 271 3208 soimtiam
298 3141 451 3220 stimulat,
482 3143 548 3205 nasi
574 3143 650 3227 quia
679 3141 853 3208 illebonae
876 3142 967 3206 bonta
992 3179 1033 3190 -
1058 3163 1128 3206 asem
1150 3144 1184 3205 in
1206 3163 1277 3206 sen-

109 3260 201 3324 tentie
226 3259 374 3345 penderet
401 3257 552 3337 articulo,
582 3257 739 3322 octonibus
768 3281 828 3344 pro
852 3259 1082 3345 dilapidatione
1105 3257 1228 3323 sachsie
1251 3271 1279 3323 et

109 3375 280 3440 obedientie
302 3377 547 3460 transpreseione
569 3375 683 3438 aetiten
704 3377 740 3440 in
762 3377 867 3461 ipsum
888 3375 1060 3460 apsntibus,
1083 3397 1140 3438 nea
1154 3373 1279 3439 baberet

109 3492 195 3576 quod
209 3491 438 3556 rationabiliter
452 3501 641 3576 proponeret
655 3527 697 3538 --
712 3491 879 3572 nitebamur,
903 3503 939 3556 ut
953 3493 1102 3555 adoneae
1118 3493 1278 3556 verdatem

107 3607 172 3673 eibi
200 3610 384 3673 assisteren.
421 3605 515 3687 Quod
542 3608 618 3691 quia
633 3606 693 3690 fas
715 3628 779 3671 non
803 3619 870 3672 erat
891 3607 1056 3691 manifecte
1077 3609 1203 3672 vadati
1224 3629 1277 3671 oe·

108 3745 234 3788 merem
255 3725 473 3809 patinaoiter,
503 3745 559 3787 neo
580 3723 670 3788 salva
691 3722 758 3787 Dei
776 3726 884 3808 pratia
906 3737 962 3788 aut
983 3735 1047 3788 tuto
1071 3721 1188 3786 bonore
1208 3743 1275 3786 meo

106 3841 145 3904 id
162 3839 275 3924 faeere
302 3839 444 3925 quibam,
474 3841 624 3924 imposuit
651 3839 731 3903 mibi
758 3863 828 3903 oum
858 3841 923 3903 suis
947 3861 1058 3904 nomen
1082 3837 1275 3924 calumpnia:

107 3957 195 4042 qnod
227 3956 354 4022 danais
387 3968 417 4020 et
448 3955 611 4041 dianitatis
639 3977 693 4019 sue
721 3955 784 4020 sabi
809 3955 1096 4042 supplantationem
1114 3953 1273 4038 ssaiseem.

180 4172 201 4206 ι.
221 4158 265 4206 hae
279 4161 302 4206 2.
394 4157 417 4204 b.
438 4159 535 4206 sabbato
551 4160 572 4206 1.
666 4171 686 4204 o.
707 4157 853 4219 pontificialis
870 4160 892 4206 1.
985 4159 1008 4205 d.
1031 4158 1066 4206 ii.
1078 4160 1099 4216 1,
1116 4157 1235 4206 Heinrioas
1252 4159 1275 4206 Β.

106 4253 128 4288 s.
149 4238 242 4286 scelesti
258 4240 279 4285 1.
356 4237 372 4286 i.
392 4237 504 4299 inpunite
519 4241 603 4298 πήρη·
614 4255 656 4298 pro
673 4238 789 4298 inpunebio
806 4240 827 4294 l,
844 4239 973 4298 eompuaiio
990 4240 1012 4284 2.

180 4345 206 4398 1.
228 4343 316 4399 Exod.
328 4344 371 4412 32,
384 4345 410 4398 9.
495 4344 521 4398 2.
545 4339 586 4398 Oi.
604 4343 738 4412 Ierem.9‚
752 4345 795 4397 26.
878 4343 904 4397 ³.
928 4341 1030 4412 Pata,
1044 4343 1074 4396 t:
1095 4341 1168 4413 „ipsi
1186 4343 1272 4398 osias·

105 4429 190 4488 a'eam
208 4447 298 4488 msam
315 4430 532 4488 observabaat“.

1002 4527 1060 4583 ³9*
