3090 4848
271 308 298 356 s.
314 307 490 356 nonnosum
512 309 557 356 su
578 309 681 356 nuum
702 307 994 357 summouentem
1183 291 1227 357 99

85 450 138 515 sire
155 449 403 516 vestimentorum
426 449 637 534 aduramine,
659 450 762 536 pietas
783 455 840 517 tna
854 449 1019 517 tristitiam
1034 469 1138 517 meam
1153 469 1228 517 oon-
1245 453 1300 511 'tet

84 563 166 631 soleta
184 569 236 631 est
277 563 331 634 Sio
352 569 385 632 et
407 565 510 632 adhoo
532 565 694 652 deprecor,
717 570 753 632 ut
776 585 892 650 augeas
915 565 1000 652 quod
1022 565 1170 652 eoepisti3
1193 564 1228 632 id

83 687 134 748 eet:
158 680 285 748 etmihi
307 701 380 748 oum
406 701 483 748 anre
506 679 688 748 conscribas
711 680 862 768 epistolas
892 681 1013 748 domini
1040 681 1104 748 mei
1126 681 1228 750 saneti

81 795 151 864 Petri
169 796 308 884 apostoli,
332 797 373 864 ad
395 797 548 864 honorem
570 803 603 864 et
624 798 835 865 reverentiam
858 803 1040 866 saueternm
1055 798 1228 883 seriptura-

80 933 136 980 rem
157 925 224 982 anto
246 912 353 980 oeulos
374 913 548 980 uernalium
570 913 605 980 in
628 913 855 1000 praedicando,
885 918 918 981 et
946 914 1021 999 qnia
1043 913 1128 982 dieta
1149 913 1228 998 eins,

82 1029 122 1114 poi
141 1049 186 1096 me
205 1029 239 1094 in
261 1028 320 1097 hoe
334 1031 396 1096 iter
410 1030 536 1114 direxit,
561 1029 699 1097 maxime
715 1049 841 1116 semper
854 1029 890 1096 in
906 1029 1087 1116 praesentia
1101 1030 1229 1116 eupiem

79 1143 182 1212 habore
223 1145 268 1212 Et
289 1146 330 1214 ad
353 1145 552 1213 sententium
575 1144 644 1230 hoo,
669 1144 753 1231 qnod
773 1165 869 1230 rogo,
891 1165 949 1232 per
971 1144 1083 1214 Eoban
1106 1145 1228 1232 presbi-

78 1264 162 1328 terum
193 1261 326 1330 destino.
378 1261 442 1328 Fae
470 1281 561 1345 ergo,
589 1281 680 1330 soror
709 1261 888 1345 sansone,
919 1261 958 1329 de
987 1260 1046 1328 hae
1076 1260 1229 1346 petitione

78 1381 180 1460 numa,
206 1379 289 1444 siout
316 1377 494 1462 benignitas
521 1384 578 1445 tua
605 1377 644 1444 de
671 1378 795 1445 eunetis
822 1377 968 1464 precibus
999 1377 1080 1444 meis
1103 1395 1230 1462 semper

77 1492 190 1577 olebat3
218 1499 256 1560 ut
285 1499 317 1561 et
339 1493 391 1560 hio
412 1513 510 1580 opera
531 1499 587 1560 tue
610 1494 649 1562 ad
672 1493 805 1578 gloriam
828 1493 973 1562 caelestis
998 1492 1100 1579 patris
1124 1491 1230 1560 anneis

76 1605 170 1676 litteris
195 1609 348 1694 fulgeant
439 1609 553 1678 Valere
579 1614 627 1676 te·
655 1611 690 1675 in
712 1608 840 1676 Christo
862 1612 895 1676 ot
917 1609 1034 1676 sanetis
1056 1608 1229 1676 vomuere

77 1725 249 1794 admeliora
272 1725 510 1794 eonsoendenda
532 1723 685 1812 profluere
708 1730 792 1812 opto.

77 1935 126 2008 33.
144 1941 263 2008 Daniel
284 1945 448 2028 episeopus
466 1940 677 2007 Vintooiense'e
693 1939 863 2006 Foetdoreo
886 1941 1031 2026 apocope
1057 1936 1224 2005 sciretur-

144 2062 233 2124 asnea'
261 2058 456 2124 cotommdot
477 2056 701 2137 Mowattom,
732 2057 858 2122 tandm
876 2053 1004 2140 factm
1027 2052 1225 2120 diaconumt

821 2167 857 2254 (S
874 2171 927 2256 66,
950 2167 991 2238 W
1008 2171 1083 2255 148,
1106 2167 1134 2236 G
1152 2169 1228 2254 138)

144 2305 229 2374 Patri
259 2305 320 2374 Dei
346 2305 486 2372 familiae
515 2310 548 2372 et
576 2304 672 2390 digno
701 2303 791 2372 nobis
820 2303 1037 2372 oonssoordoti
1059 2299 1229 2372 Ferthere¹
1246 2313 1388 2370 soe-‘tes

73 2416 207 2488 emihd’
231 2427 362 2488 sanetae
383 2421 469 2508 plebi
491 2420 638 2488 famulus.

143 2535 295 2604 sonum
329 2535 563 2624 supplicatoriis
596 2534 687 2603 nobis
716 2533 820 2602 allatis
848 2534 964 2602 litteris
992 2534 1032 2602 de
1060 2535 1229 2604 damnato

73 2649 146 2718 eleoti
164 2654 276 2721 fratris
298 2653 362 2721 mei
376 2649 538 2737 Merwalh,
562 2657 593 2719 et
616 2651 759 2737 quamvis
782 2651 940 2738 posterius
955 2649 1139 2718 ordinaliter
1154 2671 1228 2718 eon-

71 2766 164 2836 st'tuto
185 2775 333 2857 tempore
356 2769 402 2835 eis
423 2769 572 2853 venisses,
596 2769 651 2854 qui
672 2767 852 2856 presbiterii
868 2771 900 2834 et
915 2766 1068 2834 dieeonii⁶
1085 2765 1229 2834 ordinem

72 2881 178 2952 inerant
205 2886 332 2972 adepti,
360 2903 424 2952 non
452 2883 631 2951 distulimm
660 2903 742 2951 eum.
789 2883 986 2968 Quemquam
1014 2883 1174 2967 insegnita
1197 2889 1229 2951 et

71 2998 224 3087 inportuna
246 3001 361 3090 petitio
384 3001 469 3084 visa,
497 3000 656 3087 prevaluit
677 3003 785 3067 umen
807 2999 862 3086 pia
882 2999 1016 3065 fratrum
1038 2997 1227 3086 postuleti03

72 3132 100 3180 eo
117 3119 196 3203 quod
217 3117 303 3186 nihil
324 3117 460 3184 defuisse
482 3117 516 3184 in
539 3135 577 3184 eo
599 3116 715 3200 meriti,
738 3135 803 3184 une
824 3114 987 3184 nobiseum
1005 3116 1227 3202 eonspeximus

72 3231 103 3298 ad
121 3233 262 3302 ordinem
286 3233 422 3302 diaeonii
443 3233 632 3320 promoveri
669 3231 851 3318 Pestposita
871 3230 962 3298 nobis
985 3230 1176 3300 distentione
1198 3237 1231 3300 et

70 3365 117 3413 sua
135 3349 282 3437 deposita
302 3348 483 3436 pertinatia,
508 3349 567 3416 etei
590 3368 677 3433 sero,
699 3347 828 3415 tandem
850 3351 1077 3414 consentaneus
1102 3345 1230 3416 effeetus

71 3469 120 3546 sst3
146 3465 350 3550 officiumque
377 3464 506 3532 honoris
534 3463 716 3552 suseeptus‘¹
746 3467 803 3532 est.
850 3461 924 3530 Ideo
952 3483 1025 3530 eum
1053 3463 1229 3549 advertitis,

70 3580 142 3648 robis
163 3584 243 3650 satis
268 3582 303 3648 in
326 3581 515 3664 sesamum,
539 3586 571 3648 st
592 3581 658 3649 voti
681 3583 831 3667 eonpotee
854 3579 1035 3664 edseqnun,
1058 3577 1230 3648 honorifioe

69 3693 119 3764 hm
145 3719 216 3766 eum
245 3699 283 3766 ‘un
311 3697 479 3765 levitarum
507 3715 638 3764 numere
669 3695 875 3764 eonstitutum
902 3695 1043 3763 habitote
1065 3695 1172 3781 eique·
1194 3696 1228 3762 in

70 3815 234 3896 nasone
258 3813 402 3901 periente
423 3813 588 3880 devotione
610 3811 803 3894 eonourrite3
826 3815 863 3878 ut
882 3809 1031 3880 fidudam
1053 3812 1087 3880 in
1103 3811 1229 3880 Christo

69 3923 125 3996 iou
150 3931 322 4018 adquirere
343 3929 487 3997 valeatis.
532 3927 720 4012 langores
743 3927 776 3994 in
798 3925 861 3993 fide
883 3927 1037 3996 eutholioa
1060 3933 1092 3996 et
1113 3925 1229 3998 ieliois'

21 4075 22 4080 ¹
70 4047 249 4114 nameus
273 4043 387 4114 florere
408 4045 506 4114 faeiat
528 4044 752 4132 omnipotentis
775 4043 836 4112 Dei
859 4042 969 4128 glorie

127 4227 146 4260 a.
163 4217 187 4263 te
203 4233 250 4263 on.
268 4215 328 4268 MV,
349 4216 520 4274 mereamim
536 4223 570 4262 est
585 4217 608 4262 ia
625 4217 651 4263 C.
728 4212 751 4261 b.
773 4229 803 4260 a
820 4213 845 4259 V
856 4212 913 4260 eto.
936 4213 1043 4260 moa:
1058 4211 1115 4260 Item
1130 4210 1230 4271 epistola

70 4286 161 4342 fluistis.
237 4308 260 4342 a.
281 4293 373 4342 dinem
390 4294 418 4343 7.
444 4297 568 4352 efiisfra.
642 4294 665 4342 d
686 4293 845 4354 „suspense
915 4305 935 4338 e.
957 4291 1035 4351 eisque
1053 4291 1080 4339 V.
1150 4289 1229 4338 teo.

126 4399 149 4454 l.
165 4399 301 4470 episeopo
318 4395 526 4456 &morosum
543 4399 698 4456 709-138.
770 4397 797 4453 s.
816 4411 859 4466 ep.
873 4393 1059 4454 vintoniensis
1073 4393 1126 4451 aot
1132 4393 1228 4450 -itt

537 4525 750 4536 .....-...
972 4535 1017 4592 7„
