3110 4844
413 299 600 350 merom
618 299 849 350 noenum:
869 299 903 347 ro
1170 281 1235 350 ael

84 443 237 512 nmmum
258 463 383 530 qnoque
402 447 513 512 nostra
533 443 705 527 nemone,
732 443 761 510 si
782 440 927 510 sollerter
947 441 1154 526 intendimus,
1180 461 1239 508 nos
1255 465 1280 506 a
1292 449 1345 506 eae

84 581 171 646 agere
193 560 336 645 ninninm
359 560 545 628 invenimus
590 559 720 638 Quaerit
741 559 825 624 enim
847 557 973 642 linguae
995 558 1086 625 lrnius
1108 561 1239 624 ornatas

84 683 114 745 et
132 697 152 743 a
172 675 364 760 legentibus:
386 674 562 763 sinaliplrne
583 674 688 742 lenam
709 679 743 741 et
764 673 965 741 conlisionem
980 672 1134 742 lubricam
1147 693 1240 761 pras·

83 811 200 875 norme,
224 797 256 859 et
276 811 298 858 a
318 791 524 860 dimiono:
548 789 806 874 ernoeotelentnn,
827 790 861 856 id
884 795 933 858 est
953 789 1148 858 eonsimilem
1169 809 1240 857 ren·

82 908 190 976 bonnm
217 908 487 991 termmationem
521 907 697 975 observare.
744 904 861 974 Senem
890 907 974 973 enim
1002 905 1240 974 mentorem

81 1023 164 1092 nltra
190 1023 252 1090 dno
280 1023 330 1090 vel
356 1029 421 1090 tres
448 1041 557 1091 verens
578 1022 630 1090 rel
652 1023 748 1090 etism
770 1027 917 1106 quattuor
938 1023 972 1088 in
993 1021 1126 1089 leetione
1149 1020 1242 1090 debet

81 1159 148 1208 esse
170 1159 356 1226 snspensas,
383 1137 626 1223 relegentibus,
650 1137 733 1224 qnod
754 1135 847 1204 leotio
869 1137 989 1222 signet,
1015 1138 1154 1225 apertior
1174 1135 1239 1204 lat.

81 1253 140 1322 llio
167 1255 273 1342 sepius
299 1260 315 1322 ι’
336 1260 369 1322 et
389 1279 408 1322 0
430 1259 615 1340 oeteraeqne
641 1252 787 1320 similiter
813 1271 887 1320 enm
908 1249 981 1320 illo¹
1002 1253 1125 1322 annales
1148 1251 1242 1320 simnl

80 1371 282 1438 inveniuntur
308 1371 494 1458 inscriptae,
524 1369 683 1437 interdum
709 1369 743 1436 in
772 1368 996 1436 sepelivisse
1023 1368 1146 1437 voeales
1174 1388 1241 1436 ma-

81 1491 200 1572 nentea
222 1485 379 1554 interdum
402 1487 596 1569 ooninnetne,
618 1485 725 1573 priore
746 1488 930 1552 transeunte
950 1485 984 1552 in
1004 1485 1241 1553 oonsonantinm

81 1607 277 1691 potestatem.

168 1718 242 1786 Dno
263 1719 357 1786 etiem
379 1717 534 1804 negativi,
562 1717 638 1784 dnm
660 1717 693 1784 in
715 1714 887 1784 Latinitate
909 1716 1041 1784 rationis
1063 1716 1148 1784 dioto
1169 1735 1243 1784 eon-

81 1834 218 1919 firmant,
240 1836 275 1904 in
297 1835 389 1902 lanias
412 1834 538 1918 linguae
559 1853 619 1902 nen
642 1853 722 1920 pene
744 1832 869 1900 assidue
885 1837 1011 1916 negant
1044 1831 1089 1900 Et
1102 1833 1244 1918 quamvis

81 1952 140 2020 loe
164 1951 322 2020 interdnm
347 1969 533 2038 praeserere
555 1949 709 2032 valerem,
737 1948 777 2015 ob
799 1967 891 2014 nsum
912 1953 1018 2016 tamen
1040 1948 1243 2033 oolidinnnm,

82 2073 118 2136 nt
142 2087 267 2134 moram
296 2087 331 2134 se
356 2067 473 2136 loontio
500 2065 661 2153 praebuit,
689 2063 808 2130 disere
830 2064 946 2130 nunni.
1036 2063 1137 2132 llnins
1160 2064 1244 2146 enim

82 2183 208 2269 linguae
234 2183 412 2271 proprietas
438 2201 497 2250 nee
518 2199 683 2250 nnmerum
705 2198 764 2246 nee
785 2199 902 2263 genere
922 2197 973 2246 me
995 2197 1180 2248 oonservare
1202 2179 1245 2248 si·

82 2299 186 2368 nebat.
220 2299 379 2366 Interdum
403 2299 488 2365 enim
510 2297 718 2366 mascnlinum
732 2293 865 2362 Latinae
886 2295 1012 2380 linguas
1034 2297 1068 2363 in
1082 2295 1270 2364 haoieml.

82 2417 157 2486 nino
180 2415 314 2504 protnli;
337 2421 371 2482 et
391 2419 495 2482 estere
516 2434 633 2499 genera
653 2412 830 2481 neeessarie
846 2411 942 2480 simili
957 2411 1050 2479 modo
1065 2413 1244 2500 permisoni.

83 2532 256 2602 Nnmernm
279 2529 434 2618 pluralem
456 2529 618 2614 singulari,
640 2528 831 2614 singularem
853 2527 969 2615 plmali
984 2528 1120 2612 variam
1143 2529 1246 2598 attali

83 2649 177 2716 modo
200 2648 235 2714 in
257 2647 485 2714 barbarismum
510 2651 542 2714 et
563 2645 781 2714 soloeoismnm
803 2645 909 2732 sepius
931 2649 1057 2712 oonotns
1079 2645 1185 2712 incidi.

172 2763 293 2830 Horum
316 2783 412 2849 snpra
434 2746 622 2848 seriptonnm
646 2761 786 2827 omnium
808 2761 957 2826 vitiorum
976 2759 1121 2847 exempla
1135 2761 1174 2828 de
1188 2760 1247 2828 hoo

82 2879 164 2948 linro
187 2877 351 2946 Theotisoe
379 2897 543 2966 ponerem,
573 2877 633 2943 nisi
659 2875 844 2944 inrisionem
865 2875 1036 2960 legentium
1058 2875 1245 2959 devitarem

83 3017 157 3064 nom
186 2995 261 3062 dnm
291 2995 423 3079 agrestis
449 2993 576 3078 lingum
602 2992 721 3059 inonlta
746 2991 842 3060 verba
863 2992 1045 3059 inseruntur
1066 2989 1247 3060 Latinitatis

83 3111 253 3201 planitiae,
277 3109 484 3178 chachinnnm
505 3108 681 3194 legentibus
703 3109 844 3198 prebent.
912 3105 1036 3192 Lingua
1063 3107 1147 3175 enim
1168 3107 1247 3176 haee

84 3228 171 3296 velot
200 3227 333 3312 agrestis
360 3225 509 3311 habetur,
538 3225 612 3292 dnm
641 3224 820 3313 apropriis
841 3241 900 3292 nee
922 3223 1078 3311 soriptnra
1099 3243 1158 3291 neo
1180 3229 1248 3292 arte

84 3345 192 3432 aliqna
220 3343 292 3410 nllis
321 3348 370 3410 est
395 3341 588 3428 temporibus
616 3339 770 3428 expolita3
799 3339 916 3427 qnippe
945 3340 998 3425 qni
1020 3359 1078 3406 neo
1100 3339 1247 3408 historias

84 3479 215 3529 suornm
239 3463 485 3542 anteoessom
514 3461 551 3523 nt
572 3456 689 3524 multae
712 3459 819 3542 gentas
842 3459 1000 3540 caeterae,
1029 3455 1249 3523 commendent

83 3577 256 3646 memoriae
283 3593 340 3642 neo
369 3593 477 3641 eornm
504 3578 593 3657 gesta
614 3572 664 3640 vel
686 3574 784 3640 vitam
807 3577 921 3638 emant
946 3571 1108 3656 dignitatis
1131 3591 1247 3640 amore.

83 3693 175 3774 Quod
198 3693 227 3759 si
249 3711 320 3758 rnre
343 3689 484 3774 contigit,
508 3687 641 3756 aliarum
658 3688 797 3773 gentium
812 3687 930 3772 lingna,
953 3687 986 3754 id
1004 3693 1052 3754 eat
1065 3685 1249 3755 Latinorum

83 3809 136 3879 vel
159 3807 341 3891 Greoornm,
364 3807 469 3894 potius
492 3805 673 3893 explanant.
707 3801 992 3888 carentanorum,
1015 3807 1048 3870 et
1069 3803 1249 3872 deformita-

83 3931 151 3995 tem
184 3943 248 3992 non
283 3921 494 3990 vereoundnnt
525 3941 663 3988 snorum.
704 3919 839 4008 Stupent
867 3921 901 3987 in
930 3919 1000 3987 aliis
1029 3919 1079 3987 vel
1110 3917 1250 3988 litterula

82 4062 187 4130 parva
209 4045 309 4108 artem
331 4037 523 4124 transgredi3
552 4040 584 4105 et
605 4057 686 4125 pene
707 4036 837 4125 propria
858 4036 966 4122 lingna
987 4035 1099 4103 vitiam
1120 4042 1250 4120 generat

83 4179 144 4246 per
167 4155 292 4240 singula
312 4155 417 4223 verba
452 4153 513 4222 ltes
534 4153 631 4220 mira:
653 4159 720 4221 tam
741 4171 872 4238 magnos
895 4154 990 4237 viros,
1012 4151 1181 4239 prudentia
1195 4150 1248 4220 (le-

83 4275 181 4361 dites,
203 4271 326 4342 oanlela
340 4271 535 4360 praecipuos,
558 4267 699 4353 agilitate
714 4267 867 4354 suffultos,
883 4269 1039 4357 sapientia
1052 4267 1143 4353 latos,
1158 4287 1248 4336 sano·

158 4407 184 4461 1.
208 4419 270 4460 omn
290 4403 348 4476 „lt
