3024 4864
292 228 358 294 216
520 245 546 292 s.
563 243 740 292 nourrnrrr
761 245 806 292 nn
828 244 930 292 nnnrn
952 243 1140 294 nersronnn
1158 243 1195 290 rr.
1211 243 1241 292 ro

123 387 333 454 c.732-751ad
355 405 406 454 me
429 405 529 471 usque
551 385 672 452 directa
698 389 920 472 pervenemnt
967 384 1086 466 Quibus
1116 385 1282 471 diligente
1308 386 1391 454 lectis
1414 392 1441 454 et

291 502 509 586 consideratis,
532 505 606 588 post
627 501 815 589 premissum
838 500 1001 588 pacificam
1019 501 1250 588 salutationem,
1273 503 1300 569 si
1315 501 1442 570 boneiu-

290 618 414 703 tcllexi‚
443 617 614 685 insinuasti
637 617 727 684 nobis
751 635 904 702 ergarus
928 616 1068 684 diuersas
1091 616 1252 686 molestias
1274 623 1307 686 et
1327 616 1442 684 tribule·

289 735 392 802 tiones
408 754 528 820 -qne
550 753 626 819 sepe
649 731 751 800 solent
767 733 807 799 iu
829 733 889 800 lroc
910 733 1028 800 mundo
1050 752 1203 821 occupare
1219 753 1325 802 servos
1339 732 1444 800 Christi

289 850 462 917 secundum
486 848 621 936 apostoli
646 849 851 916 sententiam:
878 849 1003 932 Omnes,
1028 854 1158 938 quipse
1179 851 1288 917 colunt
1308 853 1445 916 circeia

290 965 428 1047 Cocco,
455 969 704 1053 persecutionem
730 960 914 1053 puticctur¹
937 1000 979 1010 -
1003 969 1174 1050 contraque
1196 966 1303 1034 omnia
1322 969 1446 1051 tempta·

289 1087 397 1148 menta
412 1082 589 1148 orationum
604 1084 796 1165 nostrarum,
820 1079 1059 1166 qualiacumque
1078 1086 1162 1166 sunt,
1185 1080 1384 1150 amminicuda
1396 1080 1446 1148 lu·

288 1196 406 1263 militer
427 1196 607 1283 postulasti.
642 1195 732 1274 Quod
754 1201 787 1262 et
809 1196 911 1262 omnis
934 1196 1134 1281 congregotio
1157 1203 1266 1264 nostra
1280 1217 1339 1283 pro
1353 1201 1447 1263 vestro

288 1310 442 1396 sospitate
465 1312 573 1379 sedulo
598 1313 638 1378 ad
653 1312 825 1379 Dominum
847 1331 957 1400 proces
978 1313 1111 1380 fundere
1133 1312 1262 1380 studuit
1300 1311 1344 1380 Et
1364 1331 1447 1396 nune,

289 1426 506 1494 amantissime
533 1428 680 1512 diacone,
710 1427 786 1512 quia
812 1429 913 1495 uicem
941 1428 1141 1496 rescribendo
1173 1428 1358 1496 emditionis
1383 1434 1448 1496 tuuc

288 1543 416 1628 scriptis
438 1547 568 1629 propter
589 1544 780 1630 parvitatem
803 1543 953 1626 ingenioli
974 1546 1037 1610 mei
1060 1545 1153 1628 digne
1176 1543 1317 1610 debiturn
1338 1542 1448 1630 persol-

286 1678 361 1725 vere
383 1677 447 1724 non
469 1659 576 1745 potui,
599 1663 707 1726 tamen
730 1659 811 1741 scio,
834 1658 910 1744 quia
932 1680 1009 1727 uera
1030 1661 1144 1728 caritas
1168 1660 1275 1726 omnia
1296 1653 1447 1727 sustinet'.

287 1772 374 1840 Haec
396 1793 498 1859 peuce
520 1773 617 1841 verba
638 1774 824 1842 rusticitatis
846 1794 936 1842 meae
959 1795 1030 1842 cum
1045 1776 1185 1842 minimis
1199 1775 1402 1860 munusculis,
1421 1773 1450 1840 id

287 1895 350 1956 est:
375 1895 524 1975 quattuor
547 1889 691 1956 cultellos
713 1895 825 1958 nostra
843 1891 1067 1958 consuetudine
1081 1892 1180 1960 factos
1196 1896 1229 1959 et
1243 1891 1450 1959 calamistrum

287 2011 472 2090 argenteum
501 2009 533 2071 et
561 2025 712 2092 mappam
740 2025 852 2090 unam,
881 2027 939 2093 per
966 2005 1091 2074 tidelem
1118 2008 1305 2094 portitorem
1328 2009 1451 2076 tratrm

286 2127 428 2190 restrum
457 2122 555 2187 immo
578 2125 721 2188 nostrum
744 2121 919 2189 Aldrednm
942 2123 1070 2190 amabili
1092 2125 1270 2211 presentiae
1292 2129 1369 2192 tuae
1388 2131 1452 2192 tan·

287 2243 355 2304 tum
378 2257 437 2323 pro
460 2235 614 2303 memoria
636 2237 777 2303 canutio
799 2238 1014 2306 transmittere
1037 2241 1153 2306 curavi.
1200 2239 1323 2319 Quaeso
1347 2242 1453 2308 frater

286 2356 419 2421 nitatem
441 2358 546 2436 tuam,
576 2357 612 2417 ut
641 2372 677 2418 eo
702 2353 807 2420 animo
831 2373 851 2420 a
872 2358 904 2420 te
926 2353 1004 2422 haec
1025 2357 1252 2442 suscipiantur,
1279 2377 1344 2443 quo
1368 2378 1387 2423 a
1407 2375 1453 2424 mc

287 2470 445 2538 destinata
484 2473 666 2536 noscuntur.
759 2468 822 2536 Sed
860 2475 892 2536 et
924 2469 1163 2537 intercessorem
1196 2478 1343 2540 nostrum
1377 2472 1454 2561 apud

285 2585 399 2669 Deum,
422 2585 636 2654 uenerabilem
650 2585 846 2652 Bonifecium
868 2586 1037 2672 presulem,
1061 2585 1163 2652 omnis
1183 2593 1310 2655 caterva
1323 2589 1454 2656 nanum

285 2706 466 2768 nostrorum
496 2722 569 2768 curn
600 2701 778 2769 abbaterio·
800 2701 833 2767 iu
856 2700 918 2769 Dei
940 2701 1106 2768 dilectione
1129 2700 1267 2771 salutare
1288 2704 1453 2772 desiderat

288 2912 348 2985 78.
375 2915 617 3004 Theophilcer’oe
645 2915 887 2981 ccctidtccoaoo
912 2915 1075 2982 Ronanus
1098 2917 1265 3001 Bonifatio
1287 2919 1367 2986 tere
1383 2941 1454 3007 pre·

374 3045 474 3097 catur.
523 3031 664 3112 Latium,
688 3033 947 3098 archidiaconum
970 3037 1046 3114 ciue,
1070 3035 1273 3101 commendat.
1319 3036 1457 3102 Munera

373 3144 497 3214 micul.
1071 3145 1107 3228 (S
1126 3150 1200 3234 147,
1223 3146 1263 3215 W
1278 3150 1334 3234 95,
1359 3148 1388 3218 G
1405 3150 1456 3231 84)

116 3313 139 3353 ρ,
153 3299 275 3354 732-'151
373 3278 510 3362 Egregie
539 3277 623 3364 patri
653 3283 685 3346 et
712 3277 840 3345 domino
864 3279 1010 3345 aetheriis
1032 3280 1179 3347 decorato
1201 3281 1341 3350 fascibus
1364 3283 1457 3351 Boni·

284 3395 362 3462 latio
386 3395 469 3462 almo
493 3393 728 3482 archiepiscopo
751 3393 1008 3483 Theophilucios⁸
1030 3395 1178 3479 indignus
1202 3396 1457 3467 archidiaconus‘

284 3516 413 3580 sanctae
436 3510 519 3577 sedis
543 3510 724 3596 apostolice.

373 3627 458 3694 Inter
481 3645 614 3692 amoena
636 3632 730 3714 prata
750 3627 953 3710 fraglantinm
976 3625 1089 3694 florum
1112 3647 1188 3714 sepo
1205 3629 1305 3716 spinis
1321 3632 1458 3700 circum

283 3741 419 3809 vallatur
434 3761 516 3808 rosa.
544 3740 603 3826 lta,
619 3741 808 3810 inlustrante
818 3747 928 3810 sancto
942 3741 1074 3831 Spiritu,
1089 3743 1305 3830 praefingidus
1315 3746 1459 3834 plerum-

284 3879 344 3944 que
366 3856 477 3925 rutilat
499 3857 620 3926 arbiter
642 3858 739 3925 ueluti
753 3879 862 3926 roseus
877 3859 945 3944 flos,
970 3863 1002 3925 et
1015 3859 1166 3926 melliflua
1180 3861 1330 3946 dogmata
1344 3865 1458 3932 salutis

354 4012 375 4045 s.
396 4003 432 4046 etc
447 4000 512 4056 ιαὼς
526 4003 628 4057 fortasse
643 4001 724 4047 abbata
740 4003 818 4048 nostm
833 4003 952 4064 legendum
968 4017 1024 4056 aare,
1040 4004 1146 4061 opum
1161 4005 1266 4058 Metilio,
1282 4009 1343 4053 Aera
1354 4009 1400 4056 SS.
1411 4009 1460 4054 ord.

282 4081 336 4128 Ba.
351 4097 413 4126 aare.
431 4082 474 4136 111,
486 4081 500 4126 2
514 4097 538 4140 p.
552 4079 605 4126 893.
673 4079 695 4126 b.
716 4097 745 4126 ex
760 4083 790 4126 Μ
804 4081 950 4137 erc-6312,
967 4081 1129 4128 otte-48.
1154 4085 1208 4130 stu
1222 4086 1325 4132 mate
1341 4091 1387 4144 H,-
1403 4087 1461 4134 lton

282 4159 380 4220 epistole
395 4157 554 4219 Theophilscti
570 4157 660 4206 diaconi
676 4159 705 4206 ud
720 4159 858 4208 Bonifatium
874 4163 899 4208 C.
962 4171 982 4206 c.
998 4158 1158 4220 Theolyluctur
1171 4163 1196 4210 ι’.
1259 4164 1282 4212 d.
1298 4165 1415 4216 discours
1426 4171 1460 4223 Μ,

282 4239 456 4288 archidiaconus
474 4243 500 4288 C.

355 4345 379 4398 1.
404 4341 552 4401 ammoth.
566 4343 591 4412 3,
607 4343 648 4400 12.
740 4345 766 4400 2.
791 4345 806 4401 1
821 4341 942 4400 Corinth.
957 4344 999 4415 13,
1011 4345 1037 4402 4.
1051 4346 1076 4401 7.
