3148 4846
451 287 639 338 mserum
661 286 889 338 mocunrnsan
913 289 944 336 ιι
1215 269 1281 338 417

202 425 266 496 Sed
286 427 346 496 hoe
368 427 486 497 malum
508 429 576 515 regi
598 435 705 498 nostro
727 429 807 498 beno
828 429 931 498 utenti
952 432 1152 498 consumma
1172 430 1208 498 in
1227 430 1284 500 bo·
1302 439 1371 496 1193

112 565 199 612 num.
244 545 325 612 Nam
348 545 443 614 iudex
464 545 662 614 innocentiae
683 545 770 613 Deus
791 546 887 614 faciet
907 546 943 612 in
963 546 1109 632 proximo
1130 545 1303 614 indicium·

111 661 261 728 iniuriam
286 661 436 748 patienti,
471 662 567 730 faciet
592 661 842 730 misericordiam
869 661 1024 729 Dominus
1052 661 1170 730 christo
1198 682 1254 729 suo
1263 658 1282 730 ¹.

110 775 204 844 Zelus
219 777 349 844 Domini
371 777 566 846 exercituum
588 777 684 846 faciet
698 773 792 860 hoa¹3
816 782 850 845 et
862 777 963 845 scient
977 799 1097 864 omnes,
1120 779 1195 864 quia
1209 783 1285 846 suut

110 892 264 979 reliquiae
290 893 412 962 homini
439 889 595 982 peoilloo'.
641 893 791 977 Domine,
821 895 856 960 in
884 893 1001 962 virtute
1031 899 1088 962 tua
1114 893 1284 962 laetabitur

110 1005 201 1091 rex⁴3
229 1010 330 1076 iustus
358 1009 398 1078 de
426 1010 573 1094 angustia
595 1028 654 1076 sua
676 1006 894 1092 liberabitur‘3
924 1009 1018 1078 cadet
1038 1016 1144 1078 autem
1166 1010 1284 1098 impius

110 1125 144 1192 in
166 1121 343 1212 laqueum⁸,
366 1145 459 1214 quem
481 1125 626 1210 tetendit,
649 1131 682 1192 et
703 1125 737 1192 iu
759 1126 909 1194 verticem
932 1125 1034 1214 ipsius
1048 1126 1199 1214 iniquitas
1215 1127 1284 1194 eius

110 1237 306 1309 descendet'.

200 1357 365 1443 Orubigo
393 1358 571 1426 animarum
599 1359 749 1442 aventin
784 1379 802 1424 o
829 1359 916 1426 tinea
943 1358 1085 1426 cordium
1113 1357 1283 1446 cupiditas,

110 1493 192 1560 quae
214 1474 261 1542 sic
282 1473 425 1542 homines
448 1477 639 1560 excaecasti,
667 1481 718 1560 ut,
741 1474 803 1542 Dei
825 1479 858 1542 et
878 1473 1068 1542 iudiciorum
1090 1475 1158 1543 eius
1181 1474 1283 1562 obliti,

108 1610 213 1676 neque
234 1609 310 1658 suae
332 1597 498 1678 parcerent
520 1591 645 1658 ammae
666 1610 768 1676 neque
781 1591 894 1659 lamae.
930 1589 1140 1658 Consumetur
1155 1589 1284 1676 quidem

108 1707 260 1793 pecnnia3
284 1707 340 1774 sed
362 1711 438 1774 nota
459 1707 647 1794 proditionis
670 1727 735 1774 non
756 1705 921 1774 delebitur.
957 1706 1051 1774 Tanti
1073 1705 1200 1774 sceleris
1223 1705 1284 1772 im·

108 1823 248 1890 manitas
270 1822 464 1890 derivabitur
486 1822 527 1889 ad
549 1828 707 1910 posteros,
737 1825 769 1890 et
795 1823 829 1889 in
852 1841 956 1907 ungue
980 1821 1181 1890 adamantino
1204 1821 1285 1890 baec

107 1937 261 2024 iniquitas
289 1933 490 2006 scribetur'⁸.
525 1937 598 2006 Filii
625 1938 831 2026 plorationis*
854 1943 1000 2007 aeternae
1028 1957 1092 2006 uon
1120 1937 1160 2006 de
1181 1935 1283 2006 fiscali

110 2055 250 2138 aerario,
278 2074 342 2122 non
364 2054 404 2122 de
425 2053 581 2122 thesauris
603 2054 763 2139 regalibus
785 2055 863 2122 haec
885 2055 1060 2141 ascipiunt,
1082 2053 1139 2122 sed
1162 2053 1202 2122 de
1225 2073 1284 2142 pa·

109 2170 259 2238 trimonio
282 2168 442 2255 Crucifixi
464 2170 503 2239 de
526 2171 753 2240 sustentatione
774 2190 960 2258 pauperum,
984 2168 1023 2238 de
1045 2169 1213 2238 uiduarum
1234 2169 1282 2236 la-

108 2286 229 2370 crimis,
253 2286 291 2354 de
314 2286 490 2354 substantia
510 2287 744 2373 religiosorum,
768 2285 807 2354 de
829 2285 1022 2374 pupillorum
1046 2285 1220 2370 alimentis,
1243 2285 1283 2355 de

108 2401 237 2470 dotibus
258 2401 433 2487 virginum,
461 2403 500 2472 da
523 2403 726 2472 eeclesiarum
747 2403 950 2488 utensilibus,
979 2403 1019 2470 de
1041 2402 1201 2488 erunibus,
1225 2401 1282 2470 de·

109 2518 260 2586 calicibus
289 2520 489 2587 consecratis.
534 2517 618 2599 Quot
645 2519 763 2586 solidos
791 2520 853 2587 sibi
880 2523 1087 2604 congregant,
1116 2522 1166 2587 ιιιι
1192 2537 1284 2586 acon·

109 2635 235 2702 malent
261 2633 322 2702 sibi
350 2634 604 2720 maledictiones,
633 2641 680 2702 tot
707 2634 958 2704 interminabiles
987 2635 1144 2703 eumaem
1166 2635 1227 2702 sibi
1249 2635 1284 2702 iu

109 2752 162 2818 die
189 2751 256 2818 irae
285 2750 435 2818 terribilis
463 2752 685 2819 thesaurisant
731 2749 886 2837 Quicquid
922 2751 962 2818 ad
997 2751 1141 2819 decorem
1170 2751 1283 2818 domus

109 2865 172 2934 Dei
193 2868 391 2934 venerandae
416 2869 613 2953 antiquitatis
636 2867 852 2935 munificentia
865 2867 1017 2951 erogavit,
1039 2885 1124 2932 nunc
1140 2865 1283 2952 inexple-

110 2983 183 3051 bilis
206 2983 358 3050 avaritiae
380 2983 484 3050 hiatus
507 2983 663 3067 absorbet,
686 2989 722 3050 ut
743 2983 937 3050 haereditate
958 2981 1142 3070 possideant
1155 2987 1283 3048 emetu-

110 3099 213 3166 arium
236 3099 312 3184 Dei,
335 3104 367 3166 et
388 3104 436 3166 tot
457 3099 631 3184 sacrilegiis
653 3098 845 3168 execrabiles
867 3097 961 3184 hant,
985 3101 1061 3186 quot
1082 3098 1117 3166 in
1138 3097 1282 3186 partibus

110 3215 266 3284 occiduis‘¹
290 3215 439 3284 ecclesiae
462 3216 679 3303 profanantur.

199 3331 328 3416 Exurge
350 3333 457 3416 igitur,
480 3331 573 3400 homo
588 3331 664 3416 Dei;
689 3336 844 3416 exurgant
861 3335 893 3398 et
907 3330 963 3398 alii
977 3334 1084 3418 patres
1100 3329 1281 3416 conscripti,

111 3449 225 3535 quibus
252 3448 318 3514 dati
346 3453 421 3516 sunt
441 3447 539 3533 gladii
562 3449 715 3536 ancipites
738 3449 771 3514 in
794 3445 939 3514 manibus
962 3441 1101 3514 eorum’.
1148 3444 1281 3514 Succur-

111 3567 171 3632 rite
193 3565 306 3652 plagae
328 3563 492 3650 eeclesiae,
517 3565 651 3652 arripiet
672 3563 823 3631 iudicium
846 3583 959 3630 manus
981 3567 1098 3648 restra,
1121 3567 1154 3630 et
1176 3561 1282 3645 evagi-

111 3687 185 3750 nato
205 3681 332 3766 linguae
353 3680 457 3764 gladio
473 3680 585 3764 zelum,
609 3700 702 3765 quem
717 3678 830 3746 Petrus
845 3677 879 3744 in
894 3677 1053 3746 Ananiam
1069 3684 1102 3746 et
1113 3677 1280 3765 Sephiram

112 3817 223 3866 census
243 3796 446 3866 aeclesiastici
460 3797 657 3864 fraudatores
672 3791 849 3879 exercuit¹⁰,
872 3796 905 3862 in
921 3793 1062 3882 publicos
1078 3794 1280 3862 eeclesiarum

112 3913 286 4002 praedones
315 3918 348 3982 et
373 3915 534 3980 invasores
563 3911 732 3998 sacrilegos
760 3916 913 3980 exercete.
959 3909 1027 3978 Rex
1048 3910 1280 3978 ihustrissimue

183 4114 203 4148 a.
225 4099 338 4147 saribdnr
353 4100 429 4146 em.
506 4099 529 4146 b.
549 4098 674 4146 Pharaonis
690 4099 712 4146 t.
790 4111 810 4146 a
832 4099 856 4144 et
872 4099 894 4145 t.
972 4097 995 4144 d.
1016 4095 1168 4145 occidentales
1184 4097 1206 4144 1.

182 4215 207 4270 1.
227 4213 436 4284 asenneus.
509 4213 535 4267 a.
552 4211 650 4281 daeg.
666 4211 708 4280 rs,
720 4211 764 4266 ³1.
828 4211 854 4266 e.
873 4209 1031 4280 reseas.
1093 4209 1120 4263 4.
1138 4207 1278 4275 esaon.

113 4303 138 4358 e.
159 4303 240 4358 rm.
254 4303 296 4371 11,
308 4303 335 4358 a.
425 4301 450 4357 e.
474 4299 615 4370 aseae.
705 4301 731 4356 ι.
754 4299 838 4370 aaa,
851 4301 893 4355 ιι.
983 4300 1010 4355 e.
1034 4297 1068 4355 v.
1087 4296 1183 4352 rerem
1197 4297 1239 4367 ιι,
1253 4297 1278 4350 1.

114 4391 138 4447 e.
159 4391 205 4446 rs.
218 4392 279 4462 ιιι,
292 4392 317 4446 e.
408 4390 451 4444 so.
470 4389 504 4446 v.
522 4388 586 4446 Aac
599 4403 643 4460 sp.
662 4389 798 4460 e,1-1o.

155 4487 234 4538 ἔκη’.
251 4489 394 4534 Bibliotheca
409 4489 448 4534 ill.
1031 4483 1066 4540 Ἠ
