3024 4864
309 257 375 324 218
537 275 564 322 s.
581 274 757 322 normann
779 275 823 322 nr
846 275 948 322 nonar
970 273 1157 322 nrmronsn
1176 273 1214 319 rs.
1230 271 1260 319 rs

139 417 385 484 c.732·751bus·
408 416 541 504 capiatis
564 415 759 504 temporibus
781 415 905 502 premia
927 420 959 482 et
980 413 1203 499 desideratum,
1226 413 1266 482 ob
1288 419 1454 482 resumse-

308 533 434 619 spitutis
457 531 659 617 suffragium,
682 532 830 618 potiotisb
854 529 1009 598 effectum.

396 647 541 733 Denique
568 667 643 714 vero
673 647 864 715 direximus⁶
886 665 1020 735 parram
1048 645 1297 714 benedictionem
1320 665 1357 712 ex
1376 643 1455 728 largi·

306 769 373 832 tate
394 764 479 831 beati
494 762 581 830 Petri
605 761 749 851 apostoli.
786 760 921 850 Propter
935 762 1040 830 Deam
1062 767 1153 845 grato
1176 760 1280 828 animo
1303 759 1456 845 dignemini

307 879 466 966 suscipere
489 882 627 964 costum,
650 879 883 945 cinnamomum
906 883 938 946 et
961 876 1217 964 sorostyraoem‘.

310 1090 371 1161 79.
393 1094 580 1180 Bonifatius
608 1093 790 1160 Zachariae
814 1113 924 1180 papae
946 1091 1076 1158 Latiam
1103 1091 1248 1156 aornim
1274 1111 1365 1156 aanor
1389 1109 1459 1154 aaut·

395 1211 533 1276 madae.
580 1208 657 1276 Sere
683 1210 880 1276 sacerdotum
903 1229 1124 1296 pauereoruaa
1146 1208 1389 1272 cormaaaioaae
1407 1225 1460 1268 aaa

397 1329 523 1392 comino
553 1327 755 1405 demmaaae,
786 1328 938 1411 caemar.
984 1324 1153 1390 Adriacas
1181 1323 1462 1408 conseparata

394 1441 505 1528 pallia
525 1442 667 1527 perendie
691 1453 720 1506 et
742 1441 781 1505 de
802 1441 928 1506 condito
950 1441 1139 1506 monasterio
1161 1437 1343 1504 Faciam.

1093 1551 1130 1634 (S
1148 1553 1222 1636 141,
1244 1549 1354 1635 W86,
1377 1547 1462 1630 Gra)

235 1699 287 1755 ⁷51
395 1687 660 1756 Reverentissimo
688 1687 788 1775 patri,
817 1686 1022 1754 dilectissimo
1045 1685 1188 1768 domino,
1217 1705 1289 1752 enm
1311 1685 1465 1752 timorod

305 1805 424 1872 honore
452 1801 632 1872 venerando
661 1803 832 1887 magistro,
860 1802 1026 1891 apostolici
1048 1801 1175 1869 honoris
1197 1799 1364 1889 privilegio
1385 1817 1465 1887 pras·

305 1921 395 2005 dito‘,
424 1919 626 2009 pontificatus
653 1918 843 2006 apostolieae
871 1919 955 1986 sodis
982 1917 1085 1985 infula
1111 1917 1280 1986 sublimato
1307 1914 1467 1984 Zachariae

303 2035 481 2104 Bonifatius
504 2035 646 2120 exignus,
670 2055 779 2102 servus
801 2039 906 2102 vester
928 2035 1004 2102 licet
1017 2033 1165 2118 indignus
1181 2038 1213 2100 et
1227 2033 1359 2100 ultimus
1373 2037 1468 2098 amen

304 2152 426 2237 legatus
438 2150 645 2218 Germanicus
661 2151 892 2235 devotissimus,
909 2149 1080 2238 optabilem
1095 2150 1128 2217 in
1139 2148 1264 2216 Christo
1276 2145 1467 2216 inmarcesci-

305 2267 378 2335 bilis
401 2265 710 2335 cantatissaiutem.

397 2380 553 2449 Paternae
575 2382 705 2469 pietatis
726 2387 851 2450 vestrae
874 2381 1074 2450 sanctitatem
1096 2380 1239 2449 subnixis
1260 2379 1410 2466 precibus
1423 2375 1471 2444 ota

306 2517 410 2584 seero,
433 2503 470 2564 ut
490 2497 575 2564 huno
596 2499 808 2584 presbiterum
830 2517 953 2590 meum,
981 2499 1166 2585 portitorem
1189 2497 1373 2564 litterarum
1393 2511 1470 2561 mea·

304 2635 377 2682 rum
399 2615 527 2682 nomine
542 2613 603 2681 Lul
625 2618 716 2698 grato
737 2615 843 2681 animo
863 2615 1033 2683 elementer
1048 2613 1238 2699 suscipiatis.
1273 2611 1382 2680 Habet
1395 2611 1471 2678 enim

305 2736 427 2800 secreta
449 2729 604 2817 quaedam
625 2750 713 2815 mea,
737 2749 817 2816 qnae
841 2729 899 2797 soli
922 2730 1034 2816 pietati
1056 2735 1180 2797 vastae
1202 2728 1348 2817 profiteri
1371 2727 1471 2794 debet:

305 2847 459 2934 quaedam
482 2847 555 2913 viva
576 2863 654 2913 voce
682 2845 771 2912 vobis
801 2846 921 2930 dicere,
950 2843 1103 2932 quaedam
1131 2865 1191 2933 per
1216 2845 1344 2912 litteras
1372 2845 1474 2911 notata

304 2963 487 3047 ostendere,
518 2962 557 3029 de
586 2960 773 3047 quibusdam
802 2981 876 3028 vero
899 2961 1139 3030 necessitatibus
1161 2961 1241 3028 meis
1262 2961 1428 3046 inquirere
1447 2963 1475 3026 et

303 3081 515 3162 interrogar03
539 3080 571 3144 et
592 3077 671 3143 mihi
694 3078 895 3164 paternitatis
917 3084 1041 3146 resuae
1061 3097 1249 3166 responsum
1264 3083 1296 3144 ot
1310 3075 1474 3144 consilinm

304 3216 345 3262 ex
376 3195 562 3261 sustentate
589 3194 691 3259 sancti
714 3192 801 3260 Petri
829 3195 982 3281 principia
1012 3191 1227 3282 apostolorum
1255 3192 1298 3259 ad
1326 3192 1475 3261 solacium

304 3310 474 3378 senectutis
495 3313 751 3397 repraesentata
773 3313 819 3393 ut,
842 3309 891 3376 his
914 3309 1060 3377 omnibus
1081 3309 1197 3376 anditis
1212 3313 1245 3377 et
1258 3307 1477 3392 consideretis,

304 3425 435 3511 siquae
458 3425 523 3490 sint
545 3443 625 3510 quae
654 3424 744 3491 robis
771 3424 918 3510 placeant
944 3425 1044 3510 facta,
1075 3424 1231 3509 adaugere
1252 3424 1322 3492 Deo
1355 3424 1478 3493 volente

303 3541 460 3625 studeam,
483 3541 511 3607 si
534 3543 640 3607 autom
665 3539 749 3625 quid,
773 3545 810 3606 nt
831 3539 1006 3608 timendum
1029 3545 1093 3625 est,
1117 3540 1297 3628 displiceat,
1322 3561 1366 3609 ex
1390 3559 1479 3629 prae·

304 3663 395 3745 cepto
419 3655 521 3722 sancti
544 3655 757 3742 apostolatum
778 3655 878 3723 vestri
900 3656 950 3723 vol
972 3655 1200 3741 indulgentiam
1223 3675 1351 3724 merear
1366 3656 1420 3725 vel
1434 3655 1479 3722 di·

303 3791 401 3858 gnam
422 3771 630 3859 penitentiam
652 3770 841 3857 persolvam.

390 3882 598 3955 Antecessor¹
620 3887 737 3954 etenim
759 3877 978 3973 praecessoris
993 3883 1120 3973 uestri²‚
1142 3887 1343 3956 venerandae
1359 3907 1480 3959 memo·

376 4041 397 4076 a
418 4029 525 4088 perennis
543 4031 569 4077 ι’.
650 4028 672 4076 b.
692 4029 793 4089 potiatur
811 4031 837 4078 C.
922 4043 942 4077 a
964 4029 1092 4077 derertmns
1108 4033 1143 4077 M.
1220 4029 1243 4076 d.
1263 4031 1440 4090 xarostyncan
1456 4035 1481 4080 c.

304 4123 324 4156 a.
345 4126 374 4154 ea·
391 4111 420 4155 Μ
432 4107 568 4164 sio-49,
586 4110 607 4156 C
621 4108 728 4156 84-35.
751 4111 804 4157 satu
819 4111 922 4156 lamam
939 4113 979 4167 M,·
999 4109 1103 4170 Epistola
1117 4108 1227 4156 Bonifatii
1241 4109 1271 4156 td
1287 4108 1429 4160 Minium
1443 4126 1483 4174 pt·

302 4201 356 4248 pam
373 4189 399 4237 c.
477 4186 493 4234 i.
514 4185 632 4246 praedicto
649 4189 683 4233 Μ.
759 4199 781 4246 p.
801 4187 923 4248 apostolati
940 4193 975 4236 M.

376 4283 400 4337 1.
425 4279 613 4352 „Antecessor
629 4280 848 4350 praedecessoris
861 4313 894 4323 -
907 4283 960 4340 illis
979 4299 1034 4340 non
1051 4281 1273 4340 communicavi“
1286 4285 1356 4340 sunt
1371 4285 1404 4342 in
1416 4285 1484 4342 Gra·

301 4369 369 4426 tisri
387 4369 460 4427 decr.
478 4369 509 4426 P.
521 4369 549 4425 11
566 4367 597 4426 0.
610 4367 651 4424 XI
668 4369 744 4440 qua
762 4385 787 4427 c.
800 4371 860 4428 104.
950 4374 976 4428 2.
1000 4371 1125 4443 Gregorii
1136 4371 1185 4428 ΠΙ.
