3110 4844
306 290 332 338 s.
349 289 526 340 normann
548 291 592 338 nr
614 291 718 340 numu
739 289 927 340 semrom
950 291 993 336 111
1169 273 1235 340 ate

84 453 185 516 seraper
211 433 415 500 eeamts'ola'ter
443 447 496 500 eat.
542 431 641 511 Quid·
665 437 713 502 est
741 433 826 500 enim
854 431 946 499 huius
969 431 1081 498 muudi
1101 430 1237 514 fugitiva
1253 439 1394 496 tte-'ttt

83 545 197 612 felioitas
220 553 252 613 et
274 547 393 614 oaduon
413 549 609 634 prosperitas
631 549 696 616 uisi
717 567 818 634 vapor
840 550 873 614 et
894 545 1019 614 fumus?
1048 545 1135 614 Inter
1156 551 1236 614 tem-

81 660 204 746 poralem
228 663 489 749 prosperitatem*
513 668 546 730 ot
568 668 730 730 aeternam
751 663 936 730 felicitatem
956 662 1092 730 multum
1107 662 1236 747 distare,

81 776 139 860 quis
159 777 332 863 peritorum
354 779 500 862 ignorat?
522 778 690 847 Disoamus
711 779 808 862 igitur
822 780 883 846 hae
896 778 1064 865 temporali
1078 783 1237 865 potestate

78 891 132 957 frui
150 898 256 980 preter
279 899 421 960 eternam
443 893 643 980 felicitatem,
673 900 706 962 et
726 895 760 962 in
783 895 872 962 ouius
895 895 1121 982 conparatione
1143 893 1236 961 nobis

80 1007 172 1074 onnia
192 1009 355 1076 vilescant

153 1123 350 1193 Vestimenta
371 1125 530 1212 preciosa,
553 1126 691 1194 oaballos
713 1126 798 1194 farre
821 1131 945 1214 pastos,
970 1125 1155 1212 aooipitrss·
1179 1124 1239 1192 ful·

78 1256 221 1325 teneoque
242 1261 314 1308 oum
337 1243 441 1308 curris
464 1241 632 1325 unguibus,
655 1241 808 1310 latrantes
823 1263 927 1326 eanes,
951 1239 1150 1308 saturarum*¹
1166 1239 1239 1308 tao

77 1354 241 1441 maeones,
271 1357 332 1424 eibi
362 1363 516 1444 potusque
539 1360 716 1445 exquisitae
738 1357 914 1426 dulcedinis
937 1377 1085 1444 sapores,
1118 1356 1240 1440 argenti

77 1473 193 1558 aurique
218 1472 388 1540 rutulantis
410 1476 553 1562 pondera
575 1481 781 1562 spargantur;
805 1480 841 1542 ut
855 1474 898 1542 sit
912 1471 1016 1540 mollis
1032 1472 1147 1540 euloite
1162 1491 1240 1558 pau-

77 1589 154 1654 satio.
248 1587 417 1674 Molliaque
446 1591 613 1659 eervioalia
640 1612 661 1659 a
687 1591 764 1658 viris
793 1591 899 1676 potius
928 1589 1114 1658 exibeantur
1144 1607 1238 1674 quam

76 1723 92 1768 a
110 1702 262 1772 flammeis
285 1706 407 1791 puellis.
498 1707 584 1775 Ante
606 1707 713 1774 omnia
734 1707 860 1773 inoauta
874 1704 1074 1774 familiaritas
1089 1709 1238 1772 extrane-

76 1839 155 1886 arnm
181 1818 392 1888 feminarum¹
415 1822 609 1905 abscidatur3
641 1823 716 1908 quia
743 1843 818 1909 sepe
841 1821 1020 1890 seducimur
1041 1821 1170 1886 inoauta
1192 1839 1242 1886 se-

75 1935 196 2003 curitate
222 1937 330 2023 peius,
359 1957 454 2022 quam
478 1945 588 2025 aperta
611 1939 827 2026 temptatione.
920 1935 1161 2003 Tumultuosam
1183 1934 1243 2000 mi·

73 2050 238 2120 meorum
269 2053 503 2121 multitudinem
526 2055 716 2122 olandistiua
738 2054 916 2121 divinarum
932 2053 1161 2139 seripturarum
1178 2048 1243 2117 elo-

75 2168 140 2252 quia
161 2167 335 2256 expellant.
371 2169 452 2249 Quia
474 2169 530 2236 illa
551 2171 644 2239 fovea
666 2171 752 2238 omni
775 2168 919 2238 custodia
942 2167 1081 2236 oaveuda
1104 2171 1163 2250 set,
1185 2184 1243 2252 par

74 2303 159 2367 quem
193 2283 351 2370 plurimos
383 2285 557 2353 miserabili
588 2287 680 2354 ruina
708 2287 919 2374 eonspioimus
947 2284 1113 2352 munisse.
1161 2280 1243 2348 Nam

73 2416 138 2485 sepe
165 2401 318 2468 robustus
346 2401 437 2468 miles
466 2401 674 2470 infestissima
695 2403 831 2470 telorum
855 2399 1045 2468 iaoulatioue
1068 2417 1105 2468 eo
1128 2397 1242 2466 fortius

74 2513 272 2601 inpugnatur,
296 2536 356 2601 quo
379 2518 516 2586 invictus
539 2519 673 2586 videtur.
765 2515 915 2596 Quamvis
938 2516 998 2583 hoe
1020 2515 1118 2584 inisse
1141 2520 1174 2582 te
1189 2533 1244 2582 ne-

72 2632 183 2713 gotium
223 2631 343 2717 liquido
377 2635 521 2702 noverim
557 2635 719 2702 ooeasione
749 2633 973 2701 lucrandarum
1003 2633 1182 2698 animarum
1214 2634 1247 2697 et

73 2765 123 2832 pro
150 2748 259 2815 studio
288 2747 495 2836 multiplioius
523 2750 681 2818 serviendi
709 2749 793 2833 Deo,
828 2753 936 2817 umen
964 2751 1140 2814 memento:
1170 2745 1247 2832 qnia

73 2863 191 2930 nollem
215 2883 349 2930 manum
372 2865 469 2932 durus
499 2866 630 2953 eapulus
659 2869 835 2952 exasperat
927 2861 1145 2950 Quapropter,
1173 2879 1246 2929 oare

72 2977 182 3064 collega
206 2982 274 3046 iam
297 2979 426 3064 dudum,
450 2987 483 3048 et
505 3002 590 3050 nuno
611 2983 664 3068 pio
686 2986 863 3069 preceptor,
887 2985 922 3047 in
938 2982 1081 3048 omoitoa
1098 2979 1244 3067 operitve

73 3099 126 3160 tais
146 3119 326 3162 memorem
347 3101 520 3164 ooobeimo
543 3111 614 3179 tan,
639 3112 668 3166 et
688 3102 724 3164 a'o
747 3111 907 3164 oeternum
927 3119 992 3163 ooo
1009 3091 1186 3184 peoonba'o'.

151 3211 332 3280 Festinatio
362 3216 469 3279 autem
498 3212 539 3278 ad
566 3217 598 3280 te
627 3211 774 3280 veniendi
802 3217 933 3300 propter
955 3210 1164 3298 multiplioem
1185 3209 1243 3278 tri·

72 3323 272 3411 bulationem,
296 3347 391 3414 quam
413 3328 529 3412 iugiter
543 3327 611 3395 Deo
633 3329 752 3412 gratim
775 3329 979 3412 sustinemus,
1001 3326 1081 3394 mihi
1101 3324 1241 3412 undique

73 3440 223 3528 denegata
252 3448 311 3510 est
403 3443 506 3511 Huius
534 3445 674 3512 muneris
703 3443 953 3529 magnitudinem
982 3443 1048 3510 noli
1071 3442 1244 3527 intendere,

71 3558 120 3624 sed
140 3560 294 3628 devotam
317 3563 456 3627 mentem
479 3559 645 3643 dirigentis
669 3560 801 3628 intuere.

152 3677 299 3760 Antiqua
321 3673 546 3742 familiaritatis
568 3674 684 3743 fidutia
705 3675 821 3758 fretus,
851 3675 930 3742 libet
951 3675 1045 3742 mihi:
1075 3675 1134 3741 hae
1157 3674 1243 3761 aepi-

72 3792 226 3860 stiunoula
259 3791 418 3876 quandam
452 3792 657 3876 senteutiam,
691 3792 871 3876 frequenter
903 3790 987 3878 apud
1016 3809 1074 3858 nos
1103 3789 1245 3858 habitam

73 3907 191 3990 qnando
229 3906 364 3993 limpida
396 3905 481 3974 diota
514 3905 575 3973 Dei
606 3907 832 3974 eommuniter·
861 3905 1071 3991 rimabamur,
1106 3905 1245 3973 breviter

74 4025 212 4107 tangere3
244 4041 445 4108 nequaquam
473 4026 580 4088 tamen
602 4022 642 4089 ad
664 4027 739 4090 tuae
762 4041 862 4109 purae
883 4021 1052 4107 relegionis
1075 4039 1243 4107 personam
1309 4029 1312 4041 ’

136 4213 158 4246 a.
181 4199 230 4258 Qui
248 4200 277 4248 7.
364 4198 387 4246 b.
410 4197 598 4259 proaspsrltatem
616 4200 644 4246 V.
730 4213 751 4248 o.
774 4199 896 4259 aooipltros
914 4199 942 4247 V.
1024 4197 1047 4246 u
1072 4210 1197 4245 stammas
1216 4197 1245 4244 V.

74 4289 92 4322 a.
109 4280 260 4326 eommeniter
277 4279 305 4326 V.

137 4385 162 4438 1.
187 4381 234 4438 or.
253 4381 378 4439 oramus
396 4381 495 4438 eatur
512 4382 547 4438 n.
561 4383 595 4437 er
614 4398 638 4438 a.
652 4384 695 4439 nr.
785 4383 811 4438 a
835 4381 919 4438 neon
933 4382 958 4452 r,
970 4381 1015 4438 ao.

111 4479 189 4530 tum.
208 4483 355 4527 Bibliotheca
370 4481 409 4524 nr.
996 4479 1030 4534 13
