3024 4864
287 306 315 354 s.
331 303 508 354 normann
528 304 574 353 rrr
595 305 699 354 nurui
720 303 907 353 erroreum
933 305 964 352 ro
1142 285 1209 353 209

61 451 213 534 raptorem·
237 451 270 514 et
291 445 479 530 sacrilegum
502 451 535 513 et
557 446 746 514 homicidam
769 465 946 534 pauperum
969 443 1126 532 etlupum
1142 444 1210 512 dia·

60 561 110 628 hoii
127 562 295 629 intrantem
316 562 351 628 iu
374 561 456 629 evile
478 561 612 646 Christi,
635 568 669 629 et
688 563 829 628 maximo
852 561 1062 629 anathematis
1084 561 1210 628 ducale

59 677 274 764 dampnandum
296 683 371 746 aute
392 675 531 745 tribuual
547 677 675 745 Christi.
710 676 759 745 De
781 675 897 744 talibus
918 696 1094 746 memorare
1107 677 1211 744 sancti

58 790 131 858 Pauli
151 793 287 881 apostoli
310 794 351 860 ad
373 791 573 860 Timotheum
596 792 747 861 dicentis:
778 795 941 860 Divicibsa
970 795 1064 859 tutuo
1094 793 1213 859 saecuti

53 908 212 996 praecipe',
236 933 301 976 noa
322 911 455 997 aupoebc
476 931 598 997 capere,
621 933 721 997 aeque
743 933 871 998 operare
893 913 928 975 iu
945 913 1063 976 incerto
1081 911 1210 975 diretta·

56 1045 121 1106 rem,
142 1028 198 1092 aed
218 1030 255 1091 ia
278 1026 349 1092 Deo
372 1029 455 1107 eico,
480 1030 552 1112 pct⁸
572 1039 718 1114 praestat
740 1021 873 1092 omnini
920 1023 1066 1108 Talibus,
1090 1025 1118 1090 si
1140 1043 1211 1090 aecr

55 1137 150 1206 etesiae
170 1141 403 1228 correptionem
426 1159 489 1208 nou
511 1141 728 1228 recipiunt-
745 1139 880 1208 ethnicid
897 1145 929 1208 et
942 1137 1103 1227 publicani
1120 1135 1211 1206 sant¹

54 1275 160 1323 —nec
181 1256 265 1322 rivis
287 1275 347 1324 nee
368 1255 518 1323 mortuis·
547 1255 759 1323 communicat
780 1255 927 1323 ecclesia¹
945 1254 1015 1322 Dei.
1051 1254 1180 1322 Talibus
1188 1265 1211 1340 ⁸,

55 1370 122 1454 qued
142 1377 175 1440 et
196 1371 249 1438 hic
272 1377 305 1438 et
333 1371 378 1439 ibi
405 1372 623 1458 reperiuntur,
654 1391 726 1440 cum
754 1372 832 1439 tuha
853 1371 915 1440 Dei
942 1371 1142 1456 clangamus,
1172 1391 1212 1438 ne

51 1490 174 1554 tacentes
199 1487 418 1575 dampnemur.

126 1601 378 1690 Supervacuum*
391 1607 424 1669 et
433 1601 502 1670 Deo
514 1602 662 1670 odibilem
677 1603 939 1670 vestimentorum
954 1604 1211 1690 superstitionem

52 1717 123 1783 omni
143 1718 320 1786 intentione
341 1718 509 1806 prohibere
532 1717 633 1786 stude.
680 1717 761 1796 Quia
787 1718 844 1785 ilia
866 1724 1053 1786 ornamenta
1074 1719 1210 1786 vestium

51 1865 84 1876 —
103 1837 136 1899 ut
155 1833 222 1900 illis
246 1835 381 1920 ridetur,
405 1836 488 1921 quod
512 1835 552 1904 eh
576 1834 647 1902 aliia
669 1834 834 1921 turpitude
856 1835 972 1902 dicitur
987 1834 1210 1901 -latissimis

51 1944 132 2014 cirris
157 1950 316 2016 vermium
339 1950 546 2036 marginibus¹
570 1949 709 2034 clavata,
741 1950 910 2019 adveutum
940 1949 1145 2034 autichristi¹‚
1170 1949 1210 2016 ah

49 2059 93 2128 iilo
105 2065 303 2151 transmissa,
324 2071 548 2153 praecmruut3
573 2065 670 2132 illins¹
686 2065 869 2150 calliditate,
886 2085 943 2152 per
957 2067 1120 2134 ministros
1136 2085 1209 2132 sues

48 2176 234 2248 introducere
255 2181 365 2248 iutran
387 2181 527 2250 claustra
548 2181 812 2248 monasteriorum
834 2182 1075 2250 fornicationem
1104 2187 1136 2248 et
1160 2181 1210 2249 lu-

49 2295 173 2362 retiam*
196 2295 412 2365 elevatarum⁰
428 2297 578 2366 iuvenum
601 2302 633 2365 et
654 2296 748 2364 foeda
769 2299 928 2364 consortia
950 2303 982 2365 et
1004 2297 1125 2366 tedium
1147 2297 1210 2365 lec-

48 2407 127 2478 h'euis
154 2418 187 2480 et
218 2413 371 2480 orationis
393 2419 426 2482 et
446 2413 657 2502 perditionem
680 2414 867 2480 animarum.
906 2413 993 2480 Haeo
1013 2414 1209 2500 indumenta,

49 2525 209 2595 nuditatem
233 2528 358 2596 animae
380 2527 605 2615 significantia,
635 2529 727 2613 signa
753 2529 787 2595 iu
811 2547 845 2596 se
867 2529 1037 2596 ostendunt
1059 2549 1209 2615 arrogan-

47 2640 98 2708 tiae
117 2649 149 2710 et
170 2643 342 2731 superbiae
365 2651 397 2712 et
418 2646 563 2714 lmnriae
587 2650 619 2712 et
647 2645 815 2729 vanitatis,
844 2645 883 2711 de
911 2645 1024 2730 quihus
1053 2647 1209 2732 sapientie

48 2753 381 2847 decempedam
404 2777 433 2828 et
454 2763 636 2850 superbiam
659 2775 688 2828 et
710 2765 797 2827 viam
815 2783 954 2848 precam
977 2775 1006 2828 et
1019 2784 1053 2828 oe
1069 2762 1208 2850 hilicpue

48 2871 189 2942 meet

118 2989 236 3059 Fertur
258 3011 381 3078 quoque
404 2993 437 3058 iu
460 2992 634 3080 parrochiis
659 2993 772 3058 vestus
792 2991 955 3060 ebrietatis
977 2992 1096 3058 malum
1111 2991 1206 3059 nimis

48 3102 196 3174 adsuetum
223 3127 302 3192 esse,
326 3113 380 3174 ut'
394 3127 457 3175 non
481 3109 583 3175 solnm
606 3108 748 3195 episcopi
769 3107 897 3192 quidam
912 3127 976 3174 nou
992 3107 1206 3194 prohibeant,

47 3219 90 3285 red
114 3224 213 3289 eham
243 3224 306 3310 ipsi
332 3223 427 3290 nimis
456 3223 598 3291 hibentes
626 3223 838 3307 inebrientur,
869 3229 901 3290 et
930 3222 1009 3290 alios
1038 3225 1207 3310 porrectis'

47 3335 149 3418 mcuhs
178 3339 356 3407 maioribus
384 3345 513 3424 cogant,
542 3343 579 3404 ut
605 3339 812 3406 inebrientur.
859 3337 948 3416 Quod
971 3339 1089 3424 absque
1112 3339 1206 3407 dubio

46 3451 118 3519 naha
140 3461 189 3522 eet
213 3456 301 3522 omui
324 3475 414 3522 servo
437 3454 498 3522 Dei
519 3455 623 3521 facere
646 3455 697 3521 vel
719 3455 848 3536 fecisse;
880 3455 964 3540 qnod
991 3473 1126 3522 canones
1149 3476 1207 3542 pa-

45 3569 263 3638 maeotium
286 3571 468 3658 episcopum
491 3569 540 3638 vel
568 3569 789 3657 presbyterum
819 3575 875 3636 aut
902 3579 1041 3638 cessare·
1069 3576 1124 3638 aut
1153 3572 1205 3640 de-

46 3685 161 3764 pacare
185 3687 315 3772 iubent,
345 3693 378 3755 et
399 3687 471 3773 ipsa
491 3687 610 3754 veritas
634 3687 730 3754 dixit:
763 3687 940 3770 Attendite,
970 3711 1009 3754 ce
1034 3702 1206 3775 precentur

103 3841 122 3874 t.
140 3831 314 3890 puerporam
331 3832 357 3878 C.
436 3829 458 3874 h.
479 3838 553 3875 cetera
574 3831 654 3876 derum
674 3831 697 3875 r'o
714 3832 746 3886 C,·
767 3831 848 3885 felicm
867 3833 923 3876 caim
940 3847 1034 3890 sequena
1050 3834 1149 3877 aticum
1165 3841 1205 3878 ut.

47 3905 121 3953 trivo
136 3909 175 3968 qui
193 3925 237 3956 aar.
255 3909 313 3955 MV.
391 3907 414 3954 d.
435 3909 490 3968 quia
505 3908 591 3955 ethnici
606 3911 647 3970 Sp.
721 3923 741 3955 e.
762 3910 829 3955 viras
844 3922 886 3956 nan
902 3911 1004 3955 mortuns
1021 3913 1056 3956 M.
1131 3910 1147 3956 i.
1168 3923 1204 3957 eo

48 3981 121 4032 dodam
135 3991 171 4034 11.
253 4001 276 4046 g.
295 3987 330 4034 De
346 3987 430 4034 talibus
447 3991 482 4035 M.
559 3988 584 4034 h.
606 4001 775 4049 supervacuus
793 3990 827 4046 V,-
843 3991 919 4036 antem
935 3990 993 4037 add
1009 3991 1049 4048 sp.
1120 3991 1136 4036 i.
1158 4003 1204 4036 ma-

48 4059 121 4116 ffia!
135 4069 192 4123 17,
210 4066 349 4126 imam'nihus
364 4069 404 4126 Sp.
474 4067 498 4114 k.
519 4067 653 4116 mtechristt
669 4070 727 4116 HV.
794 4068 810 4115 l.
830 4069 883 4116 illus
897 4071 952 4124 Mc,
968 4069 1030 4116 iiiios
1045 4071 1073 4123 V,
1090 4068 1151 4115 iilius
1163 4071 1204 4128 Sp.

48 4151 71 4185 ²
85 4161 122 4192 οι.
137 4151 171 4194 Μ.
252 4161 276 4194 n.
297 4147 436 4194 lanariorum
454 4147 482 4193 V.
561 4162 583 4194 o.
604 4147 743 4194 cirratorum
763 4171 787 4180 -
806 4149 887 4195 derha
901 4147 945 4195 Dei
965 4148 1080 4196 custodire
1099 4148 1205 4206 dignetur

48 4227 106 4280 'W'
117 4244 144 4272 es
158 4229 199 4284 sp.
219 4237 240 4272 st
256 4230 283 4274 G.
309 4230 385 4285 (Quas
401 4229 477 4273 omniu
493 4245 535 4274 om.
553 4229 643 4277 MCV).
704 4240 727 4288 p.
749 4229 830 4289 strip„
846 4230 909 4275 uro.
973 4242 995 4287 q.
1010 4227 1145 4288 perhibeant
1155 4229 1203 4288 Spa,

48 4299 161 4355 mittant
177 4309 207 4354 G.
285 4320 304 4352 r.
325 4306 453 4366 prospectis
468 4307 517 4367 Spa,
532 4306 644 4365 porrectis
660 4309 688 4355 G.
768 4321 786 4354 s.
808 4321 883 4354 cesam
898 4310 938 4368 Sp.
956 4309 1007 4354 cod.

105 4392 128 4444 1.
149 4391 299 4448 lTimoth
313 4393 339 4461 6,
354 4393 395 4448 17.
485 4393 511 4448 2.
534 4391 630 4448 Matth.
645 4393 743 4463 18,17.
834 4395 860 4450 3.
883 4394 964 4450 Prov.
979 4393 1021 4462 18,
1036 4393 1076 4448 13.

81 4485 151 4542 rnna
164 4491 311 4537 sannae·
325 4491 364 4535 ru.
954 4489 989 4547 14

1273 451 1326 507 748

1224 527 1280 586 port
1287 524 1371 574 linium
