3164 4842
292 312 359 380 484
594 331 643 379 nx
665 329 820 379 ornuoru
842 331 921 377 vrrs
944 329 971 377 e.
987 329 1163 378 normann
1180 391 1185 400 ,

291 491 371 558 qnae
386 472 421 538 in
436 471 506 539 aliis
521 471 611 539 libris
626 471 743 556 inveni,
759 471 888 538 molitus
903 492 973 538 snm
985 491 1025 539 ex
1036 472 1115 558 ipsis
1127 470 1275 554 colligere
1287 477 1320 538 et
1329 472 1364 537 in
1375 469 1459 555 locis,

292 609 371 673 quae
394 593 550 675 oportuna
566 588 763 672 videbantur,
786 588 934 656 inserere.
968 589 1125 656 Fortassis
1143 588 1225 654 enim
1242 585 1296 654 ille
1312 605 1460 653 veneran-

291 704 350 771 dus
372 705 437 789 vir,
465 705 519 790 qni
541 705 640 772 vitam
663 706 765 773 sancti
787 704 941 770 Bonifacii
963 705 997 772 in
1020 705 1132 792 primis
1155 703 1300 790 scripsit,
1331 702 1461 769 uirtutes

292 820 359 887 eins
381 819 498 886 multas
523 822 734 908 epistolasque
756 821 899 888 nesciens
922 821 1127 907 pretermisit.
1164 817 1226 885 Sed
1249 819 1337 904 mihi,
1361 819 1462 884 oonsi-

292 937 416 1003 deranti
438 937 560 1004 litteras
583 958 692 1006 omnes
716 957 794 1024 quas
818 937 857 1003 de
880 957 916 1003 eo
939 936 1072 1022 habetis,
1096 937 1130 1003 in
1152 935 1247 1003 nullis
1265 937 1368 1002 maior
1383 935 1461 1001 tanti

291 1053 426 1141 presulis
450 1054 620 1121 auctoritas
644 1075 738 1140 qnam
761 1055 794 1120 in
818 1053 971 1140 epistolis,
996 1053 1128 1140 abipso
1151 1052 1202 1118 vel
1225 1052 1393 1139 adipsum
1416 1051 1463 1117 di·

291 1171 402 1255 rectis,
424 1170 548 1237 videtur
572 1191 648 1237 esse.
685 1170 732 1238 lbi
753 1190 889 1256 namque
912 1170 1111 1256 apertissime
1133 1170 1315 1256 inspicitur:
1346 1173 1463 1253 quanta

291 1285 491 1352 veneratione
513 1287 660 1372 primitus
682 1286 778 1353 buerit
799 1293 964 1374 susceptus
987 1308 1007 1353 a
1029 1285 1177 1372 pontifice
1200 1285 1354 1366 Roman03
1387 1303 1462 1370 qna-

290 1401 425 1487 literqne
446 1421 518 1468 eum
542 1402 722 1469 ordinatum
743 1404 865 1471 miserit
887 1403 928 1470 ad
951 1402 1178 1491 predicandum
1195 1402 1316 1468 eunetis
1331 1399 1463 1466 Germa·

291 1517 363 1584 niae
385 1517 528 1604 populis3
553 1525 668 1603 quanto
692 1520 788 1587 etiam
810 1519 916 1586 labore
940 1519 1072 1586 eandem
1086 1517 1290 1584 Germaniam
1313 1516 1353 1582 ad
1369 1515 1462 1582 fidem

291 1633 409 1700 Christi
432 1635 622 1701 converterit
644 1639 676 1701 et
698 1635 782 1720 quod
803 1654 868 1701 non
890 1634 991 1701 solum
1014 1655 1034 1700 a
1051 1634 1184 1721 paganis
1199 1639 1231 1700 et
1246 1633 1393 1700 hereticis
1409 1631 1462 1698 sed

292 1751 388 1818 etiam
411 1771 431 1816 a
452 1749 751 1837 pseudochristianis
774 1756 807 1816 et
828 1751 936 1836 pravis
959 1748 1173 1817 sacerdotibus
1193 1767 1265 1814 eam
1280 1748 1367 1815 velut
1383 1729 1463 1815 a'lu·

292 1886 404 1952 porum
426 1865 582 1934 morsibus
605 1865 770 1952 eripuerit;
794 1872 944 1952 quantam
967 1867 1103 1951 gratim
1127 1862 1354 1930 aFrancorum
1377 1865 1464 1949 prin·

292 1983 414 2069 cipibus
429 1982 642 2051 Karlomanuo
666 1981 786 2049 scilicet
802 1989 834 2048 et
849 1981 983 2069 Pippino
1000 1981 1181 2064 obtinuerit,
1204 1979 1268 2065 qni,
1295 1983 1465 2067 postquam

292 2119 364 2164 enm
398 2099 565 2166 aecclesiae
595 2098 846 2182 Mogonciacensi
876 2098 1035 2185 presulem
1063 2098 1285 2178 decreverunt,
1320 2095 1463 2180 eandem,

292 2235 373 2300 qnae
395 2216 483 2301 prius
506 2215 675 2282 aecclesiae
698 2214 789 2282 alteri
813 2215 939 2282 subdita
962 2220 1040 2299 erat,
1063 2234 1122 2300 pro
1144 2213 1231 2279 illius
1246 2231 1354 2278 amore
1370 2211 1465 2277 simul

292 2337 325 2397 et
345 2330 463 2398 honore
485 2331 686 2418 metropolim
700 2331 799 2396 totius
815 2329 1013 2415 Germaniae,
1037 2328 1211 2417 apostolico
1226 2327 1375 2414 pontifice
1390 2347 1466 2394 cen·

292 2447 457 2531 sentiente,
481 2445 666 2528 effecemnt3
691 2451 767 2532 quot
790 2447 879 2514 sedes
903 2447 1096 2534 episcopales
1117 2446 1278 2527 statuerit;
1303 2465 1384 2531 quae
1399 2446 1466 2531 pri·

292 2561 408 2646 vilegia
435 2563 621 2648 quibusdam
651 2563 810 2630 aecclesiis
840 2563 1019 2630 obtinuerit
1066 2561 1228 2629 Postremo
1257 2566 1291 2627 et
1318 2559 1398 2626 illud
1419 2561 1465 2626 ibi

293 2678 487 2767 speculatur,
512 2679 713 2767 quodetiam
736 2680 825 2745 vobis
847 2679 941 2746 modo
964 2699 1101 2766 peropus
1124 2683 1185 2744 est:
1217 2676 1372 2763 quomodo
1394 2695 1466 2743 cor·

292 2795 379 2882 poris
402 2795 451 2862 sni
472 2793 586 2879 locum,
610 2794 795 2862 coenobium
818 2795 964 2862 videlicet
986 2801 1136 2880 vestrum,
1159 2795 1411 2882 possessionibus
1433 2801 1467 2860 et

293 2912 422 2979 decimis
445 2911 633 2998 specialibus
656 2910 880 2980 sublimaverit.

383 3030 485 3097 Tanta
512 3028 610 3112 igitur
639 3030 808 3095 auotoritas
830 3029 905 3096 licet
928 3049 947 3094 a
968 3027 1128 3094 modernis
1151 3025 1338 3111 quibusdam
1360 3047 1467 3095 sacer-

294 3146 418 3212 dotibus
447 3144 641 3229 adnulletur,
672 3146 833 3228 continget
860 3151 967 3212 tamen
990 3145 1035 3210 eis
1058 3143 1091 3208 in
1114 3143 1330 3210 testimoninm
1354 3143 1467 3230 damp-

293 3261 440 3346 nationis,
464 3261 547 3346 qnod
570 3262 713 3344 seientes,
736 3262 887 3328 terminos
911 3261 1057 3345 antiquos
1080 3264 1112 3326 et
1135 3265 1314 3326 sanctorum
1336 3267 1466 3346 patrum

294 3377 420 3444 decreta
456 3397 519 3444 non
553 3375 670 3443 debere
701 3377 894 3462 transgredi,
935 3395 1134 3461 summopere
1167 3377 1465 3459 transgrediuntnr3

294 3492 383 3561 obliti
404 3493 572 3560 verborum
594 3493 737 3580 illorum,
767 3515 847 3582 quae
869 3491 1024 3559 Dominus
1047 3492 1088 3558 ad
1111 3491 1225 3559 electos
1247 3497 1392 3579 pastores
1414 3491 1468 3558 vel

295 3610 436 3677 doctores
459 3609 493 3675 in
516 3610 679 3693 euangelio
703 3611 793 3678 dicit:
820 3609 885 3692 Qui
905 3631 959 3674 cor
975 3611 1075 3690 audo,
1099 3631 1149 3675 me
1163 3611 1270 3686 audin
1294 3621 1323 3675 et
1338 3614 1397 3696 qai
1409 3631 1467 3676 voe

295 3730 425 3814 apernit,
455 3747 503 3791 me
525 3722 670 3812 maadi
705 3725 814 3810 Neque
837 3725 922 3791 enim
945 3723 1022 3791 haec
1043 3724 1140 3792 rerba
1162 3725 1201 3792 de
1227 3726 1468 3813 precedentium

295 3849 472 3930 temporum
495 3841 669 3908 rectoribus
692 3839 886 3907 solummodo
910 3841 1106 3925 dictasunt,
1130 3841 1185 3907 sed
1208 3841 1304 3908 etiam
1327 3841 1366 3908 de
1388 3841 1467 3926 illis,

296 3959 350 4046 qni
377 3978 478 4045 nsque
507 3957 548 4023 ad
575 3957 876 4024 consummationem
899 3957 996 4024 seculi
1019 3957 1203 4024 aecclesiam
1224 3963 1367 4024 sanctam
1390 3961 1469 4024 sunt

295 4073 412 4140 recturi
426 4093 490 4140 non
505 4071 703 4140 destructuri.
727 4073 809 4140 Nam
825 4073 863 4140 de
878 4071 1125 4140 destructoribus
1141 4079 1173 4141 et
1186 4073 1344 4161 perversis
1356 4079 1467 4160 pasto-

294 4189 382 4257 ribus
404 4189 559 4256 Dominus
588 4189 663 4258 alibi
692 4190 783 4258 dicit:
815 4191 857 4257 Ve
885 4191 972 4256 voce
1002 4192 1078 4278 laceb
1102 4194 1232 4278 peritia,
1263 4193 1321 4277 qui
1348 4192 1467 4257 aaut

296 4307 413 4373 olooem
439 4309 602 4390 samace,
633 4321 661 4374 et
687 4313 754 4396 spei
777 4331 842 4374 aon
863 4311 1034 4390 macnus,
1063 4330 1120 4374 aee
1142 4307 1223 4374 alios
1245 4309 1368 4374 moure
1384 4329 1466 4394 per-

367 4437 595 4509 amum
