3024 4864
297 275 325 322 s.
342 263 519 322 normann
540 275 585 322 nn
606 275 708 324 nuum
731 274 918 324 urrerem
941 274 971 322 so
1153 257 1219 324 203

66 413 199 500 pussihile
228 420 293 499 est,
327 421 438 482 nutum
464 415 582 498 lanera
611 414 973 484 assimilantem*
1002 427 1037 482 a·
1067 415 1220 500 sanguina

65 531 226 596 animarum
249 531 455 618 perditarum.

140 645 187 712 De
215 653 336 730 uetere,
365 647 464 714 irater
491 647 669 730 sanissime,
699 647 774 732 quia
798 645 890 712 nohis
913 646 1053 730 aequalis
1076 646 1165 714 labor
1188 651 1221 714 et

62 762 168 826 nesius*¹
189 762 367 848 perieulum
388 763 524 829 inminet
546 782 641 848 qnam
664 763 777 828 ueteris
806 761 1037 845 saturnalibus,
1066 763 1141 847 qnia
1166 783 1219 830 aa·

60 895 146 943 nones
169 879 293 963 antiqui
315 879 524 965 praecipiunt
547 883 583 944 nt
605 897 714 945 omnes
729 877 841 960 soient,
863 876 1140 964 metropolitanum
1156 876 1219 944 sol·

59 990 245 1060 lisitndinsm
266 993 363 1060 tetius
385 993 567 1081 provinciae
589 1013 715 1077 pereum
744 997 792 1077 et,
821 1000 858 1061 ut
879 993 967 1060 sethi
989 993 1094 1076 gratia
1115 993 1218 1060 diuam

58 1108 130 1175 utut
150 1110 259 1193 hmeo,
281 1129 394 1176 navem
417 1109 654 1194 gubernandam
677 1110 760 1175 inter
782 1107 895 1176 fluetus
917 1109 977 1176 leri
999 1109 1097 1176 maris
1121 1107 1220 1176 semel

57 1224 254 1312 suscepimus,
277 1245 371 1310 qnam
394 1245 452 1292 nse
475 1231 583 1292 cante·
606 1243 715 1308 regere
738 1241 797 1290 neo
814 1225 883 1292 sine
900 1229 1029 1310 peasatu
1044 1223 1220 1292 dimittere‘

57 1339 187 1406 ualemus
203 1375 246 1386 -
264 1342 365 1424 quim,
390 1340 442 1406 uth
466 1340 593 1426 quidam
617 1341 807 1427 sapientium
831 1340 923 1406 dicit:
948 1341 989 1408 Sl
1005 1342 1221 1428 potoalosam

56 1468 107 1536 est,
136 1479 252 1522 naemu
279 1459 362 1522 iuter
381 1459 499 1542 fluetus
522 1469 611 1522 ouate
632 1479 697 1522 aon
719 1479 841 1544 repere,
872 1469 989 1542 quanto
1007 1457 1219 1543 periculosius

56 1584 107 1651 set,
135 1595 206 1638 sam
233 1575 329 1638 meda
359 1572 607 1639 tumescentibus*
622 1574 829 1658 fluctuantes
856 1575 891 1636 in
918 1585 1096 1658 tenpestate
1121 1573 1219 1638 relies·

55 1709 140 1772 paers
161 1727 206 1737 -
232 1693 265 1754 et
285 1687 403 1754 idoirao
426 1687 567 1772 ecelesia
592 1707 671 1774 quae
694 1685 781 1754 velut
802 1687 893 1754 navis
916 1705 1110 1773 magnaper
1132 1705 1220 1754 mare

54 1803 155 1868 mundi
177 1803 274 1870 huius
297 1803 460 1888 enavigat,
491 1821 571 1888 quas
594 1803 727 1870 diversis
750 1803 995 1889 temptationum
1017 1801 1163 1870 fluetibus
1186 1803 1220 1868 in

54 1916 105 1984 hau
125 1921 193 1985 uita
217 1919 371 2002 tunditur,
394 1939 459 1984 non
474 1924 522 1986 est
537 1925 643 1986 tamen
659 1917 866 2002 relinquenda
881 1923 930 1984 sot
943 1917 1091 2002 regenda
1122 1917 1219 1986 Cuius

53 2035 92 2099 rei
112 2035 146 2100 in
169 2033 319 2121 exemplo
342 2035 464 2121 priores
487 2041 595 2122 patres
617 2033 768 2101 hahemus
783 2033 977 2100 Clementem
992 2039 1024 2100 et
1038 2033 1218 2102 Cornelium

54 2153 221 2216 stesteros
243 2148 411 2236 oonplures
437 2151 471 2216 in
500 2149 577 2216 urhe
600 2148 733 2231 Roma¹;
763 2147 957 2236 cyprianum
979 2150 1013 2216 in
1035 2147 1218 2234 Cartagin03

52 2261 256 2330 Athanasium
280 2266 314 2330 in
336 2263 547 2346 Alexandria;
575 2265 631 2350 qui
658 2264 717 2333 suh
739 2265 873 2350 paganis
895 2263 1138 2352 imperatoribus
1163 2283 1220 2332 na·

52 2397 114 2444 sem
127 2378 252 2446 Christi
275 2381 372 2447 immo
395 2381 592 2448 carissimam
615 2397 765 2466 sponsam
788 2380 866 2466 eius,
890 2380 1074 2448 assolesiam
1089 2379 1219 2465 scilieet,

52 2492 183 2561 mendo
216 2495 413 2562 defendendo
441 2495 612 2564 laborando
636 2501 670 2564 et
689 2496 850 2582 patiendo¹
872 2515 972 2581 usqne
994 2496 1035 2562 ad
1058 2495 1219 2580 sanguinis

51 2609 231 2678 allusionem
259 2611 486 2694 gubernabant.
577 2611 712 2680 Possum
740 2610 824 2680 enim
851 2611 892 2678 de
919 2616 1036 2680 memet
1062 2613 1132 2698 ipso
1160 2631 1218 2698 pra

52 2731 126 2792 uerte
149 2727 247 2792 iuxta
269 2745 377 2794 vuosm
400 2728 516 2794 aantioi
539 2729 732 2794 cantieorum
756 2728 873 2794 disere:
897 2728 980 2794 Filii
1000 2731 1111 2794 matra
1133 2749 1219 2794 ossas

49 2855 271 2927 papavereas
293 2856 403 2909 souma
425 2865 490 2922 ma·
511 2858 686 2932 posueruut
706 2853 779 2910 ose·
795 2846 951 2910 aetodem
973 2847 1008 2910 s'n
1030 2845 1145 2924 vinds,
1168 2845 1217 2908 υί-

51 2981 132 3024 neam
159 2983 269 3025 meam
295 2981 361 3024 nors
389 2961 543 3026 custodivi
551 2955 568 3024 ¹.
616 2958 717 3026 Vinea
745 2959 831 3025 enim
859 2957 1050 3025 seeundum¹¹
1078 2955 1218 3024 Naum⁰’

51 3073 236 3159 prophetam
267 3073 387 3140 domini
416 3073 556 3140 Sabauht
583 3073 694 3140 dumus
723 3073 842 3140 Israhel
870 3078 933 3156 est3
962 3093 1046 3140 nuno
1073 3071 1219 3142 videlieet

51 3188 175 3256 emlesia
198 3188 356 3256 catholiea
379 3209 448 3256 esse
470 3189 701 3276 eomprohatnr.
736 3188 834 3256 Cuius
856 3187 1012 3274 synodum
1027 3207 1218 3272 uongrsgan-

50 3301 115 3370 lam
138 3311 173 3372 et
195 3305 388 3372 hortandam
410 3306 519 3372 iussu'
546 3303 704 3392 ponafieis
727 3304 861 3372 Romani
890 3308 922 3370 et
950 3309 1079 3388 rogatuq
1100 3305 1218 3390 prinsi-

51 3438 117 3502 pun
134 3419 335 3487 Francorum
359 3425 390 3486 et
405 3419 568 3488 Gallorum
593 3419 651 3486 suh
674 3439 731 3507 spe
753 3419 991 3488 restaurandae'
1004 3419 1084 3504 legis
1100 3419 1219 3488 Christi

51 3535 176 3622 suscepi.
229 3534 437 3620 Circumfert,
466 3533 602 3604 solinum
625 3536 772 3602 stercoris
796 3535 978 3624 adportari,
1001 3535 1056 3602 sed
1078 3555 1142 3602 non
1165 3554 1219 3602 ou-

50 3650 167 3717 stodiri.
218 3649 316 3718 Gnm·
339 3658 555 3738 exspectarem
578 3656 615 3718 nt
635 3652 754 3719 feneret
776 3671 863 3734 uvas,
888 3651 963 3718 teuit
985 3656 1091 3718 antem
1112 3650 1218 3718 lahm-

51 3765 160 3848 scas‘⁸;
192 3771 229 3834 et
257 3768 347 3834 iuxta
375 3767 473 3834 alium
499 3767 701 3854 prophetam:
729 3769 917 3834 Mentimur·
940 3790 1019 3854 opas
1043 3769 1158 3849 olivas,
1191 3781 1220 3834 et

113 3958 134 3990 ι.
153 3945 176 3991 ai
195 3947 232 3999 Μ,
248 3943 295 4003 ipsi
312 3946 338 3991 C.
400 3945 422 3991 b.
442 3945 538 3992 fiuntc.
601 3956 621 3992 a.
642 3957 714 3990 sous.
727 3942 783 3990 MV.
846 3943 868 3992 d.
890 3943 962 4002 magis
975 3947 1008 3991 Μ.
1070 3960 1091 3991 e.
1110 3947 1177 3992 muto
1190 3947 1218 3992 1¹,

51 4019 200 4070 identitare
221 4024 249 4078 V,
265 4024 306 4082 Sp.
379 4037 400 4082 g.
419 4023 449 4070 Et
463 4024 517 4084 quis
534 4027 561 4070 c.
630 4023 654 4068 h.
674 4025 700 4070 ut
715 4039 757 4068 oss.
775 4026 801 4070 c.
870 4023 886 4070 i.
908 4037 935 4070 aa
951 4023 1124 4074 mundissimum
1139 4038 1218 4072 esaan-

51 4100 103 4149 hhus
120 4104 155 4160 V,·
170 4102 382 4150 intnnrmentibns
397 4105 438 4162 Sp.
499 4101 522 4148 k.
538 4102 640 4150 Bonum
654 4104 695 4161 sp.
757 4103 773 4149 l.
788 4102 897 4161 patiendo
915 4107 949 4150 M.
1010 4117 1041 4150 m.
1056 4118 1092 4152 ms
1108 4121 1151 4152 om.
1161 4105 1218 4152 MV.

51 4193 71 4226 ι
88 4195 140 4230 κω
157 4185 188 4230 7.
266 4197 289 4228 o.
310 4199 353 4229 osu.
369 4185 410 4242 Sp.
484 4195 507 4243 p.
528 4183 585 4232 inssi
601 4183 659 4230 MV.
735 4195 757 4242 q.
778 4183 857 4240 rogata
872 4185 907 4228 Μ.
981 4197 999 4229 r.
1019 4183 1162 4232 restaurandi
1177 4186 1217 4243 Sp.

52 4271 69 4306 s.
85 4260 140 4320 Quia
154 4277 210 4311 enm
227 4263 268 4322 Sp.
347 4264 365 4309 t.
385 4261 490 4310 labrnoas
508 4264 536 4310 V.
612 4277 635 4308 n.
655 4262 793 4310 mentientur
810 4262 867 4318 er,
882 4263 923 4321 Sp.

116 4368 139 4422 1.
163 4365 248 4423 cant.
261 4367 360 4424 anso.
374 4367 399 4437 1,
411 4369 437 4424 u.
527 4368 553 4424 a.
576 4365 819 4438 moneamus.
908 4365 934 4421 s.
958 4365 1021 4422 nur.
1035 4365 1099 4435 us.

1282 423 1335 480 748

1235 499 1290 558 post
1296 496 1381 544 uam
