<?xml version="1.0" encoding="UTF-8"?>
<!DOCTYPE html PUBLIC "-//W3C//DTD XHTML 1.0 Transitional//EN"
    "http://www.w3.org/TR/xhtml1/DTD/xhtml1-transitional.dtd">
<html xmlns="http://www.w3.org/1999/xhtml" xml:lang="en" lang="en">
 <head>
  <title>
</title>
<meta http-equiv="Content-Type" content="text/html;charset=utf-8" />
  <meta name='ocr-system' content='tesseract 3.04.00' />
  <meta name='ocr-capabilities' content='ocr_page ocr_carea ocr_par ocr_line ocrx_word'/>
</head>
<body>
  <div class='ocr_page' id='page_1' title='image "./bibliothecareru03jaffgoog_0361.png"; bbox 0 0 3110 4844; ppageno 0'>
   <div class='ocr_carea' id='block_1_1' title="bbox 445 277 1272 346">
    <p class='ocr_par' dir='ltr' id='par_1_1' title="bbox 445 277 1272 346">
     <span class='ocr_line' id='line_1_1' title="bbox 445 277 1272 346; baseline 0.007 -6"><span class='ocrx_word' id='word_1_1' title='bbox 445 291 631 340; x_wconf 76' lang='lat' dir='ltr'>nersnonan</span> <span class='ocrx_word' id='word_1_2' title='bbox 652 293 881 342; x_wconf 73' lang='lat' dir='ltr'>aeconomus</span> <span class='ocrx_word' id='word_1_3' title='bbox 904 295 934 341; x_wconf 84' lang='lat' dir='ltr'>os</span> <span class='ocrx_word' id='word_1_4' title='bbox 1206 277 1272 346; x_wconf 76' lang='lat'>343</span> 
     </span>
    </p>
   </div>
   <div class='ocr_carea' id='block_1_2' title="bbox 104 433 1433 3423">
    <p class='ocr_par' dir='ltr' id='par_1_2' title="bbox 109 433 1433 754">
     <span class='ocr_line' id='line_1_2' title="bbox 111 433 1433 504; baseline 0.002 -3"><span class='ocrx_word' id='word_1_5' title='bbox 111 433 266 502; x_wconf 76' lang='lat' dir='ltr'>ordinibus</span> <span class='ocrx_word' id='word_1_6' title='bbox 299 439 332 501; x_wconf 84' lang='lat' dir='ltr'>et</span> <span class='ocrx_word' id='word_1_7' title='bbox 364 435 638 502; x_wconf 74' lang='lat' dir='ltr'>distributionibus</span> <span class='ocrx_word' id='word_1_8' title='bbox 670 454 794 504; x_wconf 87' lang='lat' dir='ltr'>sacram</span> <span class='ocrx_word' id='word_1_9' title='bbox 822 436 1048 504; x_wconf 83' lang='lat' dir='ltr'>ordinaverunt</span> <span class='ocrx_word' id='word_1_10' title='bbox 1074 435 1272 504; x_wconf 83' lang='lat' dir='ltr'>ierarchiam.</span> <span class='ocrx_word' id='word_1_11' title='bbox 1291 447 1433 504; x_wconf 74' lang='lat' dir='ltr'>aet-tot</span> 
     </span>
     <span class='ocr_line' id='line_1_3' title="bbox 109 550 1274 639; baseline 0.002 -21"><span class='ocrx_word' id='word_1_12' title='bbox 109 550 185 618; x_wconf 89' lang='lat' dir='ltr'>Nam</span> <span class='ocrx_word' id='word_1_13' title='bbox 201 556 236 618; x_wconf 90' lang='lat' dir='ltr'>et</span> <span class='ocrx_word' id='word_1_14' title='bbox 254 551 441 634; x_wconf 72' lang='lat' dir='ltr'><strong>sacerdotes,</strong></span> <span class='ocrx_word' id='word_1_15' title='bbox 465 551 619 638; x_wconf 90' lang='lat' dir='ltr'>templum</span> <span class='ocrx_word' id='word_1_16' title='bbox 634 551 763 618; x_wconf 71' lang='lat' dir='ltr'>inlicitis</span> <span class='ocrx_word' id='word_1_17' title='bbox 779 550 943 635; x_wconf 76' lang='lat' dir='ltr'>violantes,</span> <span class='ocrx_word' id='word_1_18' title='bbox 966 571 1029 618; x_wconf 90' lang='lat' dir='ltr'>non</span> <span class='ocrx_word' id='word_1_19' title='bbox 1046 553 1085 620; x_wconf 89' lang='lat' dir='ltr'>ab</span> <span class='ocrx_word' id='word_1_20' title='bbox 1095 551 1163 620; x_wconf 84' lang='lat' dir='ltr'>elio</span> <span class='ocrx_word' id='word_1_21' title='bbox 1179 573 1274 639; x_wconf 92' lang='lat' dir='ltr'>quam</span> 
     </span>
     <span class='ocr_line' id='line_1_4' title="bbox 110 665 1159 754; baseline 0.002 -21"><span class='ocrx_word' id='word_1_22' title='bbox 110 667 146 734; x_wconf 92' lang='lat' dir='ltr'>ab</span> <span class='ocrx_word' id='word_1_23' title='bbox 166 667 237 754; x_wconf 84' lang='lat' dir='ltr'>ipso</span> <span class='ocrx_word' id='word_1_24' title='bbox 260 667 412 752; x_wconf 89' lang='lat' dir='ltr'>Domino,</span> <span class='ocrx_word' id='word_1_25' title='bbox 435 665 559 750; x_wconf 80' lang='lat' dir='ltr'>degello</span> <span class='ocrx_word' id='word_1_26' title='bbox 582 667 622 734; x_wconf 92' lang='lat' dir='ltr'>de</span> <span class='ocrx_word' id='word_1_27' title='bbox 643 666 792 734; x_wconf 82' lang='lat' dir='ltr'>funiculis</span> <span class='ocrx_word' id='word_1_28' title='bbox 815 666 915 752; x_wconf 84' lang='lat' dir='ltr'>fecto,</span> <span class='ocrx_word' id='word_1_29' title='bbox 939 668 1133 736; x_wconf 87' lang='lat' dir='ltr'>eiciebantur</span> <span class='ocrx_word' id='word_1_30' title='bbox 1141 665 1159 735; x_wconf 84' lang='lat'>¹.</span> 
     </span>
    </p>

    <p class='ocr_par' dir='ltr' id='par_1_3' title="bbox 106 783 1275 1217">
     <span class='ocr_line' id='line_1_5' title="bbox 193 783 1275 870; baseline 0.002 -20"><span class='ocrx_word' id='word_1_31' title='bbox 193 783 286 850; x_wconf 90' lang='lat' dir='ltr'>Nunc</span> <span class='ocrx_word' id='word_1_32' title='bbox 314 803 390 850; x_wconf 82' lang='lat' dir='ltr'>vero</span> <span class='ocrx_word' id='word_1_33' title='bbox 417 803 481 850; x_wconf 92' lang='lat' dir='ltr'>non</span> <span class='ocrx_word' id='word_1_34' title='bbox 510 783 613 858; x_wconf 84' lang='lat' dir='ltr'>solum</span> <span class='ocrx_word' id='word_1_35' title='bbox 642 803 662 848; x_wconf 90' lang='lat' dir='ltr'>a</span> <span class='ocrx_word' id='word_1_36' title='bbox 688 783 778 850; x_wconf 89' lang='lat' dir='ltr'>laicis</span> <span class='ocrx_word' id='word_1_37' title='bbox 801 783 858 850; x_wconf 90' lang='lat' dir='ltr'>sed</span> <span class='ocrx_word' id='word_1_38' title='bbox 880 803 900 849; x_wconf 90' lang='lat' dir='ltr'>a</span> <span class='ocrx_word' id='word_1_39' title='bbox 922 783 1115 870; x_wconf 89' lang='lat' dir='ltr'>quibusque,</span> <span class='ocrx_word' id='word_1_40' title='bbox 1143 784 1275 852; x_wconf 77' lang='lat' dir='ltr'>infamia</span> 
     </span>
     <span class='ocr_line' id='line_1_6' title="bbox 107 899 1274 987; baseline 0.002 -21"><span class='ocrx_word' id='word_1_41' title='bbox 107 919 162 987; x_wconf 94' lang='lat' dir='ltr'>pro</span> <span class='ocrx_word' id='word_1_42' title='bbox 186 899 356 967; x_wconf 75' lang='lat' dir='ltr'>sceleribus</span> <span class='ocrx_word' id='word_1_43' title='bbox 379 899 504 986; x_wconf 88' lang='lat' dir='ltr'>publice</span> <span class='ocrx_word' id='word_1_44' title='bbox 518 899 646 983; x_wconf 85' lang='lat' dir='ltr'>notatis,</span> <span class='ocrx_word' id='word_1_45' title='bbox 669 899 922 983; x_wconf 88' lang='lat' dir='ltr'>incriminantur‚</span> <span class='ocrx_word' id='word_1_46' title='bbox 945 899 1147 985; x_wconf 79' lang='lat' dir='ltr'>damnantur,</span> <span class='ocrx_word' id='word_1_47' title='bbox 1170 905 1274 968; x_wconf 86' lang='lat' dir='ltr'>custo·</span> 
     </span>
     <span class='ocr_line' id='line_1_7' title="bbox 108 1014 1274 1103; baseline 0.001 -21"><span class='ocrx_word' id='word_1_48' title='bbox 108 1017 175 1084; x_wconf 87' lang='lat' dir='ltr'>diae</span> <span class='ocrx_word' id='word_1_49' title='bbox 198 1015 367 1083; x_wconf 87' lang='lat' dir='ltr'>traduntur</span> <span class='ocrx_word' id='word_1_50' title='bbox 389 1035 426 1081; x_wconf 83' lang='lat' dir='ltr'>ao</span> <span class='ocrx_word' id='word_1_51' title='bbox 448 1019 620 1102; x_wconf 89' lang='lat' dir='ltr'>postremo,</span> <span class='ocrx_word' id='word_1_52' title='bbox 644 1015 789 1082; x_wconf 89' lang='lat' dir='ltr'>omnibus</span> <span class='ocrx_word' id='word_1_53' title='bbox 810 1014 905 1082; x_wconf 88' lang='lat' dir='ltr'>rebus</span> <span class='ocrx_word' id='word_1_54' title='bbox 928 1015 1062 1102; x_wconf 82' lang='lat' dir='ltr'>privatis</span> <span class='ocrx_word' id='word_1_55' title='bbox 1085 1021 1117 1082; x_wconf 90' lang='lat' dir='ltr'>et</span> <span class='ocrx_word' id='word_1_56' title='bbox 1139 1015 1274 1103; x_wconf 80' lang='lat' dir='ltr'>publicis</span> 
     </span>
     <span class='ocr_line' id='line_1_8' title="bbox 106 1132 503 1217; baseline -0.003 -19"><span class='ocrx_word' id='word_1_57' title='bbox 106 1133 270 1217; x_wconf 86' lang='lat' dir='ltr'>denudati,</span> <span class='ocrx_word' id='word_1_58' title='bbox 293 1132 503 1215; x_wconf 79' lang='lat' dir='ltr'>exagitantur.</span> 
     </span>
    </p>

    <p class='ocr_par' dir='ltr' id='par_1_4' title="bbox 104 1245 1277 2031">
     <span class='ocr_line' id='line_1_9' title="bbox 195 1245 1275 1330; baseline 0.003 -17"><span class='ocrx_word' id='word_1_59' title='bbox 195 1246 257 1314; x_wconf 88' lang='lat' dir='ltr'>Sed</span> <span class='ocrx_word' id='word_1_60' title='bbox 284 1267 347 1314; x_wconf 93' lang='lat' dir='ltr'>non</span> <span class='ocrx_word' id='word_1_61' title='bbox 376 1247 508 1330; x_wconf 89' lang='lat' dir='ltr'>mirum,</span> <span class='ocrx_word' id='word_1_62' title='bbox 542 1265 618 1312; x_wconf 85' lang='lat' dir='ltr'>vera</span> <span class='ocrx_word' id='word_1_63' title='bbox 646 1247 750 1314; x_wconf 89' lang='lat' dir='ltr'>dicere</span> <span class='ocrx_word' id='word_1_64' title='bbox 778 1245 955 1314; x_wconf 84' lang='lat' dir='ltr'>Christum:</span> <span class='ocrx_word' id='word_1_65' title='bbox 991 1248 1067 1314; x_wconf 80' lang='lat' dir='ltr'>Non</span> <span class='ocrx_word' id='word_1_66' title='bbox 1097 1262 1140 1316; x_wconf 83' lang='lat' dir='ltr'>esc</span> <span class='ocrx_word' id='word_1_67' title='bbox 1168 1273 1275 1316; x_wconf 74' lang='lat' dir='ltr'>eornm</span> 
     </span>
     <span class='ocr_line' id='line_1_10' title="bbox 106 1361 1273 1452; baseline 0.002 -22"><span class='ocrx_word' id='word_1_68' title='bbox 106 1369 210 1430; x_wconf 81' lang='lat' dir='ltr'>maior</span> <span class='ocrx_word' id='word_1_69' title='bbox 232 1367 359 1430; x_wconf 78' lang='lat' dir='ltr'>doooioo</span> <span class='ocrx_word' id='word_1_70' title='bbox 381 1386 457 1442; x_wconf 80' lang='lat' dir='ltr'>auo‚·</span> <span class='ocrx_word' id='word_1_71' title='bbox 479 1367 510 1429; x_wconf 82' lang='lat' dir='ltr'>ei</span> <span class='ocrx_word' id='word_1_72' title='bbox 529 1385 578 1429; x_wconf 80' lang='lat' dir='ltr'>oce</span> <span class='ocrx_word' id='word_1_73' title='bbox 596 1369 755 1452; x_wconf 76' lang='lat' dir='ltr'>persecuti</span> <span class='ocrx_word' id='word_1_74' title='bbox 775 1377 864 1445; x_wconf 80' lang='lat' dir='ltr'>suot,</span> <span class='ocrx_word' id='word_1_75' title='bbox 896 1377 923 1430; x_wconf 83' lang='lat' dir='ltr'>et</span> <span class='ocrx_word' id='word_1_76' title='bbox 945 1385 999 1429; x_wconf 84' lang='lat' dir='ltr'>voa</span> <span class='ocrx_word' id='word_1_77' title='bbox 1018 1361 1273 1452; x_wconf 75' lang='lat' dir='ltr'>persequeretur&#39;.</span> 
     </span>
     <span class='ocr_line' id='line_1_11' title="bbox 107 1479 1276 1567; baseline 0.002 -21"><span class='ocrx_word' id='word_1_78' title='bbox 107 1479 311 1546; x_wconf 83' lang='lat' dir='ltr'>ldultifariam</span> <span class='ocrx_word' id='word_1_79' title='bbox 341 1480 425 1546; x_wconf 90' lang='lat' dir='ltr'>enim</span> <span class='ocrx_word' id='word_1_80' title='bbox 453 1479 487 1544; x_wconf 94' lang='lat' dir='ltr'>in</span> <span class='ocrx_word' id='word_1_81' title='bbox 516 1480 717 1567; x_wconf 78' lang='lat' dir='ltr'>agiographis</span> <span class='ocrx_word' id='word_1_82' title='bbox 746 1485 779 1546; x_wconf 90' lang='lat' dir='ltr'>et</span> <span class='ocrx_word' id='word_1_83' title='bbox 805 1479 988 1564; x_wconf 77' lang='lat' dir='ltr'>theologicis</span> <span class='ocrx_word' id='word_1_84' title='bbox 1018 1500 1204 1567; x_wconf 87' lang='lat' dir='ltr'>expressum</span> <span class='ocrx_word' id='word_1_85' title='bbox 1227 1487 1276 1548; x_wconf 86' lang='lat' dir='ltr'>est</span> 
     </span>
     <span class='ocr_line' id='line_1_12' title="bbox 106 1595 1275 1682; baseline 0.001 -20"><span class='ocrx_word' id='word_1_86' title='bbox 106 1595 144 1662; x_wconf 92' lang='lat' dir='ltr'>de</span> <span class='ocrx_word' id='word_1_87' title='bbox 166 1596 246 1679; x_wconf 85' lang='lat' dir='ltr'>his·,</span> <span class='ocrx_word' id='word_1_88' title='bbox 274 1595 409 1681; x_wconf 86' lang='lat' dir='ltr'>qualiter</span> <span class='ocrx_word' id='word_1_89' title='bbox 437 1595 501 1661; x_wconf 88' lang='lat' dir='ltr'>iam</span> <span class='ocrx_word' id='word_1_90' title='bbox 524 1615 661 1682; x_wconf 84' lang='lat' dir='ltr'>superno</span> <span class='ocrx_word' id='word_1_91' title='bbox 683 1601 793 1662; x_wconf 89' lang='lat' dir='ltr'>nostra</span> <span class='ocrx_word' id='word_1_92' title='bbox 814 1595 1013 1662; x_wconf 80' lang='lat' dir='ltr'>consimilate</span> <span class='ocrx_word' id='word_1_93' title='bbox 1035 1602 1068 1663; x_wconf 92' lang='lat' dir='ltr'>et</span> <span class='ocrx_word' id='word_1_94' title='bbox 1089 1597 1179 1663; x_wconf 82' lang='lat' dir='ltr'>unito</span> <span class='ocrx_word' id='word_1_95' title='bbox 1201 1616 1275 1664; x_wconf 89' lang='lat' dir='ltr'>con·</span> 
     </span>
     <span class='ocr_line' id='line_1_13' title="bbox 105 1710 1275 1797; baseline 0 -18"><span class='ocrx_word' id='word_1_96' title='bbox 105 1719 168 1780; x_wconf 87' lang='lat' dir='ltr'>stat</span> <span class='ocrx_word' id='word_1_97' title='bbox 190 1711 354 1778; x_wconf 83' lang='lat' dir='ltr'>ierarchia</span> <span class='ocrx_word' id='word_1_98' title='bbox 390 1710 474 1779; x_wconf 87' lang='lat' dir='ltr'>Vera</span> <span class='ocrx_word' id='word_1_99' title='bbox 496 1715 545 1778; x_wconf 90' lang='lat' dir='ltr'>est</span> <span class='ocrx_word' id='word_1_100' title='bbox 567 1711 722 1796; x_wconf 88' lang='lat' dir='ltr'>siquidem</span> <span class='ocrx_word' id='word_1_101' title='bbox 743 1713 834 1778; x_wconf 78' lang='lat' dir='ltr'>iuxta</span> <span class='ocrx_word' id='word_1_102' title='bbox 847 1711 949 1795; x_wconf 84' lang='lat' dir='ltr'>legem</span> <span class='ocrx_word' id='word_1_103' title='bbox 964 1712 1129 1796; x_wconf 84' lang='lat' dir='ltr'>ierarchia,</span> <span class='ocrx_word' id='word_1_104' title='bbox 1153 1713 1275 1797; x_wconf 79' lang='lat' dir='ltr'>Ouium,</span> 
     </span>
     <span class='ocr_line' id='line_1_14' title="bbox 105 1823 1277 1915; baseline -0.001 -20"><span class='ocrx_word' id='word_1_105' title='bbox 105 1829 179 1915; x_wconf 93' lang='lat' dir='ltr'>quia</span> <span class='ocrx_word' id='word_1_106' title='bbox 202 1828 301 1894; x_wconf 84' lang='lat' dir='ltr'>sacris</span> <span class='ocrx_word' id='word_1_107' title='bbox 328 1847 404 1894; x_wconf 93' lang='lat' dir='ltr'>usus</span> <span class='ocrx_word' id='word_1_108' title='bbox 433 1833 498 1911; x_wconf 85' lang='lat' dir='ltr'>est,</span> <span class='ocrx_word' id='word_1_109' title='bbox 522 1823 652 1911; x_wconf 79' lang='lat' dir='ltr'>Chore³,</span> <span class='ocrx_word' id='word_1_110' title='bbox 680 1829 755 1914; x_wconf 89' lang='lat' dir='ltr'>quia</span> <span class='ocrx_word' id='word_1_111' title='bbox 777 1847 874 1914; x_wconf 86' lang='lat' dir='ltr'>supra</span> <span class='ocrx_word' id='word_1_112' title='bbox 902 1846 936 1894; x_wconf 90' lang='lat' dir='ltr'>se</span> <span class='ocrx_word' id='word_1_113' title='bbox 965 1827 1078 1912; x_wconf 82' lang='lat' dir='ltr'>saonis,</span> <span class='ocrx_word' id='word_1_114' title='bbox 1109 1826 1221 1914; x_wconf 87' lang='lat' dir='ltr'>Nadap</span> <span class='ocrx_word' id='word_1_115' title='bbox 1244 1833 1277 1894; x_wconf 89' lang='lat' dir='ltr'>et</span> 
     </span>
     <span class='ocr_line' id='line_1_15' title="bbox 104 1943 1093 2031; baseline -0.003 -19"><span class='ocrx_word' id='word_1_116' title='bbox 104 1943 239 2028; x_wconf 87' lang='lat' dir='ltr'>Abiud⁴,</span> <span class='ocrx_word' id='word_1_117' title='bbox 263 1943 338 2029; x_wconf 90' lang='lat' dir='ltr'>quia</span> <span class='ocrx_word' id='word_1_118' title='bbox 359 1944 498 2030; x_wconf 89' lang='lat' dir='ltr'>propriis</span> <span class='ocrx_word' id='word_1_119' title='bbox 519 1945 650 2031; x_wconf 85' lang='lat' dir='ltr'>profane</span> <span class='ocrx_word' id='word_1_120' title='bbox 673 1943 763 2010; x_wconf 86' lang='lat' dir='ltr'>abusi</span> <span class='ocrx_word' id='word_1_121' title='bbox 786 1949 874 2026; x_wconf 85' lang='lat' dir='ltr'>sunt,</span> <span class='ocrx_word' id='word_1_122' title='bbox 899 1943 1093 2010; x_wconf 83' lang='lat' dir='ltr'>subvertens.</span> 
     </span>
    </p>

    <p class='ocr_par' dir='ltr' id='par_1_5' title="bbox 264 2057 1186 2486">
     <span class='ocr_line' id='line_1_16' title="bbox 264 2057 1034 2146; baseline -0.001 -21"><span class='ocrx_word' id='word_1_123' title='bbox 264 2057 392 2125; x_wconf 85' lang='lat' dir='ltr'>Etiam</span> <span class='ocrx_word' id='word_1_124' title='bbox 414 2059 567 2127; x_wconf 81' lang='lat' dir='ltr'>lassatum</span> <span class='ocrx_word' id='word_1_125' title='bbox 589 2065 716 2145; x_wconf 89' lang='lat' dir='ltr'>tempus</span> <span class='ocrx_word' id='word_1_126' title='bbox 738 2059 894 2146; x_wconf 85' lang='lat' dir='ltr'>deponere</span> <span class='ocrx_word' id='word_1_127' title='bbox 917 2059 1034 2126; x_wconf 88' lang='lat' dir='ltr'>stilum.</span> 
     </span>
     <span class='ocr_line' id='line_1_17' title="bbox 265 2173 1103 2262; baseline -0.001 -20"><span class='ocrx_word' id='word_1_128' title='bbox 265 2173 405 2242; x_wconf 86' lang='lat' dir='ltr'>Pectoris</span> <span class='ocrx_word' id='word_1_129' title='bbox 430 2173 507 2243; x_wconf 81' lang='lat' dir='ltr'>boec</span> <span class='ocrx_word' id='word_1_130' title='bbox 529 2182 620 2243; x_wconf 92' lang='lat' dir='ltr'>antro</span> <span class='ocrx_word' id='word_1_131' title='bbox 643 2173 767 2262; x_wconf 87' lang='lat' dir='ltr'>placeat</span> <span class='ocrx_word' id='word_1_132' title='bbox 789 2173 974 2242; x_wconf 86' lang='lat' dir='ltr'>concludere</span> <span class='ocrx_word' id='word_1_133' title='bbox 997 2193 1103 2242; x_wconf 85' lang='lat' dir='ltr'>sacro:</span> 
     </span>
     <span class='ocr_line' id='line_1_18' title="bbox 266 2290 1186 2376; baseline 0 -18"><span class='ocrx_word' id='word_1_134' title='bbox 266 2291 336 2358; x_wconf 91' lang='lat' dir='ltr'>Non</span> <span class='ocrx_word' id='word_1_135' title='bbox 359 2299 467 2358; x_wconf 86' lang='lat' dir='ltr'>manet</span> <span class='ocrx_word' id='word_1_136' title='bbox 489 2293 522 2358; x_wconf 92' lang='lat' dir='ltr'>in</span> <span class='ocrx_word' id='word_1_137' title='bbox 545 2293 639 2360; x_wconf 89' lang='lat' dir='ltr'>rebus</span> <span class='ocrx_word' id='word_1_138' title='bbox 661 2291 824 2358; x_wconf 90' lang='lat' dir='ltr'>hominum</span> <span class='ocrx_word' id='word_1_139' title='bbox 847 2291 981 2360; x_wconf 88' lang='lat' dir='ltr'>sublime</span> <span class='ocrx_word' id='word_1_140' title='bbox 1003 2291 1054 2358; x_wconf 85' lang='lat' dir='ltr'>vel</span> <span class='ocrx_word' id='word_1_141' title='bbox 1076 2290 1186 2376; x_wconf 63' lang='lat' dir='ltr'>altum,</span> 
     </span>
     <span class='ocr_line' id='line_1_19' title="bbox 265 2407 1092 2486; baseline 0.001 -13"><span class='ocrx_word' id='word_1_142' title='bbox 265 2407 355 2486; x_wconf 83' lang='lat' dir='ltr'>Quod</span> <span class='ocrx_word' id='word_1_143' title='bbox 376 2408 438 2474; x_wconf 91' lang='lat' dir='ltr'>cito</span> <span class='ocrx_word' id='word_1_144' title='bbox 461 2428 524 2475; x_wconf 92' lang='lat' dir='ltr'>non</span> <span class='ocrx_word' id='word_1_145' title='bbox 546 2407 652 2474; x_wconf 89' lang='lat' dir='ltr'>valeat</span> <span class='ocrx_word' id='word_1_146' title='bbox 673 2407 786 2475; x_wconf 78' lang='lat' dir='ltr'>fallens</span> <span class='ocrx_word' id='word_1_147' title='bbox 808 2408 936 2476; x_wconf 83' lang='lat' dir='ltr'>fortuna</span> <span class='ocrx_word' id='word_1_148' title='bbox 957 2427 1092 2475; x_wconf 84' lang='lat' dir='ltr'>movere.</span> 
     </span>
    </p>

    <p class='ocr_par' dir='ltr' id='par_1_6' title="bbox 266 2523 1184 2727">
     <span class='ocr_line' id='line_1_20' title="bbox 266 2523 1184 2592; baseline 0.001 -2"><span class='ocrx_word' id='word_1_149' title='bbox 266 2523 310 2590; x_wconf 89' lang='lat' dir='ltr'>Te</span> <span class='ocrx_word' id='word_1_150' title='bbox 332 2523 427 2590; x_wconf 90' lang='lat' dir='ltr'>Pater</span> <span class='ocrx_word' id='word_1_151' title='bbox 448 2531 480 2590; x_wconf 91' lang='lat' dir='ltr'>et</span> <span class='ocrx_word' id='word_1_152' title='bbox 501 2525 602 2591; x_wconf 88' lang='lat' dir='ltr'>Natus</span> <span class='ocrx_word' id='word_1_153' title='bbox 625 2530 729 2590; x_wconf 84' lang='lat' dir='ltr'>servet</span> <span class='ocrx_word' id='word_1_154' title='bbox 751 2545 823 2591; x_wconf 88' lang='lat' dir='ltr'>oum</span> <span class='ocrx_word' id='word_1_155' title='bbox 845 2523 1017 2592; x_wconf 89' lang='lat' dir='ltr'>Pneumate</span> <span class='ocrx_word' id='word_1_156' title='bbox 1039 2523 1184 2591; x_wconf 83' lang='lat' dir='ltr'>Christus</span> 
     </span>
     <span class='ocr_line' id='line_1_21' title="bbox 267 2639 1101 2727; baseline 0 -21"><span class='ocrx_word' id='word_1_157' title='bbox 267 2639 310 2706; x_wconf 89' lang='lat' dir='ltr'>Et</span> <span class='ocrx_word' id='word_1_158' title='bbox 331 2645 404 2727; x_wconf 90' lang='lat' dir='ltr'>post</span> <span class='ocrx_word' id='word_1_159' title='bbox 426 2641 506 2708; x_wconf 92' lang='lat' dir='ltr'>hanc</span> <span class='ocrx_word' id='word_1_160' title='bbox 529 2642 627 2706; x_wconf 81' lang='lat' dir='ltr'>vitam</span> <span class='ocrx_word' id='word_1_161' title='bbox 650 2640 769 2707; x_wconf 87' lang='lat' dir='ltr'>tribuat</span> <span class='ocrx_word' id='word_1_162' title='bbox 791 2641 860 2708; x_wconf 88' lang='lat' dir='ltr'>siue</span> <span class='ocrx_word' id='word_1_163' title='bbox 882 2639 944 2708; x_wconf 88' lang='lat' dir='ltr'>fine</span> <span class='ocrx_word' id='word_1_164' title='bbox 967 2641 1101 2708; x_wconf 84' lang='lat' dir='ltr'>beatam.</span> 
     </span>
    </p>

    <p class='ocr_par' dir='ltr' id='par_1_7' title="bbox 265 2755 1181 3307">
     <span class='ocr_line' id='line_1_22' title="bbox 265 2755 1181 2841; baseline 0.001 -19"><span class='ocrx_word' id='word_1_165' title='bbox 265 2755 309 2822; x_wconf 89' lang='lat' dir='ltr'>Et</span> <span class='ocrx_word' id='word_1_166' title='bbox 330 2777 452 2823; x_wconf 90' lang='lat' dir='ltr'>memor</span> <span class='ocrx_word' id='word_1_167' title='bbox 475 2777 543 2823; x_wconf 88' lang='lat' dir='ltr'>osse</span> <span class='ocrx_word' id='word_1_168' title='bbox 565 2756 660 2823; x_wconf 84' lang='lat' dir='ltr'>uelis:</span> <span class='ocrx_word' id='word_1_169' title='bbox 684 2756 759 2841; x_wconf 94' lang='lat' dir='ltr'>quid</span> <span class='ocrx_word' id='word_1_170' title='bbox 783 2757 837 2839; x_wconf 87' lang='lat' dir='ltr'>sis,</span> <span class='ocrx_word' id='word_1_171' title='bbox 862 2757 938 2841; x_wconf 91' lang='lat' dir='ltr'>quid</span> <span class='ocrx_word' id='word_1_172' title='bbox 959 2757 1020 2824; x_wconf 90' lang='lat' dir='ltr'>rite</span> <span class='ocrx_word' id='word_1_173' title='bbox 1042 2756 1181 2839; x_wconf 81' lang='lat' dir='ltr'>voceris3</span> 
     </span>
     <span class='ocr_line' id='line_1_23' title="bbox 266 2871 1148 2960; baseline -0.001 -21"><span class='ocrx_word' id='word_1_174' title='bbox 266 2871 420 2960; x_wconf 86' lang='lat' dir='ltr'>Tempore</span> <span class='ocrx_word' id='word_1_175' title='bbox 443 2892 505 2939; x_wconf 93' lang='lat' dir='ltr'>non</span> <span class='ocrx_word' id='word_1_176' title='bbox 527 2872 621 2957; x_wconf 81' lang='lat' dir='ltr'>longo</span> <span class='ocrx_word' id='word_1_177' title='bbox 643 2873 783 2939; x_wconf 84' lang='lat' dir='ltr'>fumeum</span> <span class='ocrx_word' id='word_1_178' title='bbox 807 2872 978 2940; x_wconf 88' lang='lat' dir='ltr'>subsistere</span> <span class='ocrx_word' id='word_1_179' title='bbox 1001 2873 1148 2940; x_wconf 85' lang='lat' dir='ltr'>saeclum.</span> 
     </span>
     <span class='ocr_line' id='line_1_24' title="bbox 265 2987 1144 3076; baseline -0.002 -20"><span class='ocrx_word' id='word_1_180' title='bbox 265 2989 438 3056; x_wconf 82' lang='lat' dir='ltr'>Terrenum</span> <span class='ocrx_word' id='word_1_181' title='bbox 460 2989 629 3075; x_wconf 89' lang='lat' dir='ltr'>imperium</span> <span class='ocrx_word' id='word_1_182' title='bbox 652 2988 744 3054; x_wconf 86' lang='lat' dir='ltr'>citius</span> <span class='ocrx_word' id='word_1_183' title='bbox 768 2989 842 3074; x_wconf 93' lang='lat' dir='ltr'>quia</span> <span class='ocrx_word' id='word_1_184' title='bbox 864 2987 1144 3076; x_wconf 65' lang='lat' dir='ltr'>dispertienduml,</span> 
     </span>
     <span class='ocr_line' id='line_1_25' title="bbox 265 3105 1083 3190; baseline 0 -18"><span class='ocrx_word' id='word_1_185' title='bbox 265 3105 375 3185; x_wconf 82' lang='lat' dir='ltr'>Qualis</span> <span class='ocrx_word' id='word_1_186' title='bbox 397 3106 454 3190; x_wconf 88' lang='lat' dir='ltr'>sit,</span> <span class='ocrx_word' id='word_1_187' title='bbox 477 3105 595 3188; x_wconf 78' lang='lat' dir='ltr'>rogito,</span> <span class='ocrx_word' id='word_1_188' title='bbox 620 3123 745 3190; x_wconf 87' lang='lat' dir='ltr'>semper</span> <span class='ocrx_word' id='word_1_189' title='bbox 765 3105 893 3172; x_wconf 76' lang='lat' dir='ltr'>lomuna</span> <span class='ocrx_word' id='word_1_190' title='bbox 914 3110 1083 3190; x_wconf 89' lang='lat' dir='ltr'>memento,</span> 
     </span>
     <span class='ocr_line' id='line_1_26' title="bbox 265 3221 1065 3307; baseline -0.004 -18"><span class='ocrx_word' id='word_1_191' title='bbox 265 3223 372 3307; x_wconf 86' lang='lat' dir='ltr'>Atque</span> <span class='ocrx_word' id='word_1_192' title='bbox 394 3221 457 3288; x_wconf 90' lang='lat' dir='ltr'>mei</span> <span class='ocrx_word' id='word_1_193' title='bbox 480 3241 609 3288; x_wconf 81' lang='lat' dir='ltr'>causam</span> <span class='ocrx_word' id='word_1_194' title='bbox 632 3221 744 3286; x_wconf 90' lang='lat' dir='ltr'>tuimet</span> <span class='ocrx_word' id='word_1_195' title='bbox 766 3225 892 3307; x_wconf 89' lang='lat' dir='ltr'>sperato</span> <span class='ocrx_word' id='word_1_196' title='bbox 916 3221 1065 3289; x_wconf 84' lang='lat' dir='ltr'>futuram</span> 
     </span>
    </p>

    <p class='ocr_par' dir='ltr' id='par_1_8' title="bbox 266 3336 1119 3423">
     <span class='ocr_line' id='line_1_27' title="bbox 266 3336 1119 3423; baseline 0 -19"><span class='ocrx_word' id='word_1_197' title='bbox 266 3337 336 3405; x_wconf 89' lang='lat' dir='ltr'>Non</span> <span class='ocrx_word' id='word_1_198' title='bbox 359 3338 462 3404; x_wconf 82' lang='lat' dir='ltr'>mines</span> <span class='ocrx_word' id='word_1_199' title='bbox 485 3338 578 3404; x_wconf 88' lang='lat' dir='ltr'>dioto.</span> <span class='ocrx_word' id='word_1_200' title='bbox 626 3336 752 3403; x_wconf 80' lang='lat' dir='ltr'>Tuimet</span> <span class='ocrx_word' id='word_1_201' title='bbox 771 3337 990 3421; x_wconf 86' lang='lat' dir='ltr'>reminiscere,</span> <span class='ocrx_word' id='word_1_202' title='bbox 1012 3355 1119 3423; x_wconf 84' lang='lat' dir='ltr'>posco,</span> 
     </span>
    </p>
   </div>
   <div class='ocr_carea' id='block_1_3' title="bbox 266 3451 1193 4121">
    <p class='ocr_par' dir='ltr' id='par_1_9' title="bbox 266 3451 1058 3653">
     <span class='ocr_line' id='line_1_28' title="bbox 266 3451 1058 3546; baseline -0.001 -26"><span class='ocrx_word' id='word_1_203' title='bbox 266 3453 309 3520; x_wconf 88' lang='lat' dir='ltr'>Et</span> <span class='ocrx_word' id='word_1_204' title='bbox 330 3454 458 3520; x_wconf 86' lang='lat' dir='ltr'>fortuna</span> <span class='ocrx_word' id='word_1_205' title='bbox 478 3453 585 3546; x_wconf 80' lang='lat' dir='ltr'>ridens</span> <span class='ocrx_word' id='word_1_206' title='bbox 609 3452 735 3539; x_wconf 86' lang='lat' dir='ltr'>quentis</span> <span class='ocrx_word' id='word_1_207' title='bbox 758 3451 917 3539; x_wconf 89' lang='lat' dir='ltr'>subrepsit</span> <span class='ocrx_word' id='word_1_208' title='bbox 939 3453 1058 3535; x_wconf 82' lang='lat' dir='ltr'>herois3</span> 
     </span>
     <span class='ocr_line' id='line_1_29' title="bbox 267 3568 980 3653; baseline 0 -17"><span class='ocrx_word' id='word_1_209' title='bbox 267 3569 459 3636; x_wconf 86' lang='lat' dir='ltr'>Promittens</span> <span class='ocrx_word' id='word_1_210' title='bbox 482 3569 561 3653; x_wconf 82' lang='lat' dir='ltr'>elta,</span> <span class='ocrx_word' id='word_1_211' title='bbox 586 3568 690 3635; x_wconf 90' lang='lat' dir='ltr'>subito</span> <span class='ocrx_word' id='word_1_212' title='bbox 713 3568 828 3635; x_wconf 90' lang='lat' dir='ltr'>deiecit</span> <span class='ocrx_word' id='word_1_213' title='bbox 849 3568 883 3634; x_wconf 95' lang='lat' dir='ltr'>in</span> <span class='ocrx_word' id='word_1_214' title='bbox 905 3568 980 3636; x_wconf 90' lang='lat' dir='ltr'>ima.</span> 
     </span>
    </p>

    <p class='ocr_par' dir='ltr' id='par_1_10' title="bbox 266 3685 1193 4003">
     <span class='ocr_line' id='line_1_30' title="bbox 266 3685 1134 3770; baseline 0 -18"><span class='ocrx_word' id='word_1_215' title='bbox 266 3685 338 3752; x_wconf 88' lang='lat' dir='ltr'>Non</span> <span class='ocrx_word' id='word_1_216' title='bbox 360 3685 469 3751; x_wconf 90' lang='lat' dir='ltr'>credas</span> <span class='ocrx_word' id='word_1_217' title='bbox 492 3705 609 3752; x_wconf 84' lang='lat' dir='ltr'>uanum</span> <span class='ocrx_word' id='word_1_218' title='bbox 631 3685 787 3770; x_wconf 90' lang='lat' dir='ltr'>totiesque</span> <span class='ocrx_word' id='word_1_219' title='bbox 808 3704 971 3753; x_wconf 87' lang='lat' dir='ltr'>recurrere</span> <span class='ocrx_word' id='word_1_220' title='bbox 992 3705 1134 3767; x_wconf 79' lang='lat' dir='ltr'>versum3</span> 
     </span>
     <span class='ocr_line' id='line_1_31' title="bbox 269 3800 1193 3888; baseline 0 -20"><span class='ocrx_word' id='word_1_221' title='bbox 269 3801 401 3888; x_wconf 88' lang='lat' dir='ltr'>Saepius</span> <span class='ocrx_word' id='word_1_222' title='bbox 424 3801 501 3868; x_wconf 89' lang='lat' dir='ltr'>haec</span> <span class='ocrx_word' id='word_1_223' title='bbox 524 3800 665 3885; x_wconf 84' lang='lat' dir='ltr'>relegens</span> <span class='ocrx_word' id='word_1_224' title='bbox 689 3802 804 3868; x_wconf 87' lang='lat' dir='ltr'>iterum</span> <span class='ocrx_word' id='word_1_225' title='bbox 827 3802 1004 3887; x_wconf 88' lang='lat' dir='ltr'>iterumque</span> <span class='ocrx_word' id='word_1_226' title='bbox 1027 3802 1193 3870; x_wconf 88' lang='lat' dir='ltr'>monebo·:</span> 
     </span>
     <span class='ocr_line' id='line_1_32' title="bbox 267 3915 1059 4003; baseline -0.001 -19"><span class='ocrx_word' id='word_1_227' title='bbox 267 3919 337 3984; x_wconf 88' lang='lat' dir='ltr'>Nou</span> <span class='ocrx_word' id='word_1_228' title='bbox 360 3917 453 3983; x_wconf 90' lang='lat' dir='ltr'>modo</span> <span class='ocrx_word' id='word_1_229' title='bbox 475 3917 634 3983; x_wconf 80' lang='lat' dir='ltr'>fortunam</span> <span class='ocrx_word' id='word_1_230' title='bbox 656 3916 736 3984; x_wconf 93' lang='lat' dir='ltr'>nulli</span> <span class='ocrx_word' id='word_1_231' title='bbox 759 3917 930 3984; x_wconf 87' lang='lat' dir='ltr'>subsistere</span> <span class='ocrx_word' id='word_1_232' title='bbox 953 3915 1059 4003; x_wconf 84' lang='lat' dir='ltr'>fidam,</span> 
     </span>
    </p>

    <p class='ocr_par' dir='ltr' id='par_1_11' title="bbox 268 4032 1193 4121">
     <span class='ocr_line' id='line_1_33' title="bbox 268 4032 1193 4121; baseline 0.002 -21"><span class='ocrx_word' id='word_1_233' title='bbox 268 4033 330 4100; x_wconf 88' lang='lat' dir='ltr'>Sed</span> <span class='ocrx_word' id='word_1_234' title='bbox 353 4034 502 4121; x_wconf 88' lang='lat' dir='ltr'>despecta</span> <span class='ocrx_word' id='word_1_235' title='bbox 523 4032 605 4117; x_wconf 89' lang='lat' dir='ltr'>Deo,</span> <span class='ocrx_word' id='word_1_236' title='bbox 630 4053 710 4118; x_wconf 91' lang='lat' dir='ltr'>quae</span> <span class='ocrx_word' id='word_1_237' title='bbox 733 4039 808 4100; x_wconf 91' lang='lat' dir='ltr'>sunt</span> <span class='ocrx_word' id='word_1_238' title='bbox 829 4034 1046 4121; x_wconf 84' lang='lat' dir='ltr'>placidissima</span> <span class='ocrx_word' id='word_1_239' title='bbox 1067 4035 1193 4102; x_wconf 92' lang='lat' dir='ltr'>mundo.</span> 
     </span>
    </p>
   </div>
   <div class='ocr_carea' id='block_1_4' title="bbox 102 4210 1277 4352">
    <p class='ocr_par' dir='ltr' id='par_1_12' title="bbox 102 4210 1277 4352">
     <span class='ocr_line' id='line_1_34' title="bbox 179 4210 1277 4274; baseline 0.003 -15"><span class='ocrx_word' id='word_1_240' title='bbox 179 4227 199 4259; x_wconf 81' lang='lat' dir='ltr'>a</span> <span class='ocrx_word' id='word_1_241' title='bbox 224 4211 293 4260; x_wconf 80' lang='lat' dir='ltr'>deltis</span> <span class='ocrx_word' id='word_1_242' title='bbox 310 4215 337 4262; x_wconf 82' lang='lat' dir='ltr'>c.</span> <span class='ocrx_word' id='word_1_243' title='bbox 414 4211 436 4258; x_wconf 90' lang='lat' dir='ltr'>b.</span> <span class='ocrx_word' id='word_1_244' title='bbox 460 4210 637 4272; x_wconf 84' lang='lat' dir='ltr'>disperdendum</span> <span class='ocrx_word' id='word_1_245' title='bbox 655 4214 681 4260; x_wconf 82' lang='lat' dir='ltr'>C.</span> <span class='ocrx_word' id='word_1_246' title='bbox 759 4225 780 4260; x_wconf 86' lang='lat' dir='ltr'>e.</span> <span class='ocrx_word' id='word_1_247' title='bbox 801 4216 901 4274; x_wconf 63' lang='lat' dir='ltr'>sequtus</span> <span class='ocrx_word' id='word_1_248' title='bbox 921 4217 944 4260; x_wconf 81' lang='grc' dir='ltr'><strong>ι’11</strong></span> <span class='ocrx_word' id='word_1_249' title='bbox 965 4214 1017 4261; x_wconf 79' lang='lat' dir='ltr'>eod.</span> <span class='ocrx_word' id='word_1_250' title='bbox 1033 4217 1109 4260; x_wconf 69' lang='lat' dir='ltr'>bem</span> <span class='ocrx_word' id='word_1_251' title='bbox 1129 4230 1206 4262; x_wconf 66' lang='lat' dir='ltr'>uaeas</span> <span class='ocrx_word' id='word_1_252' title='bbox 1226 4215 1277 4262; x_wconf 66' lang='lat' dir='ltr'>to:</span> 
     </span>
     <span class='ocr_line' id='line_1_35' title="bbox 102 4292 726 4352; baseline -0.002 -12"><span class='ocrx_word' id='word_1_253' title='bbox 102 4293 156 4340; x_wconf 81' lang='lat' dir='ltr'>tlon</span> <span class='ocrx_word' id='word_1_254' title='bbox 174 4292 254 4340; x_wconf 80' lang='lat' dir='ltr'>credas</span> <span class='ocrx_word' id='word_1_255' title='bbox 270 4305 352 4340; x_wconf 84' lang='lat' dir='ltr'>vanum</span> <span class='ocrx_word' id='word_1_256' title='bbox 367 4293 481 4352; x_wconf 81' lang='lat' dir='ltr'>totiesque</span> <span class='ocrx_word' id='word_1_257' title='bbox 497 4305 612 4338; x_wconf 79' lang='lat' dir='ltr'>recurrere</span> <span class='ocrx_word' id='word_1_258' title='bbox 627 4303 726 4339; x_wconf 81' lang='lat' dir='ltr'>sorsum.</span> 
     </span>
    </p>
   </div>
   <div class='ocr_carea' id='block_1_5' title="bbox 181 4393 1274 4470">
    <p class='ocr_par' dir='ltr' id='par_1_13' title="bbox 181 4393 1274 4470">
     <span class='ocr_line' id='line_1_36' title="bbox 181 4393 1274 4470; baseline 0.004 -18"><span class='ocrx_word' id='word_1_259' title='bbox 181 4398 204 4452; x_wconf 95' lang='lat'>1.</span> <span class='ocrx_word' id='word_1_260' title='bbox 223 4395 319 4466; x_wconf 78' lang='grc'><strong>11111,</strong></span> <span class='ocrx_word' id='word_1_261' title='bbox 334 4397 375 4452; x_wconf 85' lang='lat'>15.</span> <span class='ocrx_word' id='word_1_262' title='bbox 448 4398 473 4452; x_wconf 82' lang='lat' dir='ltr'>n.</span> <span class='ocrx_word' id='word_1_263' title='bbox 492 4393 550 4451; x_wconf 88' lang='lat' dir='ltr'>10o.</span> <span class='ocrx_word' id='word_1_264' title='bbox 565 4395 606 4467; x_wconf 85' lang='lat'>15,</span> <span class='ocrx_word' id='word_1_265' title='bbox 619 4397 662 4451; x_wconf 81' lang='lat' dir='ltr'>ao.</span> <span class='ocrx_word' id='word_1_266' title='bbox 735 4397 760 4452; x_wconf 86' lang='lat' dir='ltr'>s.</span> <span class='ocrx_word' id='word_1_267' title='bbox 779 4395 814 4453; x_wconf 91' lang='lat' dir='ltr'>v.</span> <span class='ocrx_word' id='word_1_268' title='bbox 827 4395 906 4452; x_wconf 81' lang='grc'><strong>111111.</strong></span> <span class='ocrx_word' id='word_1_269' title='bbox 922 4397 964 4451; x_wconf 89' lang='lat' dir='ltr'>1o.</span> <span class='ocrx_word' id='word_1_270' title='bbox 1031 4397 1057 4453; x_wconf 84' lang='lat'>4.</span> <span class='ocrx_word' id='word_1_271' title='bbox 1076 4397 1274 4470; x_wconf 68' lang='grc'><strong>1111111111</strong></span> 
     </span>
    </p>
   </div>
   <div class='ocr_carea' id='block_1_6' title="bbox 0 0 1562 4844">
    <p class='ocr_par' dir='ltr' id='par_1_14' title="bbox 0 0 1562 4844">
     <span class='ocr_line' id='line_1_37' title="bbox 0 0 1562 4844; baseline 0 0"><span class='ocrx_word' id='word_1_272' title='bbox 0 0 1562 4844; x_wconf 95' lang='lat' dir='ltr'> </span> 
     </span>
    </p>
   </div>
  </div>
 </body>
</html>
