3024 4864
268 293 296 342 s.
313 293 489 342 somsrrr
509 296 554 342 nr
576 293 889 344 immansurum
915 295 946 343 oo
1114 277 1193 346 ·189

57 437 141 498 sentos
160 433 207 500 sni
227 433 263 500 in
285 453 416 521 corpore
438 441 546 502 nostro
569 436 738 503 manifesta
759 434 824 520 liat,
849 435 931 503 sicut
952 455 1009 522 per
1031 436 1098 502 eins
1114 435 1193 502 divi-

54 569 109 614 nem
128 548 258 616 edocati·
281 571 389 618 sumus
412 551 556 618 vocoml:
587 553 692 634 Beati,
718 557 775 638 qai
791 555 1040 640 persecutionem
1057 556 1191 638 patiun-

53 677 93 729 tur
105 678 227 752 propter·
248 670 412 749 iustitiam,
437 671 588 754 quoniam
611 673 754 755 ipsoram
777 682 820 733 eet
842 679 989 756 repaum‘
1008 669 1164 733 coeloram
1173 663 1191 732 ¹.

52 777 172 846 Coniorta
193 781 301 866 itaque
324 787 356 849 et
377 782 598 850 dilectissimos
620 783 711 850 nohis
735 803 843 850 omncs
866 782 1056 850 orthodoxos
1072 783 1193 869 episco-

50 915 94 980 pos
112 901 140 961 et
159 897 335 964 sacerdotes
359 904 452 984 atque
474 898 587 966 levitas
617 899 667 966 vol
696 899 840 982 clericos,
871 898 1035 982 religiosos
1063 899 1192 965 abbates

51 1013 268 1097 stmonochos,
303 1033 359 1080 sen
392 1014 634 1098 gloriosissimos
669 1014 763 1081 duces
801 1019 991 1098 cunctosque
1026 1015 1193 1100 optimates

49 1125 212 1194 hristianae
233 1128 312 1212 legis
335 1135 529 1197 servatores:
552 1135 590 1197 ut
610 1130 719 1197 nobisl
743 1131 808 1196 sint
830 1130 988 1196 adiutores
1012 1134 1122 1196 contra
1137 1129 1193 1196 ad·

49 1244 177 1309 renones
199 1244 393 1313 orthodoxae
414 1245 490 1313 iidai
510 1267 681 1332 omnesque
702 1245 856 1312 hereticos
872 1251 966 1331 atque
982 1247 1192 1326 scismaticos3

48 1363 174 1440 thous
202 1365 235 1426 et
262 1361 326 1447 ipsi
354 1361 392 1428 de
419 1362 526 1428 fructu
553 1361 628 1429 honi
651 1362 756 1450 operis
784 1362 921 1446 gaudere
949 1365 1130 1426 mercantur
1160 1361 1194 1426 in

46 1473 208 1542 celestibus
231 1478 347 1562 regnis,
370 1478 451 1544 sicut
473 1479 627 1565 scriptum
650 1483 713 1546 cst:
740 1477 805 1559 Qui
826 1482 944 1560 uicerit,
960 1479 1088 1563 faciam
1103 1478 1194 1542 illam

47 1590 198 1658 chunone
222 1597 257 1658 ia
279 1596 391 1681 templo
414 1617 492 1676 oceo,
517 1608 546 1660 et
568 1595 703 1660 cauam
718 1617 815 1680 super
829 1595 920 1659 illum
936 1617 1049 1660 nomen
1064 1587 1194 1659 mmm’.

114 1706 194 1774 lnter
218 1728 257 1774 ca
279 1709 407 1796 scripsit
427 1710 600 1776 reverenda
614 1709 796 1776 fraternitas
814 1714 878 1793 tue7
901 1711 1080 1796 repperisse
1097 1727 1194 1793 quen·

45 1819 101 1886 dnm
119 1824 328 1909 presbiterum
351 1845 465 1909 genere
489 1825 646 1910 Scottum,
669 1825 797 1892 nomine
815 1823 970 1911 Sampson,
996 1829 1152 1891 errantem
1176 1845 1195 1890 a

44 1936 83 2000 riu
101 1940 249 2024 remmus,
272 1941 428 2008 dicentem
451 1947 483 2008 et
505 1940 739 2008 adfirmantem:
765 1940 849 2026 quod
870 1941 938 2006 sine
954 1941 1129 2007 misterica·
1145 1941 1194 2006 in-

42 2055 183 2123 secutione
207 2061 265 2122 aut
284 2057 410 2123 lavacro
433 2057 679 2141 regenerationis
702 2076 796 2143 posse
818 2055 887 2122 lieri
910 2056 1098 2122 catholicum
1113 2055 1195 2122 chri·

43 2167 159 2236 manum
191 2193 253 2259 per
280 2173 468 2260 episcopalis
495 2193 608 2239 manns
637 2173 871 2258 inpositionem.
919 2171 980 2239 Hic
1007 2177 1112 2238 entem
1141 2171 1195 2255 qni

43 2281 110 2367 dor
130 2307 250 2354 vacuus
275 2295 323 2356 est
339 2289 460 2376 Spiritu
483 2295 591 2356 sancto
609 2293 642 2355 et
658 2289 778 2355 alienus
796 2307 815 2354 a
830 2288 933 2371 gratia
948 2287 1077 2371 Christi,
1102 2293 1195 2372 atque

42 2405 220 2471 consortio
244 2405 432 2472 sacerdotali
462 2405 653 2472 abiciendus.
700 2403 776 2482 Quis
800 2404 900 2489 enim,
930 2405 993 2470 nisi
1015 2404 1194 2491 baptizetur

42 2514 111 2584 ina
130 2527 337 2608 praeceptum
361 2521 489 2588 Domini
514 2521 549 2587 in
571 2521 699 2588 nomine
721 2519 825 2586 Patris
849 2527 882 2586 ot
904 2519 978 2586 Filii
1000 2526 1033 2586 et
1056 2518 1194 2607 Spiritus

41 2629 138 2700 arod·
165 2641 198 2704 st
223 2637 270 2703 sic
292 2657 350 2724 por
371 2657 483 2705 marrus
506 2637 729 2724 inpositionem
753 2642 968 2720 consecretur,
999 2642 1195 2722 potestesse

41 2749 212 2820 catholiam?
243 2753 336 2820 Hunc
364 2754 590 2838 nequissimum
619 2753 738 2837 virum,
768 2751 847 2818 talia
873 2752 1126 2838 praedicantem,
1155 2751 1194 2818 ab

41 2865 169 2934 colaia
190 2869 257 2936 Dei
279 2875 389 2935 sancta
410 2869 673 2956 condempnatum
697 2868 829 2956 expelle.

110 2983 181 3052 lllos
210 2988 319 3052 summ
341 2985 427 3051 viros
451 3021 490 3032 -
516 2984 615 3070 quod¹
638 2985 677 3051 ab
705 2984 852 3051 hereticis
880 2983 1034 3070 baptizati
1062 2988 1136 3050 snut
1163 2989 1195 3052 et

40 3093 160 3166 atam
184 3105 289 3169 tonet:
313 3101 396 3186 qnod
418 3101 453 3166 in
474 3101 602 3168 nomine
616 3100 721 3166 Patris
744 3104 777 3166 et
798 3099 872 3166 Filii
892 3105 924 3166 et
940 3099 1077 3186 Spiritus
1093 3100 1195 3166 sancti

39 3231 87 3278 ron
106 3223 178 3284 sunt
200 3218 359 3304 baptizati
382 3253 425 3262 -
448 3217 601 3301 inquisita
622 3217 670 3282 rei
691 3216 842 3300 veritate,
866 3215 894 3282 si
918 3215 957 3282 ah
981 3217 1121 3282 erroneis
1144 3235 1194 3282 sa-

39 3329 196 3400 cerdotibus
228 3333 382 3420 baptizati
411 3339 500 3416 sunt,
530 3333 588 3399 hos
616 3333 684 3400 sine
707 3331 801 3398 dnbio
824 3333 916 3398 iuxta
943 3331 1194 3418 praedecessoris

39 3448 120 3513 nosti
151 3449 249 3518 heato
282 3449 452 3516 momoriae
482 3447 626 3532 Gregorii
653 3467 756 3535 papae
792 3453 824 3514 et
851 3467 1011 3514 sacrorum
1039 3466 1194 3514 canonum

37 3563 170 3632 tadum
193 3565 257 3633 tibi
278 3565 462 3632 mandatum
485 3565 618 3652 implore
640 3584 703 3630 non
726 3565 869 3648 omittas,
899 3583 939 3630 ne
967 3563 1002 3628 in
1031 3569 1194 3630 aeternum

38 3689 150 3761 pereant
172 3683 232 3748 sed
255 3681 361 3770 potius
384 3681 567 3765 euangelica
588 3680 822 3747 consecratione
844 3678 1016 3746 salventur.

107 3797 220 3865 Intniti
244 3803 350 3864 autem
373 3817 481 3864 sumus
505 3803 537 3864 et
559 3796 721 3880 volumen,
751 3817 771 3863 a
799 3801 831 3862 te
863 3795 1017 3864 directum
1039 3796 1194 3864 universis

39 3909 174 4000 cphcopis
199 3913 388 4002 presbiteris
411 3913 594 3980 diaconibus
617 3912 668 3979 vol
691 3913 804 3980 ceteris
827 3911 1008 3995 religiosam
1023 3913 1123 3978 vitam
1141 3912 1194 3979 de·

39 4028 180 4114 gentihus,
211 4030 252 4098 de
283 4031 405 4098 unitate
427 4029 500 4096 fidei
523 4029 711 4113 catholicae,
735 4035 767 4095 et
788 4027 966 4094 doctrinam
989 4028 1193 4115 apostolicam

96 4219 115 4252 r.
134 4225 190 4254 corr.
208 4211 234 4255 r'n
249 4207 341 4254 adnati
358 4211 384 4256 C.
454 4207 476 4253 h.
496 4207 574 4254 divina
593 4229 618 4238 -
635 4219 691 4253 roco
708 4209 743 4253 lli.
809 4217 829 4252 c.
851 4217 929 4264 regunr
945 4207 980 4251 Μ.
1047 4205 1070 4251 d.
1085 4205 1151 4252 robis
1168 4207 1194 4252 C.

40 4291 119 4334 cm,
133 4290 155 4334 tr
171 4288 272 4348 mystica
288 4290 314 4336 C.
393 4285 410 4334 i.
433 4305 491 4334 corr.
506 4291 529 4334 tn
545 4287 584 4346 qni
601 4289 627 4334 C.

97 4391 119 4444 1.
140 4391 241 4447 man.
251 4393 277 4464 s,
290 4394 334 4448 10.
425 4389 685 4461 2.Apocu1.3,1e.
775 4391 800 4444 s.
824 4388 977 4460 necrus,
991 4388 1034 4443 rc.

1222 443 1274 498 748

1211 517 1264 564 hlei.
1273 517 1286 564 1
