3144 4852
296 239 362 306 664
499 259 580 304 vura
603 256 757 304 nnuonor
779 254 1041 304 nnoumnrsoosr
1062 253 1259 304 uocuuruu
1293 217 1298 226 ⁸

198 407 269 462 1160
295 399 350 466 illo
374 419 408 466 sc
429 404 538 486 posset
561 398 762 480 abscondere,
785 403 911 464 erat-
928 396 1084 482 quendam
1106 396 1299 480 ministrum,
1321 395 1373 462 cui
1395 395 1463 482 plu·

188 481 236 528 ¹⁰²
249 481 279 528 ²⁴
295 515 412 582 rimum
435 513 624 581 reverendus
647 513 813 600 episcopus
836 511 1028 595 confidebat,
1054 513 1175 578 concite
1197 517 1270 598 post
1290 511 1396 597 ipsum
1418 511 1464 576 di-

295 631 388 698 raxit.
423 629 467 698 Et
490 630 692 718 progrediens
715 649 816 714 usque
838 629 880 696 ad
894 630 1006 696 ianuas
1021 629 1216 712 monasterii,
1239 628 1389 709 deintus,
1412 627 1464 694 ubi

295 747 424 832 Petrus,
448 747 503 814 ubi
526 745 583 812 lilii
605 744 760 829 illengoti,
783 745 836 811 ubi
860 745 907 810 illi
930 751 1045 829 essent,
1068 744 1295 812 sciscitabatur.
1328 741 1465 808 Etcum

295 861 418 928 nullum
451 881 639 949 responsum
672 861 841 947 reciperet,
876 860 978 926 multa
1009 880 1080 926 cum
1109 860 1329 926 miseratione·
1357 879 1466 925 omues

296 976 511 1064 supplicabat,
541 983 578 1043 ut
606 977 732 1043 domino
762 996 818 1042 suo
845 977 1078 1044 misererentur.
1114 975 1177 1042 Sed
1199 995 1270 1042 cum
1293 974 1340 1040 nil
1362 973 1466 1041 verbis

295 1091 472 1180 proliceret,
494 1093 620 1158 intuens
644 1092 859 1159 obvolutiones
874 1091 1071 1159 flammarum
1088 1097 1120 1158 et
1133 1089 1378 1158 monasteriumb
1394 1111 1467 1176 pas-

297 1209 358 1274 sim
388 1207 509 1274 calora⁸
533 1209 615 1292 ignis
643 1208 819 1292 tabescere,
849 1209 974 1276 cuidam
998 1229 1036 1276 ex
1059 1205 1202 1275 hostibus
1225 1208 1388 1274 dextoram
1411 1206 1467 1272 da·

296 1323 360 1390 bat
396 1322 466 1408 Qui,
489 1343 562 1390 oum
585 1324 655 1390 aliis
679 1325 918 1392 condomesticis
942 1325 1007 1390 suia
1029 1344 1086 1411 per
1103 1323 1295 1410 captivitatis
1315 1322 1467 1389 addictio·

297 1459 370 1506 nem
393 1445 555 1528 receptus,
584 1441 683 1508 oblita
704 1440 781 1526 fide,
812 1441 852 1508 ad
874 1441 1036 1508 domiuum
1061 1459 1151 1506 suum
1176 1439 1312 1526 amplius
1333 1458 1398 1505 uon
1420 1445 1469 1504 est

296 1575 453 1622 reversus.

386 1670 449 1738 Sed
478 1691 550 1738 cum
578 1679 611 1740 et
636 1672 738 1742 hrruc⁴¹
762 1695 818 1760 per
847 1673 985 1758 aliquam
1012 1673 1121 1740 horam
1145 1671 1278 1738 domnus
1301 1671 1468 1758 episcopus

297 1786 450 1854 sollicitus
479 1789 672 1875 operiretur,
700 1795 733 1856 ot
761 1808 918 1874 nusquam
940 1793 1152 1874 compareret,
1180 1788 1336 1874 quendam
1359 1808 1470 1854 mona·

297 1903 407 1988 chum,
433 1903 596 1988 abbatem,
620 1905 766 1971 adiciam
794 1925 874 1992 opus
896 1905 1088 1986 bonomiait3
1117 1925 1232 1988 magno
1255 1925 1326 1970 cum
1349 1905 1470 1988 gemitu

298 2020 420 2102 dicens3
448 2021 474 2087 O
483 2023 578 2104 fides,
604 2045 621 2087 o
629 2023 722 2104 fides,
747 2023 803 2086 obi
818 2021 869 2086 ea?
935 2019 1043 2087 Abbac
1067 2026 1171 2088 autern
1195 2019 1328 2088 viriliter
1351 2025 1385 2086 et
1401 2020 1470 2087 sine

296 2141 385 2203 metu
406 2136 445 2202 ad
469 2136 541 2203 illos
565 2157 784 2223 prorumpens,
806 2137 996 2220 legationem
1019 2136 1138 2203 domini
1160 2136 1211 2202 sui
1232 2157 1290 2222 pro
1305 2157 1399 2222 posse
1414 2157 1469 2202 ex·

297 2253 434 2319 contioni
458 2253 646 2335 mandabat;
671 2252 832 2320 obtestans
848 2258 880 2318 et
895 2252 1062 2318 coniurans
1078 2251 1159 2318 filios
1174 2251 1313 2335 Mangoti
1328 2272 1470 2318 omnem·

298 2389 357 2453 que
379 2367 625 2452 multitudinem,
648 2369 731 2454 quod
746 2389 805 2456 pro
822 2367 1000 2434 reverentia
1014 2367 1134 2434 domini
1149 2369 1249 2434 nostri
1264 2366 1334 2434 Iesu
1350 2367 1470 2434 Christi

298 2482 470 2552 ethonore
493 2504 549 2550 suo
573 2490 605 2550 et
627 2486 725 2552 totius
748 2485 886 2552 civitatis
909 2483 1057 2550 domnum
1083 2485 1265 2572 episcopum
1282 2483 1402 2550 vellent
1419 2505 1470 2550 re-

299 2602 406 2688 cipcre
429 2601 601 2688 captivum,
625 2605 657 2667 et
680 2621 745 2666 non
768 2621 838 2666 eum
863 2601 1014 2685 occidero,
1038 2600 1094 2668 sed
1116 2607 1181 2668 tam
1204 2601 1258 2667 diu
1280 2601 1313 2666 in
1337 2601 1470 2688 captivi-

299 2722 366 2786 tate
388 2716 520 2801 habere,
551 2717 650 2784 donec
673 2719 718 2784 eis
741 2716 937 2784 satisfaceret
957 2718 1048 2784 iuxta
1069 2717 1263 2784 voluntatem
1285 2723 1318 2784 et
1338 2738 1470 2804 pracep-

298 2839 366 2900 tum
390 2853 507 2900 corum.
544 2831 605 2899 Sed
629 2838 662 2899 at
676 2834 746 2920 ipso
763 2833 1010 2917 hecloquente⁸,
1035 2833 1243 2902 acclamantes
1259 2854 1382 2900 omnes:
1407 2835 1471 2900 Iste

299 2963 344 3016 eat
371 2973 453 3016 unua
482 2973 520 3014 ec
542 2950 607 3014 illac
630 2951 854 3036 deceptoribus,
878 2949 1039 3015 irruerunt
1059 2950 1093 3015 in
1117 2969 1204 3034 eum,
1231 2954 1264 3015 et
1286 2949 1387 3034 plagis
1410 2949 1470 3015 im-

298 3064 448 3154 petitum‘
475 3063 659 3150 flagrisque,
689 3085 873 3132 mucronum
900 3065 1173 3132 animadversum⁸
1193 3065 1391 3148 verberibus,
1419 3085 1470 3132 sc-

298 3182 449 3248 mivirum
479 3182 681 3268 proiecerunt
709 3182 812 3268 ipsum
842 3183 875 3248 in
903 3179 1046 3247 vinculis.
1088 3181 1141 3248 Sic
1168 3202 1242 3266 orgo
1271 3201 1329 3248 uec
1354 3182 1470 3248 istum*

299 3297 432 3364 domnus
461 3297 645 3383 episcopus,
674 3298 708 3364 in
738 3297 875 3364 exitialia
904 3317 1004 3381 agone
1033 3298 1214 3364 certaminis
1237 3299 1372 3384 positus,
1403 3317 1470 3364 am·

298 3411 382 3499 plius
405 3411 493 3478 vidit.

388 3526 488 3611 Igitur
510 3548 582 3594 cum
605 3533 637 3594 et
658 3529 741 3594 hunc
760 3528 953 3614 aliquamdiu
969 3567 1011 3576 —
1028 3530 1199 3597 secundum
1216 3531 1298 3615 quod
1312 3531 1469 3598 inminens

299 3643 373 3711 loci*
396 3645 542 3732 permisit
569 3645 764 3730 incendium,
793 3645 902 3712 dolens
931 3650 963 3712 et
984 3650 1103 3712 mestus
1126 3651 1163 3712 ut
1184 3646 1292 3730 homo,
1320 3647 1371 3712 cui
1394 3647 1470 3712 rici·

300 3760 450 3826 nissimus
479 3760 596 3846 duplex
625 3762 688 3828 iam
717 3783 798 3847 pene
821 3761 1022 3828 incumbebat
1043 3761 1191 3828 interitus
1213 3797 1255 3808 —·
1278 3768 1468 3848 expectaret,

301 3877 464 3963 suspicans
487 3875 577 3943 illum
601 3877 705 3962 aliquo
728 3877 821 3945 modo
843 3879 1049 3965 impeditum
1080 3885 1205 3945 etcum
1228 3878 1398 3946 cructantis
1420 3879 1469 3945 iu·

299 3991 541 4078 frementisquek
555 3994 692 4060 incendii
716 3994 755 4059 ad
778 3995 879 4061 instar
892 3992 997 4061 Etbne
1017 3995 1133 4060 montis
1149 3994 1347 4062 vehementia
1361 4015 1469 4060 omnes

372 4139 394 4172 a.
414 4126 486 4172 multa
501 4128 696 4174 commiseratione
713 4129 734 4174 2.
801 4127 823 4174 b.
843 4129 974 4174 monasterii
991 4130 1012 4174 1.
1079 4141 1098 4174 c
1119 4128 1189 4175 odoro
1206 4131 1227 4186 1,
1244 4130 1266 4174 2.
1328 4128 1351 4174 d.
1372 4129 1396 4174 ci
1409 4127 1469 4175 banc

301 4209 385 4266 cm'pu'
396 4223 439 4264 pro
455 4205 516 4252 hunc
532 4208 556 4253 ot
571 4209 593 4264 1,
610 4209 632 4253 1.
700 4222 719 4253 a.
740 4207 790 4267 ipsc
804 4229 828 4239 -
841 4207 937 4266 loquens
954 4209 975 4265 1,
991 4208 1042 4267 ipso
1057 4229 1081 4238 -
1094 4206 1202 4268 loquente
1218 4209 1240 4254 2.
1306 4207 1322 4254 f.
1343 4208 1468 4268 impetitum

301 4288 385 4345 scripsi
396 4303 439 4344 pro
455 4285 568 4345 impositio
586 4289 607 4343 1,
624 4289 646 4332 i.
706 4301 726 4346 g.
749 4287 919 4333 ωἰωιᾱνοηιιε
936 4289 956 4333 1.
1012 4287 1035 4333 h.
1056 4288 1130 4348 ipsum
1147 4289 1169 4334 1.
1224 4287 1305 4334 ituci
1322 4291 1343 4335 1.
1397 4287 1420 4334 k
1435 4288 1467 4334 iu-

300 4363 464 4424 ir'rngantisquc
481 4367 503 4411 1.
