3090 4848
287 254 352 320 150
533 272 560 319 s.
577 271 753 318 aeunnrrr
774 271 819 318 ur
841 270 943 318 cucur
965 269 1151 318 armachan
1174 270 1203 318 ur

196 419 249 474 rc
374 411 456 479 uam
479 411 519 479 aa
540 411 596 479 1110
619 411 766 480 emmer
787 411 867 478 ruso
890 410 1048 498 episcopo,
1070 386 1165 496 quam
1187 409 1351 478 urnu-
1365 409 1442 476 aab

178 491 266 540 Μ
286 529 381 595 terati
409 527 515 594 clerici
544 533 576 594 et
602 528 778 595 homicidae
805 526 889 594 filius
915 527 950 592 in
979 526 1132 594 adulterio
1159 531 1253 594 natus
1281 531 1314 593 et
1336 526 1444 611 absque

286 643 453 730 disciplina
475 644 629 728 nutritus,
658 651 691 712 et
712 648 818 710 cetera
840 643 924 710 mala
946 648 978 710 et
999 641 1177 727 horribilia,
1207 663 1288 728 quac
1309 663 1367 729 per
1389 643 1444 708 siu·

284 759 360 844 gula
388 761 559 844 enarrasti,
591 779 628 826 ac
654 779 712 847 per
740 759 799 827 hoc
821 765 854 826 et
876 759 925 826 sui
948 757 1067 826 similes
1090 758 1269 826 sacerdotes
1292 777 1445 825 consecra·

284 875 388 942 uit-
406 876 445 941 de
467 875 536 958 hoc,
559 875 705 942 meminit
725 880 782 942 tua
802 874 975 942 reverenda
996 875 1189 958 fraternitas,
1212 875 1303 959 quia⁸
1318 873 1377 940 tibi
1391 874 1447 939 iam

285 991 406 1058 vicibus
436 991 636 1078 scripsimus:
668 995 703 1058 ut
724 991 830 1058 nullus
853 990 1027 1073 homicide,
1055 990 1160 1057 nullus
1184 989 1322 1073 adulter,
1349 989 1447 1056 nullus

284 1108 456 1174 fornicator
478 1127 602 1174 sacrum
626 1105 837 1174 ministerium
860 1107 973 1174 debeat
994 1106 1181 1190 obtrectare,
1204 1106 1260 1172 sed
1282 1125 1386 1190 neque
1401 1124 1448 1171 ex·

285 1223 462 1309 penitentes
486 1229 540 1289 aut
562 1223 646 1308 talis,
670 1221 795 1307 qualem
817 1222 900 1290 sacri
922 1243 1057 1290 canones
1079 1221 1248 1309 prohibent
1265 1241 1335 1288 esse
1352 1239 1449 1288 sacer·

285 1339 390 1404 dotem
402 1335 418 1404 ¹.
496 1337 544 1406 De
566 1339 736 1425 baptizatis
759 1358 834 1405 uero
857 1338 983 1405 abillis
1006 1359 1062 1406 seu
1085 1337 1243 1406 aecclesiis
1265 1337 1450 1404 consecratis

285 1454 427 1541 requirat
454 1461 510 1522 tua
536 1455 733 1521 fraternitas:
764 1454 792 1520 si
821 1461 875 1521 aut
897 1453 1065 1522 aecclesias
1086 1455 1121 1521 in
1142 1454 1269 1520 nomine
1292 1453 1452 1520 Trinitatis

285 1571 480 1638 consecravit
513 1576 568 1638 aut
600 1569 750 1657 parrulos
781 1570 927 1638 similiter
954 1570 1144 1657 baptizavit,
1178 1569 1253 1636 dum
1281 1568 1452 1636 sacerdotio

285 1687 482 1772 fungebatur.
516 1686 560 1753 Et
582 1688 629 1753 sic
651 1687 844 1754 consecratio
866 1686 1088 1754 aecclesiarum
1108 1690 1140 1754 et
1159 1686 1365 1773 parvulorum
1380 1685 1453 1772 bap-

285 1803 383 1871 tisma
404 1804 447 1870 eit
468 1801 697 1871 confirmatum.

374 1917 418 1986 Et
443 1920 503 1986 hoc
533 1918 651 2006 pariter
679 1917 879 2003 suggessisti:
910 1918 994 2003 quod
1021 1917 1084 2004 illi,
1115 1920 1169 2005 qui
1198 1939 1217 1985 a
1245 1917 1296 1986 teh
1325 1916 1455 2006 proiecti

287 2041 361 2103 sunt
388 2035 583 2119 sacerdoteS,
611 2055 631 2101 a
653 2034 743 2101 nobis
767 2032 927 2100 absolutes
951 2055 984 2101 se
1007 2035 1091 2122 apud
1113 2034 1308 2101 Francorum
1329 2033 1456 2120 provin-

286 2153 368 2219 ciam
391 2150 626 2236 deuulgentur⁸.
661 2149 751 2228 Quod
773 2154 828 2215 tua
850 2155 960 2216 sauata
980 2150 1163 2218 fraternitas
1180 2151 1267 2218 nullo
1282 2149 1378 2216 modo
1393 2169 1457 2216 cre-

286 2268 356 2350 dat3
389 2269 528 2354 quia-
553 2267 637 2352 quod
665 2265 849 2352 inpossibile
878 2271 990 2332 est-
1016 2267 1044 2332 si
1071 2266 1131 2334 hoc
1157 2267 1355 2351 fecissemus,
1387 2272 1459 2334 tuae

287 2384 412 2451 caritati
434 2403 492 2470 per
514 2387 638 2449 norbae
660 2383 888 2449 indicassemus
910 2381 1043 2448 litteras.
1079 2380 1142 2450 Sed
1160 2382 1230 2468 hoc,
1254 2382 1338 2469 quod
1351 2383 1460 2469 inpos·

287 2499 379 2567 sibile
408 2505 470 2584 est,
500 2498 587 2564 nullo
615 2499 707 2565 modo
735 2499 854 2564 credas.
889 2497 970 2578 Quia
992 2517 1054 2564 non
1078 2497 1164 2565 aliud
1186 2497 1409 2585 praedicamus
1430 2502 1462 2564 ot

289 2616 374 2682 ahud
398 2615 520 2699 agimus
544 2621 599 2680 aut
621 2615 797 2699 dirigimus,
820 2619 856 2680 nt
877 2613 925 2681 illi
946 2614 1106 2698 garriunt3
1130 2615 1185 2681 sed
1203 2614 1379 2682 auxiliante
1394 2613 1462 2682 Dec

288 2731 377 2816 illud,
401 2732 485 2818 quod
501 2731 730 2818 praedicamus,
753 2729 921 2798 finetenus
938 2730 1168 2797 observandum
1183 2749 1356 2798 censemus.
1395 2730 1463 2796 Hoc

289 2853 393 2914 autern
417 2848 616 2914 sanctitatem
638 2853 741 2931 tuam,
765 2845 944 2914 firmissime
966 2852 1003 2912 ut
1024 2852 1148 2932 teneas,
1171 2847 1335 2914 hortamur
1357 2882 1405 2893 -
1428 2851 1464 2912 ut

288 2969 467 3031 sanctorum
505 2970 632 3050 patrum
665 2963 820 3030 institutis
855 2968 888 3029 et
919 2962 1073 3030 consultis
1107 2982 1269 3030 sacrorum
1303 2981 1465 3030 canonum

288 3079 467 3147 omnimodo
496 3081 621 3165 assequi
649 3079 763 3146 debeas
787 3099 845 3144 -ε
878 3078 953 3162 quia
976 3099 1034 3145 nos
1057 3078 1236 3146 nullatenus
1259 3078 1345 3146 aliud
1368 3099 1465 3167 prae-

288 3196 430 3262 dicamus
453 3201 508 3262 aut
530 3195 614 3262 aliud
639 3195 771 3279 agimus.

377 3312 458 3379 Nam
483 3312 522 3378 de
545 3333 581 3377 eo
605 3311 688 3397 quod
705 3309 887 3394 obsecrasti,
911 3315 948 3376 ut
961 3309 1155 3378 Francorum
1169 3311 1368 3398 principibus
1385 3311 1467 3379 scri·

288 3429 432 3496 heremus
455 3427 506 3495 vel
528 3427 640 3495 ceteris
662 3427 808 3512 Francis,
832 3431 867 3492 ut
888 3426 1012 3513 petisti,
1036 3427 1081 3494 eis
1104 3447 1162 3514 per
1184 3426 1309 3512 singula
1330 3429 1468 3515 scripsi-

288 3566 374 3613 mus:
403 3550 439 3612 ut
465 3543 524 3611 tibi
553 3550 585 3610 et
613 3543 706 3610 amici
729 3543 794 3609 sint
815 3546 848 3609 et
870 3543 1028 3609 adiutmes
1050 3543 1085 3608 in
1107 3543 1264 3612 dominico
1288 3565 1386 3630 opere
1411 3566 1469 3612 ex-

287 3661 394 3729 istaut.

378 3777 427 3845 De
449 3795 545 3844 censu
568 3795 642 3842 uero
667 3773 853 3862 expetendo,
876 3794 913 3839 eo
937 3774 1020 3859 quod
1042 3774 1213 3861 impetrare
1236 3776 1408 3844 aFrancis
1428 3779 1471 3845 ad

290 3893 482 3960 reddendum
508 3892 666 3958 aecclesiis
690 3890 740 3958 uel
762 3890 962 3956 monasteriis
985 3910 1049 3956 non
1074 3892 1222 3978 potuisti,
1250 3912 1347 3978 quam
1369 3893 1472 3961 utin

289 4013 431 4076 uertente
454 4028 535 4076 anno
560 4006 599 4074 ab
622 4025 809 4091 unoquoque
832 4006 976 4090 coniugio
1000 4027 1162 4074 servorum
1189 4011 1229 4074 12
1252 4009 1376 4076 denarii
1393 4011 1472 4076 red·

290 4126 419 4206 dantur3
450 4129 481 4191 et
503 4123 562 4190 hoc
584 4123 702 4207 gratias
724 4121 808 4206 Deo,
838 4121 912 4207 quia
934 4122 992 4189 hcc
1014 4125 1147 4210 potuisti
1168 4123 1341 4212 impetrare
1363 4161 1412 4171 —
1440 4133 1475 4193 et

363 4281 384 4313 ι
404 4267 466 4327 quod
482 4283 539 4312 corr.
555 4267 578 4310 ia
594 4266 650 4324 quot
666 4267 692 4312 C.
769 4264 791 4309 b.
812 4267 865 4311 ente
883 4267 916 4318 Μ,
932 4278 947 4311 a
961 4266 984 4311 ta
1002 4267 1027 4314 C.
1106 4279 1125 4312 a
1148 4283 1206 4313 cerr.
1221 4269 1244 4313 ta
1260 4267 1380 4325 divulgent
1399 4271 1430 4317 C.

362 4372 387 4428 1.
405 4371 440 4426 V.
458 4369 550 4442 epl3
568 4383 652 4440 supra
668 4383 695 4439 p.
709 4369 769 4423 121.
