3164 4842
326 287 393 354 544
577 305 737 355 mouscin
758 305 944 356 sunnnssrs
966 307 1046 355 vrrs
1068 309 1239 357 sannorum

231 457 297 512 1031
326 446 464 514 Verbum
486 447 569 531 regis
591 467 700 515 omnes
722 448 856 516 memores
877 448 1094 534 loquebantur,
1118 453 1150 516 et
1172 449 1255 534 quod
1277 449 1331 516 illa
1353 453 1482 518 metus

219 529 388 647 11¹¹mest,
412 583 519 630 omnes
541 563 747 631 testabantur.
783 562 843 642 Qui
866 570 985 649 autem,
1016 585 1109 650 quern
1131 565 1285 650 dicerent,
1308 565 1409 634 celato
1430 587 1482 634 no·
1578 595 1579 616 1

324 679 410 747 mine
426 680 617 764 nesciebant,
641 699 805 766 quemque,
828 685 946 747 nterat
961 682 1134 768 proximus,
1157 701 1250 766 quem
1266 681 1394 766 diceret,
1417 701 1484 769 per·

324 795 500 880 quirebant
577 796 716 863 Auribus
739 815 814 879 ergo
829 815 936 862 eorum
951 796 1094 864 benivole
1108 799 1336 884 preoccupatis,
1359 797 1484 866 tandm:

323 931 439 979 vocans
462 933 533 979 eum
556 913 727 999 imperator
742 931 782 978 ex
796 912 933 996 nomine,
958 913 1055 979 dixit:
1079 915 1195 993 Pater:
1219 909 1374 999 simulque
1389 914 1484 998 digito

323 1027 456 1094 innuens
479 1028 630 1115 precepit,
653 1034 690 1095 nt
710 1027 878 1095 accederet.
914 1027 1044 1106 Qualem
1060 1035 1135 1096 tnnc
1149 1049 1221 1096 eum
1236 1029 1369 1114 rideres,
1393 1049 1484 1115 quarn

324 1144 481 1210 constanti
496 1145 610 1229 animo,
628 1165 721 1230 quam
736 1121 926 1211 immutabili
939 1145 1030 1229 facie,
1047 1165 1139 1230 quam
1155 1145 1351 1212 moderatum
1366 1165 1483 1230 gressu

325 1258 399 1324 dum
433 1259 591 1327 incederet
623 1259 785 1347 palatium.
825 1261 953 1328 Cunctis
987 1280 1058 1328 eum
1085 1260 1221 1328 invicem
1249 1261 1483 1330 adnotantibus:

324 1375 398 1456 Hie,
421 1377 472 1442 tie
494 1390 538 1443 eet
558 1379 621 1458 tlte,
646 1377 727 1444 oculi
749 1377 890 1445 omnium
913 1377 953 1442 ad
974 1376 1062 1463 pium
1081 1382 1215 1463 patrem,
1239 1395 1330 1446 auras
1344 1377 1484 1446 intende·

324 1489 401 1556 bant
423 1490 463 1557 ad
484 1512 600 1576 regem.
683 1492 762 1559 Gnm
784 1513 859 1578 ergo
882 1493 946 1560 ian:
969 1497 1068 1560 staret
1087 1499 1160 1562 anie
1180 1492 1308 1559 solium:
1332 1495 1484 1561 Nouimus

325 1606 370 1672 ait
390 1627 447 1674 rex
469 1609 626 1675 Fuldeaec
643 1611 865 1697 pruodepium,
888 1633 944 1675 uec
966 1611 1172 1696 iojrdopimue
1193 1623 1342 1676 scalmum
1363 1633 1483 1698 preces·

323 1745 431 1790 eorum
444 1739 630 1792 scammum.
672 1725 737 1792 sea
752 1729 829 1813 quio
842 1748 906 1792 ooo
922 1728 1041 1807 demut,
1066 1729 1124 1812 qui
1135 1729 1287 1808 noem,
1312 1749 1377 1813 qam
1394 1749 1485 1794 cuam

323 1863 387 1906 ooo
399 1863 639 1929 promoveamur
654 1836 821 1923 atem,
846 1855 884 1924 te,
909 1844 1044 1908 eoadem
1059 1843 1160 1923 ouilia,
1185 1845 1362 1909 consume
1377 1848 1485 1910 statut·

323 1979 392 2022 mus
420 1961 588 2024 :amodum
611 1961 760 2045 potorum
785 1959 982 2024 uoluntates.
1017 1955 1193 2023 Commissa
1214 1977 1288 2041 ergo
1310 1958 1373 2025 sibi
1396 1958 1485 2044 plebe

323 2069 514 2156 Mogontina,
537 2073 642 2139 cuncti
663 2072 851 2156 letabuntur,
873 2074 1064 2157 ductumque
1086 2091 1157 2139 cum
1176 2072 1269 2139 lande
1285 2072 1346 2140 Dei
1361 2074 1403 2140 ad
1417 2093 1485 2141 aee·

322 2187 464 2273 clesiam,
487 2195 711 2277 promoverunt
733 2209 804 2256 eum
827 2195 1043 2256 consecrantes
1065 2189 1099 2254 in
1122 2189 1321 2275 episcopatus
1343 2190 1484 2273 gradum.

323 2303 412 2371 Tunc
432 2325 506 2372 vere
528 2305 632 2392 potuit
654 2304 693 2371 ad
717 2325 787 2371 eum
811 2305 914 2371 dicare
936 2304 1105 2372 Dominus:
1129 2307 1255 2387 Amice,
1279 2309 1412 2372 meando
1433 2330 1484 2372 se-

318 2416 456 2506 poseat
524 2420 629 2487 Induit
650 2441 724 2504 ergo
746 2441 781 2487 se
803 2419 931 2487 anulum
953 2425 1097 2487 sanctum
1118 2421 1215 2487 tercio
1233 2416 1359 2488 mense'
1375 2429 1407 2488 et
1421 2423 1485 2488 dn·

323 2533 396 2620 gulo
419 2535 572 2603 casdtatis
594 2537 753 2624 precinxit
774 2557 818 2621 ee,
840 2536 968 2603 indutus
983 2536 1064 2603 stola
1078 2537 1230 2604 iusticias.
1265 2535 1412 2604 Seniores
1428 2539 1486 2622 iqi-

323 2657 377 2718 tur
397 2651 533 2719 liliorum
556 2653 705 2720 ecclesiae
727 2673 836 2720 rerum
859 2655 967 2720 Aaron
990 2657 1267 2738 consecraverunt,
1294 2658 1331 2720 nt
1351 2654 1487 2722 ussatei

323 2773 545 2836 testamentum
567 2771 793 2856 sempiternum
816 2767 911 2835 simul
932 2773 965 2836 at
985 2769 1197 2836 sacerdocium
1211 2788 1370 2852 magnum.
1401 2769 1488 2836 luta

322 2884 400 2952 baec
422 2905 496 2968 ergo
518 2905 576 2952 nec
598 2885 705 2952 divina
726 2886 828 2952 caruit
850 2887 1098 2968 consecratione,
1127 2885 1274 2970 qnoniam
1296 2883 1416 2952 ditatus
1439 2891 1488 2953 est
1578 2855 1579 2880 Χ

323 3002 462 3067 omnium
485 3002 625 3084 gentium
648 3002 872 3068 benedictione.
907 3001 977 3068 Non
1001 3002 1085 3068 enim
1108 3001 1276 3087 dereliquit
1289 3021 1362 3068 eum
1377 3001 1487 3068 Domi-

322 3137 392 3201 nus,
415 3116 513 3183 donee
536 3115 661 3183 alienet
682 3116 730 3184 illi
746 3123 903 3204 sceptrum
920 3113 1035 3202 regni⁴.
1072 3116 1279 3186 Consecratur
1295 3117 1393 3200 igitur
1407 3137 1487 3204 pon-

322 3233 416 3316 tiles,
445 3253 537 3299 verus
567 3238 671 3299 custos
699 3253 863 3317 rasorum,
892 3253 973 3320 pene
1002 3234 1261 3319 quinquagesimo
1289 3234 1383 3300 etatis
1411 3253 1488 3300 suae

155 3361 306 3423 aarum
324 3367 420 3431 anno3
449 3353 523 3434 post
548 3348 752 3415 festivitatem
780 3355 958 3416 sanctorum
983 3351 1195 3437 apostolorum
1219 3349 1260 3415 ad
1282 3349 1488 3418 commissum

323 3464 405 3532 ovile
426 3483 498 3532 cum
519 3463 637 3531 bonore
659 3465 807 3532 dimissus
829 3471 886 3532 est.

393 3608 418 3662 1.
442 3603 624 3662 Richardum:
703 3605 729 3660 3.
753 3605 874 3676 Luclt,
889 3606 931 3661 10.
1014 3605 1039 3661 3.
1064 3603 1237 3673 Depravatns
1255 3603 1299 3658 bic
1315 3605 1392 3660 locus
1411 3609 1488 3660 certo

323 3695 420 3764 corrigi
438 3697 545 3766 nequit3
562 3696 628 3752 licet
643 3697 746 3766 putem,
765 3695 923 3765 scriptorem
935 3693 1060 3763 posuisse
1070 3693 1153 3750 haec:
1174 3692 1288 3764 ,Induit
1297 3707 1365 3763 ergo
1377 3707 1408 3750 ee
1419 3709 1488 3750 suu·

322 3783 377 3838 lurn
395 3787 519 3838 sanctum
537 3785 621 3840 tercio
644 3783 819 3838 Kalendas
842 3783 882 3839 da
905 3783 996 3838 Iulio
1014 3782 1139 3838 mansel.
1167 3782 1311 3838 daciarum
1331 3781 1487 3838 Bardonem

322 3871 377 3928 iam
399 3871 470 3926 testo
487 3876 673 3942 pentecostes,
698 3871 742 3925 die
762 3871 797 3925 30
815 3887 849 3924 m.
862 3871 926 3925 llaii
944 3887 968 3925 a.
983 3872 1065 3940 1031,
1090 3871 1199 3925 anulum
1217 3876 1246 3925 et
1262 3869 1390 3925 baculum
1409 3885 1488 3926 accc·

321 3961 403 4032 pisse,
422 3959 504 4014 docet
520 3964 549 4014 et
566 3957 634 4014 haee
645 3959 780 4014 Bardonie
796 3959 855 4013 vita
869 3957 939 4013 infra
950 3959 986 4014 ad
1000 3961 1067 4015 1051
1078 3959 1141 4014 ldai.
1151 3961 1185 4014 19
1198 3957 1401 4030 (,Quamquam
1413 3959 1487 4014 enim

321 4049 351 4105 in
367 4047 516 4104 festivitate
534 4052 689 4102 sanctorum
707 4048 891 4118 apostolorum
903 4049 976 4103 Petri
994 4053 1024 4103 et
1033 4049 1112 4104 Perdi
1128 4052 1305 4104 conseramus
1322 4048 1366 4118 eit,
1384 4048 1431 4104 die
1444 4053 1488 4104 ta·

322 4153 385 4194 men
407 4137 495 4193 saneti
517 4141 690 4206 pentecostes
712 4138 823 4192 anulum
846 4136 990 4207 accepit“)
1008 4142 1037 4192 et
1053 4137 1190 4193 Marianus
1209 4135 1321 4192 Sceuae
1341 4136 1371 4191 in
1391 4136 1486 4193 chron.

323 4227 403 4294 (Mon.
416 4225 507 4282 Germ.
521 4224 569 4281 ss.
582 4225 608 4282 V
620 4226 698 4294 teu:
718 4225 855 4297 ,Sanctus
873 4225 964 4282 Bardo
982 4228 1115 4282 successit
1127 4253 1159 4265 -
1172 4225 1299 4280 baculum
1311 4225 1329 4279 3
1340 4225 1403 4280 Knl.
1416 4224 1488 4281 lunii

323 4313 366 4369 die
383 4319 557 4382 pentecostes
575 4315 748 4386 aecipiens‘¹;
766 4331 836 4386 quae
854 4316 965 4384 quidem
976 4314 1069 4386 rerba,
1087 4315 1236 4370 allamano
1253 4313 1289 4370 ad
1301 4329 1403 4369 annum
1416 4313 1487 4370 1033

322 4402 420 4472 positu,
438 4403 474 4458 ad
492 4419 517 4458 a
531 4403 599 4458 1031
617 4405 752 4474 pertinere
769 4402 945 4460 manifestum
962 4409 1014 4460 est.
1101 4404 1128 4459 4,
1151 4402 1216 4475 Sap.
1230 4403 1329 4474 10,14.
