3110 4844
306 258 372 326 aaa
648 275 835 328 marom
856 273 1123 326 xosuxnnsaxs

145 425 288 484 sae-829
305 415 449 484 voluntas
471 417 505 484 in
532 417 592 486 hcc
618 439 652 486 se
680 418 784 486 studio
812 437 936 505 semper
964 417 1121 501 exercuit,
1149 421 1187 484 nt
1206 414 1325 484 Ghfisti
1349 433 1451 482 nomen

304 529 492 601 clarificetur
518 533 654 602 coletur·
677 539 771 620 atque
800 527 923 602 ametur
950 539 983 601 et
1011 534 1078 600 eius
1106 533 1214 600 divina
1241 537 1377 620 potestus
1402 549 1454 617 per

303 648 497 716 fortitudinis
530 655 654 718 vesum
681 651 890 717 constantiam
918 647 1027 716 multis
1055 653 1212 715 terrarum
1240 647 1317 716 locis
1345 647 1455 712 irrrrote¹

304 764 390 833 scat?
412 763 503 832 Unde
526 771 559 833 et
579 765 802 853 probatissima
824 765 1001 834 sollicitudo
1024 771 1130 832 vestra
1150 763 1296 833 laborare
1317 781 1379 830 non
1398 781 1457 829 cce·

304 886 363 967 sat,
387 886 424 949 ut
445 881 576 950 ecclesia
591 881 708 949 Christi
730 883 850 950 domini
871 883 972 956 nostri
995 881 1189 948 custodiatur
1211 882 1363 948 adunetur
1376 897 1459 962 rega·

304 1003 358 1064 tur
385 1003 513 1087 tueatur
540 1003 573 1066 et
600 1017 620 1065 a
647 997 839 1086 perfidorum
862 997 1014 1064 doctrinis
1036 997 1225 1065 intrinsecus
1247 997 1461 1084 purgetur30t

306 1113 347 1182 ad
373 1114 434 1181 lroo
461 1115 600 1182 studium
628 1133 700 1182 cum
728 1133 844 1199 magua
866 1113 1031 1180 devotione
1054 1114 1132 1180 satis
1154 1111 1296 1200 prumpti
1318 1109 1462 1179 exsistitis

305 1230 345 1298 ob
372 1230 573 1318 impetranda
600 1231 743 1317 praemia
769 1231 892 1318 patriae
914 1229 1058 1298 caelestis
1081 1237 1114 1298 et
1135 1235 1280 1298 aeternae
1302 1221 1464 1297 beatitudi-

305 1347 366 1413 uis.
413 1346 532 1416 Idcirco
563 1346 704 1430 domine,
735 1346 883 1430 quoniam
910 1345 989 1412 talia
1010 1345 1095 1414 circa
1116 1344 1177 1414 Dei
1199 1345 1345 1413 ecclesias
1367 1341 1464 1428 agitis,

305 1461 404 1529 nolite
430 1461 573 1530 oblivisci
601 1461 804 1530 ecclesiarum
832 1461 1004 1550 plebisque
1021 1463 1057 1528 in
1079 1461 1246 1550 parrochia
1267 1465 1376 1528 nostra
1397 1478 1465 1526 oon·

305 1579 494 1664 metentium,
517 1599 558 1646 ne
581 1577 699 1647 diutius
715 1598 825 1646 somno
840 1583 1031 1665 torpescent,
1055 1583 1182 1665 pastore
1202 1583 1354 1645 carentes.
1389 1575 1466 1655 Qua·

306 1699 446 1782 propter,
469 1694 712 1762 clementissime
734 1693 870 1778 domine,
894 1713 1061 1781 precamur
1083 1713 1202 1779 omnes,
1225 1711 1393 1781 precamur
1406 1691 1468 1758 riu·

306 1811 383 1896 guli,
406 1811 497 1896 quasi
519 1810 725 1898 corporaliter
746 1809 937 1878 dulcissimis
958 1809 1090 1898 pedibus
1107 1810 1221 1878 restris
1239 1808 1414 1896 provoluti:
1436 1811 1471 1874 ut

306 1932 477 2014 pastorem,
500 1947 594 2014 quem
615 1925 680 1993 iam
703 1925 825 2013 pridem
847 1931 953 1994 umtra
972 1926 1152 2012 longissime
1166 1925 1357 1994 concedente
1372 1922 1471 2008 gratia

306 2043 512 2131 suscepimus,
536 2043 670 2110 eundem
691 2042 808 2108 iterum
830 2061 888 2129 pro
904 2042 1069 2112 elimosina
1083 2047 1190 2109 vestm
1205 2041 1384 2128 suscepturi
1398 2057 1471 2124 gau·

307 2158 450 2243 deamus3
474 2162 511 2226 ut
531 2160 565 2225 in
587 2160 660 2246 ipsa
682 2159 766 2243 sede,
789 2179 886 2245 snper
908 2179 971 2243 qua
992 2179 1065 2226 eum
1087 2158 1333 2245 prudentissima
1349 2157 1471 2244 sapien·

306 2275 353 2342 tia
374 2279 481 2342 vestra
502 2275 670 2342 consedere
691 2275 777 2360 fecit,
799 2275 925 2342 domiuo
941 2274 1066 2342 Christo
1089 2279 1122 2342 et
1143 2275 1259 2342 sanetis
1282 2274 1351 2341 eius
1373 2272 1472 2341 vobis·

308 2409 369 2477 que
397 2389 502 2457 valeat
529 2390 701 2475 deservir03
736 2397 890 2478 quatenus
925 2395 1033 2459 vestra
1059 2390 1230 2458 miserente
1258 2387 1475 2458 misericordia

309 2505 441 2574 ecelesia
467 2507 569 2574 sancti
590 2505 721 2574 Martini
742 2507 905 2593 sanctique
923 2506 1040 2575 Albdni
1062 2505 1213 2593 martyris
1232 2505 1351 2574 Christi
1377 2505 1418 2573 ab
1440 2521 1475 2572 co

308 2621 437 2690 viduatu
458 2643 522 2690 non
544 2621 615 2709 fiat,
638 2624 672 2690 in
696 2643 828 2710 quorum
849 2623 969 2690 honore
991 2628 1085 2709 atque
1108 2643 1230 2707 amore,
1254 2623 1337 2692 siout
1358 2623 1477 2709 optimc

163 2749 165 2754 ’
308 2737 397 2805 novit
429 2739 612 2807 cautisdmu
645 2741 951 2827 sapientiarum,
985 2741 1075 2826 prius
1103 2757 1176 2807 eum
1202 2739 1247 2808 ibi
1276 2736 1478 2826 disposuistis

309 2853 411 2922 officio
434 2855 523 2940 iungi
545 2855 726 2924 sacerdotis.
763 2855 886 2923 Soinrus
909 2857 1004 2940 enim,
1028 2875 1100 2922 eum
1124 2855 1212 2924 vobis
1235 2875 1304 2926 esse
1325 2856 1362 2922 in
1378 2851 1479 2922 omul-

308 2972 367 3040 bus
395 2970 520 3040 fidelem
549 2971 729 3039 benivolum
758 2971 919 3040 humiliter
946 2971 1120 3039 subiectum
1151 2973 1273 3057 riteque
1294 2969 1480 3055 benignum,

309 3093 342 3155 et
362 3086 398 3154 iu
420 3107 456 3155 eo
478 3088 618 3156 maxime
639 3087 835 3175 libenterque
857 3088 1084 3172 laboraturum,
1107 3107 1169 3173 quo
1185 3087 1291 3154 valeat
1304 3083 1388 3154 bene
1402 3085 1480 3173 pils-

309 3205 391 3272 sima
418 3203 606 3271 excellentia
634 3209 740 3272 sesua
765 3204 801 3270 in
827 3204 887 3271 hoo
915 3209 1058 3291 tempore
1084 3203 1207 3271 Maesa
1234 3203 1371 3271 existere
1394 3207 1428 3270 et
1449 3201 1484 3268 in

310 3323 440 3387 aeterna
466 3319 661 3387 beatitudine
688 3339 761 3386 cum
790 3319 907 3388 sanctis
935 3319 1081 3387 omnibns
1107 3319 1304 3408 triumphata
1329 3319 1364 3386 in
1396 3315 1486 3386 caela

310 3435 456 3521 gaudere.
503 3433 566 3502 Sed
593 3436 668 3523 quid
698 3435 792 3520 digne
813 3441 923 3502 nostra
945 3455 984 3502 ex
1006 3441 1098 3522 purte
1119 3455 1287 3523 possumus
1309 3433 1487 3502 obtendere

311 3552 421 3620 contra
442 3553 677 3637 sagacissimam
700 3551 890 3640 sapientiam
912 3556 1067 3636 vestrm,
1090 3551 1166 3618 dum
1188 3551 1294 3618 nullus
1317 3556 1386 3618 tam
1411 3551 1488 3618 doc·

311 3673 362 3736 tus
390 3674 518 3754 tamque
544 3669 676 3737 idoneus
698 3668 948 3757 prudentissi,
980 3687 1073 3752 quem
1095 3673 1202 3736 vestra
1222 3687 1288 3735 non
1309 3665 1491 3756 praecellat

309 3785 484 3852 industria?
506 3784 596 3852 Felix
619 3785 753 3873 populns
775 3785 913 3871 felixque
935 3785 1038 3850 omnis
1062 3783 1175 3868 clerus,
1198 3784 1252 3870 qui
1267 3783 1325 3850 tali
1338 3783 1491 3870 principa

311 3902 432 3986 regitur
454 3901 573 3987 talique
596 3901 759 3968 defensore
773 3899 966 3983 gubernetur
980 3899 1166 3987 protegitur.
1201 3899 1271 3967 Hoc
1284 3899 1383 3967 faciet
1397 3898 1492 3966 Dens

313 4023 345 4086 et
366 4016 427 4086 hoo
449 4015 558 4085 addat:
583 4019 737 4104 qnatenus
758 4035 823 4082 non
845 4015 947 4084 solnm
969 4017 1154 4101 magnitudo
1176 4015 1343 4103 potestatis
1357 4020 1493 4083 restrae

313 4133 491 4222 principem
520 4152 577 4200 vos
606 4151 675 4200 esse
703 4131 863 4218 ostendat,
895 4132 952 4204 sed
981 4134 1078 4202 etiam
1106 4131 1259 4200 instantia
1286 4128 1493 4217 gubernandi

314 4249 425 4316 domus
448 4249 509 4316 Dei
535 4248 569 4314 in
596 4245 721 4314 laudem
749 4249 851 4316 sancti
878 4249 1016 4317 nominis
1040 4249 1107 4316 eius
1129 4253 1340 4336 protectorem
1362 4253 1398 4314 et
1421 4245 1496 4332 glo-
