3110 4844
322 309 350 359 s.
366 309 542 360 noumnnn
561 309 607 357 nn
628 308 731 358 nunni
752 307 939 358 nemnem
961 307 1084 356 rso-roo
1217 291 1283 360 309

117 453 230 542 recipit
237 449 255 520 ¹.
289 452 332 520 Et
353 451 602 538 gratmabnndus
623 451 786 537 laetusque
808 451 894 518 dicas
917 471 990 519 oum
1002 450 1102 520 Paulo
1125 450 1283 540 apostolo:

119 572 253 654 Quando
275 572 435 656 sepsos-or,
466 584 539 637 caso
561 585 675 658 potens
697 563 804 646 Μ’)
831 572 878 635 ot:
909 568 1014 636 Virtus
1041 573 1078 636 sir
1104 570 1285 654 infimata

111 683 310 778 popicitar'r
336 692 372 753 ut
399 685 589 754 inbecillitas
618 684 790 773 corporalis
811 684 963 752 fortitudo
987 684 1029 752 rit
1052 683 1221 772 spiritalis,
1248 689 1285 752 nt

115 805 246 872 meroris
269 801 444 871 esseillius
466 801 642 887 Altiseimi,
666 802 721 888 qui
743 805 775 868 to
798 800 839 866 ad
859 800 1035 868 thalamum
1057 801 1142 886 rogis
1164 799 1285 868 aeterni

114 921 237 988 inritat
272 918 386 988 Valere
408 925 440 988 to
461 919 577 1005 ingiter
598 918 759 1006 prosperis
783 917 978 985 successibus
1000 918 1034 984 in
1050 915 1176 984 Christo
1198 922 1282 1004 opto.

118 1105 204 1178 141.
228 1107 367 1192 Quidam
390 1109 516 1174 cuidam
529 1107 620 1194 foris
642 1107 760 1173 calenti
778 1106 986 1193 prouolutar'.

878 1219 914 1304 (S
930 1221 985 1306 50,
1008 1217 1047 1290 W
1065 1223 1140 1305 161,
1162 1217 1190 1288 G
1209 1219 1284 1304 149)

201 1357 238 1426 ln
260 1357 321 1426 Dei
343 1357 472 1424 nomine
493 1356 631 1445 acceptis
652 1356 779 1440 litteris,
801 1355 900 1424 irater
915 1355 1076 1424 carissimo
1092 1354 1153 1439 lt,
1176 1353 1216 1422 do
1230 1359 1287 1422 tua

114 1474 276 1563 presentia
302 1474 394 1542 nobis
423 1473 554 1558 adlatis,
584 1493 655 1542 cum
685 1473 799 1559 gaudio
829 1473 1040 1560 suscepimus3
1068 1471 1188 1556 gratias
1217 1469 1286 1538 Deo

114 1597 258 1676 agonias,
287 1591 363 1676 quia
389 1589 583 1676 audiamus,
612 1589 711 1676 qnod,
739 1588 832 1674 longe
857 1595 890 1656 to
912 1593 1025 1674 agento
1047 1589 1081 1654 in
1103 1588 1286 1675 peregrina·

113 1708 213 1792 tione,
244 1705 399 1775 Dominus
428 1706 657 1790 benignitatem
685 1725 775 1774 snam
796 1709 902 1772 mcum
925 1704 1082 1788 exhibuit3
1111 1704 1286 1772 salutantes

114 1830 145 1892 tc
165 1825 201 1890 in
222 1823 348 1890 Christo
371 1823 474 1890 omnis
497 1822 641 1906 cognatio
665 1827 791 1890 tuorum
814 1823 1118 1906 consanguineorum
1141 1825 1174 1888 ot
1195 1819 1286 1888 obse·

113 1946 253 2025 orantes,
281 1945 317 2008 nt
344 1939 513 2022 diligenter
535 1939 568 2004 in
591 1935 659 2004 Deo
682 1938 773 2005 bonis
796 1939 943 2026 oporibus
965 1935 1119 2025 profiooro
1141 1935 1285 2018 studeas,

112 2059 231 2124 nostris
260 2056 416 2124 adiunctis
442 2054 604 2142 precibus,
634 2059 669 2121 ut
695 2053 749 2121 illo
778 2057 832 2139 qni
860 2060 909 2122 ost
936 2055 1039 2121 omnis
1062 2051 1286 2120 consolationis

112 2173 219 2258 dator,
247 2174 301 2259 qni
323 2191 381 2239 nos
403 2173 437 2238 in
460 2171 551 2239 buius
574 2170 763 2238 miserabilis
786 2171 851 2238 vito
872 2171 986 2238 itinere
1008 2169 1214 2258 corporaliter
1235 2183 1285 2236 so-

1 2353 2 2392 ,
112 2289 248 2376 pararit,
271 2289 305 2354 in
328 2307 384 2355 suo
406 2307 504 2374 rogno
527 2307 653 2374 sempor
671 2307 820 2354 mansuro
837 2288 905 2354 sine
920 2285 982 2355 tino
998 2287 1177 2372 coniungat
1206 2282 1286 2353 Vola

1 2405 2 2454 t
112 2425 255 2492 sempor,
286 2405 440 2474 salutatus
469 2404 664 2492 supplicibus
691 2411 818 2472 tuorum
847 2404 1019 2472 amicorum
1046 2421 1118 2470 oum
1144 2403 1283 2470 vocibus.

110 2521 301 2607 Protogator
323 2521 495 2589 aDomino
517 2519 584 2586 vita
605 2525 662 2586 tua
684 2539 704 2586 a
726 2520 819 2588 modo
836 2526 869 2588 ot
882 2541 982 2606 nsque
996 2522 1031 2588 in
1046 2521 1284 2608 sempitsrnunr.

1 2677 2 2751 l
114 2707 203 2780 142.
228 2709 394 2776 winiberta
415 2707 459 2774 N.
482 2710 709 2796 presbyterum,
732 2722 767 2775 ut
788 2732 849 2797 pro
872 2732 904 2775 se
924 2722 1078 2798 procetur,
1102 2707 1221 2796 νομαί).

1 2831 2 2854 ³
877 2823 913 2906 (S
929 2827 983 2909 54,
1007 2823 1047 2892 W
1066 2825 1138 2908 159,
1163 2821 1284 2908 (1147)

201 2958 434 3026 Dilectissimo⁸
457 2958 550 3025 fratri
572 2965 604 3025 ot
626 2956 861 3044 conpresbitoro
886 2959 934 3026 .N.
952 2957 1130 3026 Wiotborbt
1152 2957 1284 3042 exiguus

108 3078 148 3144 in
169 3075 295 3142 Christo
318 3079 464 3142 aoternao
486 3073 628 3141 caritatis
651 3072 795 3140 salutem.

202 3191 315 3258 Intime
344 3191 486 3260 caritatis
516 3189 641 3258 obnixis
669 3190 816 3278 precibus
845 3189 968 3276 flagito,
999 3196 1036 3257 ut
1065 3191 1129 3257 moi
1156 3190 1191 3256 in
1221 3189 1284 3256 tuis

108 3308 322 3376 sacrosanctis
351 3306 546 3374 orationibus
574 3326 695 3373 memor
724 3327 792 3374 esso
820 3307 974 3390 dignoris3
1006 3307 1080 3391 qnia
1106 3306 1285 3374 mundanae

108 3425 331 3512 temptationis
353 3422 479 3508 malloo,
503 3423 592 3490 vanis
615 3423 709 3490 rebus
732 3421 944 3508 turbantibus,
966 3423 1135 3510 percutior.

113 3610 204 3682 143.
227 3611 367 3695 Quidum
390 3613 516 3677 caeliam
539 3611 663 3692 scribit,
692 3633 724 3677 se
747 3614 785 3677 de
808 3614 873 3677 eius
895 3614 930 3676 in
953 3633 986 3676 sc
1008 3632 1115 3677 amore
1136 3635 1201 3676 noo
1224 3613 1282 3677 da-

225 3729 333 3794 bitoro.
367 3729 570 3794 Memorem
589 3726 722 3815 posca't‘.
879 3725 914 3810 (S
929 3729 983 3812 55,
1006 3723 1046 3795 W
1064 3727 1137 3811 158,
1161 3725 1188 3792 G
1209 3727 1283 3809 146)

204 3859 390 3929 Venerando
413 3881 450 3928 ac
472 3859 630 3946 diligendo
652 3861 743 3928 trabi
765 3861 799 3927 in
822 3859 948 3929 Christo
971 3861 1142 3950 optabilem
1166 3861 1284 3949 sempi-

106 3985 222 4048 ternae
245 3978 407 4066 sospitatis
429 3975 573 4045 salutem.

202 4094 318 4163 Fateor
345 4094 470 4162 caritati
499 4099 588 4162 tuae:
619 4095 703 4181 quod
730 4115 903 4183 numquam
928 4093 1017 4162 falsis
1040 4095 1207 4162 vorborum
1229 4095 1284 4162 fri-
1356 4140 1376 4164 .

187 4251 207 4286 ι
228 4257 257 4284 uc
269 4239 335 4286 78².
360 4241 466 4286 meu:
481 4237 538 4284 llam
549 4237 653 4297 epistola.
730 4237 753 4284 b.
774 4255 803 4284 es
816 4239 881 4284 78³.
900 4241 1007 4286 bama.-
1022 4238 1077 4284 llam
1088 4237 1187 4298 epistola
1196 4237 1284 4286 wieht-

105 4317 196 4367 berbii.
275 4331 295 4364 e.
315 4317 400 4365 bituiti
418 4319 446 4366 V.
524 4317 547 4365 d.
567 4335 596 4362 n
614 4317 776 4365 Vct-ttae.
800 4321 906 4366 humus
922 4317 978 4365 lien
994 4317 1098 4378 epistola

186 4425 210 4479 1.
235 4420 319 4478 neor.
332 4423 375 4493 12,
388 4423 414 4479 e.
504 4423 529 4478 n.
553 4420 704 4478 osorton.
718 4423 760 4494 12,
774 4423 816 4477 ro.
906 4423 932 4478 o.
956 4419 1107 4478 acorna.
1121 4421 1203 4492 1n‚s.
