3144 4852
325 253 390 318 686
565 271 764 318 cnsrsrmur
786 269 987 318 cnsomcou
1010 268 1244 318 mocuurnuunr

157 421 315 476 1153-1160
411 410 571 478 Amoldus
595 417 697 478 autem
722 411 896 496 primordia
917 412 967 477 sui
983 429 1169 478 consecrans
1184 409 1394 496 praesulatus,
1417 427 1492 495 pun

324 548 436 614 puram
460 528 611 614 optimam
635 528 674 594 de
697 524 846 594 almaria¹
867 525 991 604 tollens,
1022 526 1082 592 sibi
1104 525 1179 591 iecit
1201 531 1314 610 vestes,
1342 524 1492 607 tunicam,

324 643 495 710 sorcotium
518 651 550 710 et
572 643 771 728 mantellum,
802 647 837 709 ut
858 644 893 708 in
914 643 1115 729 imperatoris
1138 643 1226 708 curia
1247 639 1414 725 gloriosior
1438 659 1493 726 ap-

324 766 459 846 pareret.
495 759 555 826 Sed
579 759 778 847 omnipotens
801 759 888 826 Deus
909 778 971 825 non
995 759 1049 824 din
1071 759 1221 824 sustinuit
1242 757 1328 824 istud
1350 757 1450 822 nefas.

414 875 491 943 Orto
506 883 553 942 est
569 877 652 942 enim
668 875 821 942 dissensio
837 875 928 942 valde
943 877 1049 959 gravis
1064 875 1147 940 inter
1162 875 1248 960 ipsos
1264 875 1348 940 cives
1359 871 1493 956 Magon-

324 993 471 1058 tinenses.
504 991 585 1058 Nam
608 1012 672 1057 una
693 1011 768 1078 pars
791 990 916 1058 dolebat
940 991 1137 1057 vehomenter
1160 989 1371 1056 venerabilem
1389 989 1494 1054 virum

323 1108 473 1173 domnum
497 1107 666 1174 chrioum
696 1107 735 1174 ab
764 1106 946 1193 episcopatu
974 1118 1129 1188 amotum
1159 1105 1222 1172 alia
1243 1105 1440 1189 gloriabatur
1463 1109 1495 1170 ct

324 1223 525 1311 superbiebat
540 1221 714 1289 Amoldum
739 1223 952 1290 substitutum.
987 1222 1068 1288 Erat
1090 1224 1174 1288 enim
1197 1222 1347 1288 oriundus
1368 1221 1408 1288 dc
1423 1222 1496 1307 ipsa

323 1346 415 1426 parte
443 1341 597 1423 civitatis,
625 1359 705 1424 quac
733 1338 898 1406 Selshofen
925 1339 1115 1404 nominatur.
1152 1337 1229 1404 Tam
1256 1338 1363 1422 gravis
1387 1341 1495 1404 autem

324 1456 484 1523 crescebat
505 1456 543 1522 de
565 1456 618 1522 die
639 1456 673 1521 in
696 1456 779 1522 diem
801 1455 922 1521 invidia
943 1455 1026 1520 inter
1048 1455 1142 1538 cives,
1166 1460 1202 1521 ut
1215 1453 1317 1521 tribus
1333 1453 1446 1521 diebus
1461 1453 1495 1518 in

324 1573 501 1658 septimana
523 1573 786 1656 congrederentur
809 1576 841 1638 et
863 1591 920 1658 per
942 1570 1063 1657 plateas
1086 1591 1157 1636 cum
1180 1569 1294 1654 gladiis
1309 1575 1341 1637 ct
1355 1569 1495 1636 fustibus

325 1709 362 1754 ac
383 1689 494 1773 contis,
519 1688 701 1775 cuspidibus
724 1693 756 1754 et
777 1686 894 1754 lancois
917 1687 1053 1754 invicem
1072 1707 1107 1753 se
1122 1691 1306 1770 mactarent,
1330 1686 1495 1753 caderent-

325 1826 384 1889 que
411 1805 485 1871 hinc
508 1810 540 1871 et
561 1804 635 1870 binc
656 1809 809 1890 tanquam
832 1823 906 1869 oves
930 1804 1103 1870 occisionis.
1187 1801 1252 1870 Neo
1275 1823 1309 1868 se
1331 1801 1495 1866 Arnoldus

324 1921 522 2006 interponere
545 1920 668 1986 curavit
689 1940 748 2007 pro
771 1939 848 2006 pace
871 1925 903 1985 et
926 1918 1322 1999 concordia1·eiormanda;
1346 1917 1495 1984 sedenos

322 2037 461 2102 fautores
484 2037 589 2122 potius
612 2041 720 2102 contra
743 2039 866 2122 partem
882 2033 1046 2100 adversam
1063 2035 1225 2101 animavit
1259 2034 1394 2120 Propter
1409 2033 1496 2118 quod

324 2152 448 2236 accidit,
472 2159 507 2218 ut
528 2171 601 2238 pars
618 2152 680 2248 'illa
703 2153 741 2217 de
758 2150 933 2234 Selehofen‚
957 2171 1051 2235 quam
1074 2150 1200 2218 fouebat
1216 2155 1248 2217 et
1264 2150 1417 2216 animarit
1431 2150 1495 2215 Ar-

324 2266 451 2352 noldus‚
481 2268 582 2333 maius
611 2267 837 2334 monasterium
865 2272 1032 2352 occuparet
1058 2265 1176 2352 illoque
1205 2286 1262 2352 pro
1289 2270 1393 2332 castro
1426 2273 1495 2332 utc-

323 2388 432 2450 rentur
455 2388 564 2449 contra
586 2384 791 2450 adversarios.
879 2382 1023 2448 Durabat
1044 2381 1120 2448 haec
1144 2383 1297 2449 dissensio
1320 2382 1389 2448 dics
1413 2381 1496 2448 mul-

323 2505 382 2566 tos.
416 2499 459 2564 Et
481 2497 594 2584 clerus,
617 2501 755 2584 graviter
778 2519 957 2586 oppressus,
981 2503 1179 2584 contemptus
1201 2498 1389 2578 habetatum
1420 2499 1496 2582 quia

323 2619 387 2683 iam
410 2617 502 2704 copia
523 2615 652 2682 maioris
673 2615 822 2682 ecclcsiae
838 2615 883 2680 eis
899 2613 1127 2680 concedebatur
1142 2614 1182 2680 ad
1198 2613 1338 2681 divinum
1355 2613 1496 2682 officium

324 2734 540 2820 exequendum
563 2753 626 2799 non
648 2732 711 2798 nisi
733 2752 790 2818 pro
814 2729 940 2796 illorum
962 2729 1056 2795 libitu
1077 2728 1241 2815 laicorum,
1268 2732 1322 2816 qui
1343 2731 1425 2797 illud
1446 2739 1496 2798 ta-

323 2871 409 2916 mere
437 2854 683 2935 occupauerant
709 2847 752 2914 Et
779 2848 844 2912 iam
873 2845 998 2931 quidem
1027 2846 1118 2912 multi
1144 2847 1355 2914 venerabilem
1377 2847 1496 2914 Henri·

323 2986 394 3032 oum
417 2971 649 3051 conqueruntur
672 2963 782 3029 mortis
805 2961 943 3029 debitum
968 2961 1166 3028 exsolvisset

411 3082 490 3148 Rem
505 3082 616 3166 refero,
640 3080 764 3162 fratres,
788 3079 934 3146 omnibus
949 3077 1034 3144 illius
1049 3078 1147 3145 seculi
1162 3079 1370 3144 notissimam.
1407 3079 1495 3146 Mors

323 3197 511 3266 uenerabilis
527 3196 655 3264 chrici
677 3194 786 3262 multis
806 3194 952 3260 innotuit.
986 3193 1134 3262 Pervenit
1149 3195 1244 3260 edam
1261 3195 1301 3262 ad
1316 3215 1409 3262 aures
1424 3196 1496 3262 illo-

322 3335 394 3380 rum
417 3313 634 3396 cardinalium,
658 3311 722 3398 qui,
746 3310 785 3377 ab
808 3311 992 3397 episcopatu
1015 3331 1086 3376 curn
1110 3317 1301 3395 amoventes,
1325 3333 1359 3378 sc
1373 3314 1497 3398 promi·

324 3436 431 3497 serant
459 3435 655 3516 sequuturos.
689 3427 733 3494 Et
759 3428 903 3494 ludentes
932 3427 973 3492 ad
1003 3427 1188 3493 alterutrum
1218 3427 1380 3494 dixerunt:
1411 3431 1497 3496 Erre

322 3550 506 3636 praecessit,
535 3571 592 3613 auo
615 3559 753 3632 tempore
773 3567 830 3609 cos
853 3567 1025 3631 sequentur.
1059 3543 1103 3610 Et
1126 3563 1196 3610 cccc
1218 3544 1346 3611 transiit
1367 3549 1496 3632 tempus

324 3664 428 3748 breve,
452 3669 483 3730 ct
505 3661 597 3728 ambo
620 3681 682 3728 uno
705 3661 756 3726 dic
778 3656 982 3726 moriuntur².
1017 3659 1098 3726 Nam
1122 3681 1212 3744 unus,
1236 3660 1349 3728 sedens
1365 3661 1401 3728 in
1418 3662 1497 3730 sede

396 3838 416 3870 a
437 3822 549 3869 oxoluisso
565 3822 602 3868 ed.

395 3928 420 3982 1.
444 3927 568 3982 armario.
658 3927 683 3980 2.
707 3923 837 3980 Fabudac.
864 3923 1027 3993 Gregorium
1045 3925 1117 3980 enim
1136 3911 1374 3981 diaconum'card
1394 3926 1497 3984 sere

322 4016 386 4088 geli,
404 4021 468 4085 post
485 4015 511 4070 d.
526 4017 560 4072 19
571 4015 649 4070 llart
663 4014 733 4069 1154
750 4011 854 4068 tactum
870 4013 1027 4082 episcopum
1041 4011 1219 4070 Sabinenscm
1232 4017 1269 4082 (v.
1281 4014 1405 4084 chcsta
1416 4022 1497 4085 pont.

323 4107 401 4162 Rom.
421 4121 447 4174 p.
461 4105 542 4173 663),
560 4105 662 4159 scimus
680 4101 782 4157 obiisse
800 4101 943 4156 intervallo
961 4101 1065 4156 dierum
1085 4103 1119 4157 20
1137 4101 1211 4172 Sept.
1226 4105 1296 4159 1162
1314 4110 1343 4158 ct
1362 4104 1395 4159 18
1412 4105 1496 4160 llsrt.

325 4196 394 4248 1166
413 4198 449 4259 (v.
467 4193 532 4248 ibid.
545 4209 573 4262 p.
586 4194 663 4265 677„
682 4189 870 4245 Bernhardum
889 4195 979 4244 autom
997 4206 1038 4259 pr.
1057 4191 1131 4246 card.
1149 4193 1192 4246 tit.
1211 4190 1238 4246 S.
1253 4191 1410 4262 Clementis,
1427 4201 1497 4264 post

323 4281 350 4336 d.
364 4281 480 4337 telonii
493 4282 562 4336 1168
578 4279 681 4336 facturn
699 4279 857 4349 episcopum
868 4279 1045 4336 Portuensem
1058 4285 1087 4336 et
1099 4279 1126 4336 S.
1136 4279 1252 4336 Rufinus
1264 4283 1301 4347 (v.
1312 4281 1377 4336 ibid.
1390 4297 1418 4352 p.
1428 4283 1497 4351 658)

324 4368 475 4424 decessisse
493 4371 582 4440 spatio
601 4370 704 4426 dicrum
724 4369 758 4424 22
774 4367 843 4422 lunii
861 4373 889 4422 ct
907 4369 1104 4426 silicernus
1123 4373 1160 4438 (v.
1179 4368 1244 4426 ibid.
1262 4387 1290 4439 p.
1303 4371 1374 4439 677).
