3090 4848
298 269 361 334 100
520 285 547 334 s.
564 285 741 336 normann
763 287 808 334 rer
830 287 932 334 nunnr
954 285 1240 334 comdemnasse

297 425 357 498 34.
381 427 568 514 Bonifatius
595 432 719 494 suisio
745 426 919 496 Germeaoe'c
942 429 1059 494 relictis
1083 429 1255 515 ιῲπξήοαι,
1284 449 1317 494 sc
1339 449 1361 492 o
1385 423 1461 494 Gre-

379 548 472 632 gorio
495 545 558 610 III
573 567 662 631 papo
685 545 760 612 berec
781 558 959 632 susceptum
981 567 1063 625 csse,
1096 544 1290 630 concilioque
1314 543 1462 608 celebr-nto

383 663 428 726 ad
449 682 500 726 eos
522 670 748 726 reversurum&
1192 657 1229 739 (S
1246 661 1300 740 27,
1324 655 1394 724 WG
1409 657 1462 738 42)

124 823 147 862 e.
163 807 283 863 vet-738
382 792 606 860 Dilectissimis
623 791 698 859 filiis
713 791 865 880 Geppanl
881 798 913 858 et
927 791 1048 877 liuban,
1065 791 1208 859 Tstwino
1224 797 1256 859 et
1266 790 1463 878 Wyigberto⁸

294 915 326 976 et
347 909 492 976 omnibns
514 909 667 976 fratribus
690 929 727 975 ac
749 909 910 976 sororibus
933 909 1050 975 nostris
1065 908 1244 975 Boniiadm
1268 927 1378 975 servus
1401 927 1465 973 ser·

293 1043 405 1092 vorum
427 1024 487 1092 Dei
510 1025 544 1090 in
568 1024 692 1092 Christo
715 1045 814 1112 purae
836 1025 978 1091 caritatis
1002 1024 1146 1091 salutem.

382 1139 500 1206 Notum
523 1141 565 1206 sit
586 1141 712 1208 cantati
734 1147 868 1226 vestrae,
892 1146 924 1208 et
943 1141 1064 1225 gratias
1080 1141 1163 1224 agite
1178 1140 1262 1207 Deo:
1287 1140 1371 1226 quis,
1394 1157 1465 1206 cunr

292 1256 503 1342 prosperitate
525 1255 687 1324 venientes
711 1257 752 1324 ed
774 1257 885 1324 limine
907 1257 990 1324 beati
1013 1255 1100 1324 Petri
1123 1257 1277 1343 principis
1308 1255 1466 1342 apostolo·

293 1393 380 1456 rum,
411 1377 574 1456 gratanter
602 1393 661 1440 nos
684 1393 757 1440 cum
779 1373 893 1456 gaudio
917 1373 1109 1460 apostolicus
1131 1369 1291 1460 pontifex¹
1311 1371 1465 1459 suscepit3

293 1493 326 1555 et
352 1487 392 1554 de
416 1487 574 1572 legatione
596 1495 706 1556 nostre
727 1489 812 1556 laete
834 1509 987 1577 responsa
1007 1489 1161 1572 reddidit3
1192 1494 1224 1556 et
1246 1487 1414 1555 considam
1438 1493 1469 1553 et

292 1609 497 1691 praeseptum
527 1603 629 1688 dedit,
664 1610 701 1671 nt
733 1606 849 1672 iterum
883 1605 923 1672 ad
952 1625 1007 1672 vos
1034 1611 1231 1672 revertamus
1259 1603 1352 1673 etin
1380 1609 1467 1670 certe

292 1720 400 1786 labore
428 1719 644 1806 persistamus.
691 1720 782 1787 Nunc
811 1727 916 1788 autem
946 1721 997 1788 hic
1025 1727 1244 1808 exspectantes
1267 1719 1468 1787 sacerdotum

293 1836 479 1903 concilinm“
507 1835 558 1902 vel
586 1836 725 1922 synodus
752 1837 947 1921 consultum,
984 1836 1086 1903 adhuc
1113 1838 1310 1921 ignoremus:
1341 1835 1469 1921 quando

292 1952 352 2019 hoc
373 1950 443 2018 fieri
464 1952 562 2019 iaciat
584 1951 792 2039 apostolicus⁰
815 1953 968 2040 pontifex.
1005 1953 1068 2020 Sed
1084 1973 1120 2020 eo
1135 1952 1235 2037 linito,
1258 1952 1327 2019 Deo
1341 1951 1470 2019 volente

293 2073 325 2134 et
357 2068 425 2134 vite
460 2069 590 2152 comite,
625 2069 665 2135 ad
699 2073 838 2136 vestram
868 2070 1081 2156 praesentiam
1107 2065 1351 2136 festinabimus'.
1398 2065 1471 2134 Hoc

293 2189 400 2278 entem
422 2183 568 2267 scientes,
591 2205 649 2250 nos
672 2204 744 2250 curn
758 2185 900 2252 fraterna
914 2186 1047 2252 caritate
1062 2190 1095 2252 et
1109 2184 1183 2252 fidei
1198 2185 1321 2251 unitate
1336 2201 1470 2270 exspec-

292 2305 374 2383 tate,
399 2299 478 2366 alter
502 2299 632 2366 alterius
655 2300 775 2367 honera
796 2306 973 2387 portantem
1004 2301 1104 2367 etsie
1127 2300 1341 2388 adimplebitis
1363 2299 1471 2384 legem

293 2411 429 2482 Christi²
453 2420 486 2482 et
507 2415 657 2499 gaudium
680 2422 823 2484 vestrum
845 2417 1048 2484 renovabitis.
1095 2415 1205 2484 Valete
1227 2417 1260 2483 in
1284 2415 1412 2483 Christo
1439 2421 1474 2483 et

293 2536 381 2598 orate
403 2551 462 2617 pro
486 2531 586 2599 nobis.

296 2742 358 2818 35.
385 2743 558 2832 Gracco-ias
569 2746 732 2834 IIIpcpc
753 2747 895 2812 erroribus
914 2749 1070 2834 episcopie
1088 2747 1279 2834 presbyteris
1300 2747 1474 2814 auem

382 2861 586 2948 Bonifatium
607 2862 712 2930 Rooca
733 2875 931 2928 recor-teretem
954 2865 1157 2944 commendat,
1183 2866 1236 2928 cai
1256 2863 1301 2928 ad
1320 2885 1475 2950 paganos

381 2983 417 3046 ire
431 2980 499 3062 fide
521 2980 707 3046 crudiendos
731 2979 901 3044 corrcedaot
923 2981 1109 3044 ediscerent
1173 2977 1209 3059 (S
1228 2980 1301 3061 127,
1325 2975 1393 3046 WG
1409 2977 1475 3062 43)

80 3142 86 3155 ·
125 3145 149 3186 g
164 3129 283 3186 737339
383 3111 554 3196 Gregorius
577 3111 743 3197 episcopus
766 3129 875 3177 servus
893 3131 1056 3178 servorum
1071 3109 1359 3201 Deidileotissimis
1374 3112 1477 3178 nobis

175 3217 179 3226 ’
294 3228 439 3295 omnibus
463 3227 630 3314 episcopie,
653 3226 884 3294 venerabilibus
899 3227 1102 3314 presbyteris,
1127 3227 1283 3312 religiosis
1299 3226 1478 3296 abbatibus

294 3344 435 3411 omnium
459 3343 702 3431 provinciarum.

382 3459 518 3526 Domino
541 3465 729 3546 cooperante
751 3464 784 3526 ct
805 3477 983 3526 sermonem
1005 3454 1226 3526 coniirmsnte³
1246 3459 1323 3545 perl
1338 3479 1480 3545 presen-

293 3581 359 3643 tem
386 3575 620 3642 sanctissimum
649 3575 753 3642 virum
781 3573 991 3659 Bonifatium,
1021 3576 1151 3642 tratrem
1180 3595 1218 3642 ac
1245 3576 1480 3662 coepiscopum

295 3696 448 3775 nostrum,
475 3691 606 3758 verbum
629 3691 781 3775 veritatis,
805 3692 888 3758 sicut
909 3711 929 3757 a
950 3691 1114 3760 decessore
1135 3697 1243 3758 nostro
1266 3696 1396 3758 sanotae
1419 3713 1481 3760 re·

295 3807 487 3874 cordationis
503 3805 655 3891 Gregorio
678 3805 804 3894 presule
827 3807 860 3873 in
883 3807 948 3873 illis
970 3808 1114 3893 pertibus
1137 3809 1253 3874 missus
1275 3807 1481 3894 iueratpre-

295 3923 401 3990 dicare
423 3923 554 3990 verbum
577 3921 652 4007 Dei,
676 3922 906 4009 postmultum
928 3923 1095 4010 temporis,
1119 3922 1255 3990 Domino
1278 3931 1484 4010 cooperante

367 4071 387 4104 a·
409 4075 439 4104 σε
455 4063 482 4106 ii
498 4057 656 4112 msc-104,
678 4059 699 4105 C
712 4056 846 4113 sav-84,
870 4057 895 4104 V
907 4058 963 4104 ise.
991 4059 1095 4104 hmo:
1115 4055 1172 4103 Item
1187 4057 1285 4116 epistola
1302 4055 1417 4104 Bonimffi
1437 4071 1482 4106 ar·

295 4137 437 4198 chiepiseopi
453 4139 532 4186 MCV.
624 4137 647 4183 b.
668 4136 770 4196 Geppsm
786 4139 826 4192 ii,
846 4132 926 4197 Geppi
943 4140 973 4194 C,
990 4136 1084 4196 Gsppsn
1102 4138 1128 4184 V.
1222 4150 1242 4183 c.
1257 4135 1392 4196 Wyigberto
1409 4139 1486 4193 m!

295 4215 419 4276 Wygberto
437 4221 463 4265 C.
541 4214 564 4262 d.
585 4215 705 4262 consilium
721 4217 757 4262 iii.
834 4231 853 4262 e
875 4215 1008 4276 apostolicis
1026 4215 1054 4263 V.
1123 4216 1140 4263 i.
1160 4215 1318 4263 intimavimus
1331 4217 1393 4272 MV,
1410 4233 1484 4264 corr.

295 4300 319 4342 ἡ
333 4296 492 4344 ἱωῒίιιὼἱωιιε
509 4297 535 4342 C.
612 4307 634 4353 g.
654 4313 684 4342 es
700 4299 729 4342 Μ
744 4297 866 4342 12-120.
889 4299 942 4346 Sim
957 4299 1067 4342 mae.
1145 4296 1168 4343 h.
1187 4309 1229 4356 per
1245 4297 1337 4344 addidi

369 4395 395 4446 1.
418 4389 568 4460 Gregorius
579 4389 628 4444 111.
718 4391 744 4444 2.
768 4389 857 4445 Galat
871 4391 896 4460 6,
909 4393 934 4446 2.
1023 4391 1050 4444 3.
1074 4391 1156 4446 liare.
1171 4393 1212 4460 16,
1226 4391 1269 4446 20.
