3164 4842
289 273 356 344 550
542 289 701 354 mouscin
723 287 913 340 runenrers
934 289 1015 338 vrrs
1036 287 1208 340 emporus

289 431 403 502 abhinc
425 437 459 500 et
480 432 628 520 deinceps
643 441 749 518 usque
773 431 812 498 ad
836 431 920 500 diem
943 430 1047 500 obitus
1070 427 1262 498 infirmitatis
1279 427 1454 498 molestiam

287 567 352 622 non
375 555 527 618 eraserat.
564 547 673 634 Iqitur,
699 567 810 617 emera
831 547 1055 634 relinquentes,
1078 547 1117 614 de
1139 546 1320 614 dulcissimo
1342 545 1455 614 duleis·

288 665 370 749 sime
391 663 567 752 loquemur.

377 779 479 860 Multa
500 780 540 851 de
562 781 630 848 eius
651 779 812 866 pacientie
832 779 936 848 dicere
952 799 1129 866 pessumus.
1164 777 1358 851 Pacieatiem
1373 779 1455 846 enim

289 897 356 976 eles
386 895 559 966 secundum
587 895 786 980 antiquorum
809 895 999 984 pecientiem
1022 895 1182 979 nouimus,
1212 895 1359 980 quicum
1383 913 1457 981 epo·

289 1013 375 1087 sele,
394 1012 554 1086 dicebmt:
578 1013 844 1100 Bloepltcmumer
866 1025 895 1078 et
917 1013 1128 1093 obsecremus,
1156 1025 1317 1098 temeres
1336 1035 1456 1099 perqe-

289 1142 393 1211 qteqtc
421 1130 519 1216 qoem
543 1131 656 1196 recredi
674 1130 764 1214 sacti
790 1151 896 1194 semes
925 1131 1063 1194 omeiem
1079 1130 1258 1216 prespetero
1279 1149 1378 1213 eeqee
1399 1129 1458 1194 ed·

290 1241 376 1332 W·
411 1243 490 1326 Cure
514 1245 638 1329 horum,
660 1244 801 1330 inquam,
824 1244 983 1330 pacientie
1004 1242 1102 1327 fulget
1123 1241 1281 1329 pacientie
1294 1241 1458 1328 Bardonie,

290 1381 378 1450 eque,
399 1379 490 1446 qere,
519 1361 582 1426 nisi
610 1359 692 1428 ferte
717 1360 827 1426 moior.
863 1357 943 1437 Quia
964 1359 1055 1426 multi
1078 1379 1186 1426 eorum
1208 1358 1318 1428 ulcisci
1339 1379 1374 1425 ss
1396 1379 1459 1428 non

290 1475 454 1563 retebant,
484 1475 704 1544 necessitatem
727 1476 761 1542 in
783 1475 978 1544 uoluntatem
999 1473 1199 1544 laudabiliter
1221 1474 1458 1558 conuertebeut;

291 1592 318 1680 iq
342 1597 459 1678 autem
483 1611 556 1662 eum
577 1613 612 1659 se
635 1597 744 1679 posset
763 1591 883 1676 ulcisci,
906 1591 1099 1658 uoluntatem
1121 1610 1211 1658 suem
1234 1590 1296 1660 sibi
1315 1611 1460 1660 necesse

291 1709 373 1779 riam
400 1708 553 1796 tedebat,
583 1713 711 1776 utnon
740 1727 924 1794 quecunque
945 1707 1041 1774 uellet
1063 1712 1261 1792 sequeretur,
1289 1709 1359 1794 sed,
1389 1729 1460 1776 cum

291 1825 391 1903 multa
421 1825 557 1909 releret,
588 1823 687 1890 multe
710 1823 803 1910 plura
824 1823 920 1890 uellet
943 1844 981 1892 ex
1004 1828 1095 1910 perte
1117 1844 1181 1910 que
1201 1824 1333 1910 spiritus
1353 1825 1461 1892 horte·

290 1946 387 2014 retur.
423 1939 500 2024 euos
527 1959 619 2024 erqo,
648 1940 773 2007 uiuente
796 1938 941 2006 Bardene
963 1939 997 2006 in
1020 1959 1129 2024 earne,
1157 1939 1287 2008 audiens
1309 1940 1386 2026 quid
1407 1941 1461 2010 de·

290 2056 386 2124 riseri
409 2077 465 2139 suo
489 2055 608 2140 feeerit,
631 2075 695 2122 non
718 2055 812 2122 etiem
836 2056 906 2142 ipse
928 2055 1045 2122 factum
1068 2054 1240 2138 derideret3
1264 2063 1296 2124 et
1317 2057 1377 2124 hoe
1397 2077 1460 2126 neu

292 2173 397 2260 potius
431 2193 549 2246 renum
582 2191 677 2258 quam
705 2169 818 2240 effectu
844 2172 904 2238 niti
933 2171 1093 2240 crederet?
1132 2171 1225 2240 Nune
1251 2179 1356 2241 eutem
1384 2194 1462 2260 quo·

291 2289 378 2358 niam
407 2288 538 2376 plenum
567 2292 630 2372 est,
661 2307 755 2373 quem
778 2292 864 2356 recto
888 2287 1023 2355 stamine
1045 2307 1167 2374 queque
1189 2290 1339 2374 texuerit,
1369 2309 1462 2358 omne

291 2403 414 2479 lectum
426 2401 581 2475 Burdenis
604 2409 738 2487 emetur,
761 2423 833 2470 eum
849 2403 1055 2472 delectatione
1069 2409 1227 2489 dematur,
1250 2405 1376 2474 cuditur
1389 2425 1463 2474 cum

290 2520 445 2608 suspirie,
475 2521 544 2608 sine
566 2520 780 2590 controversie
801 2519 963 2604 landatur,
992 2539 1064 2586 cum
1086 2520 1200 2604 gaudio
1223 2527 1462 2590 rememoretur.

293 2635 360 2709 Sed
380 2636 457 2724 quid
479 2635 611 2709 derisori
633 2636 754 2720 fecerit,
778 2635 929 2704 demus.
998 2634 1117 2702 Sedens
1135 2635 1303 2721 eliquaedo
1318 2637 1360 2704 ad
1374 2659 1464 2708 meu·

293 2773 376 2840 sem,
395 2751 573 2830 infirmiteti
596 2753 737 2839 eorporis
759 2737 988 2836 sadslacturus,
1011 2751 1095 2818 inter
1116 2751 1258 2820 ciborum
1280 2751 1465 2822 almoniam

293 2869 414 2945 euneos
449 2868 687 2941 commeantibus
722 2868 895 2936 eructevit·
926 2867 1057 2954 spiritus
1090 2865 1275 2936 ebrietatem
1308 2869 1465 2954 sobriam

293 2985 368 3072 quie
394 2984 443 3057 illi
466 2983 609 3052 Christus
636 3004 762 3071 semper
784 2985 818 3050 in
840 2983 948 3068 corde,
978 3003 1105 3070 semper
1126 2988 1196 3050 eret
1217 2983 1251 3050 in
1274 3003 1343 3068 ers,
1375 3005 1466 3054 essu

293 3102 395 3173 menti
416 3100 582 3171 eonsilium
604 3100 753 3168 dimotis:
778 3101 820 3168 Si
841 3104 911 3187 qest
935 3101 1073 3187 leqes'ter
1095 3103 1189 3187 quae·
1201 3123 1356 3168 mesenes
1372 3099 1464 3170 Det'.

294 3215 438 3294 Decepta
460 3237 534 3302 erge
557 3215 612 3284 illo
636 3217 722 3284 omni
745 3215 908 3284 effectione
930 3215 1150 3301 consedentes,
1179 3217 1302 3286 iuvenis
1325 3218 1465 3303 quidam,

295 3331 474 3403 carnalibus
497 3331 732 3414 titillationibus
753 3333 893 3398 intentus
914 3333 1021 3419 potius
1043 3352 1138 3419 quem
1160 3332 1277 3400 diuinis
1297 3333 1385 3401 illius
1398 3355 1467 3402 aer·

295 3447 452 3536 monibus,
475 3448 560 3534 cepit
581 3447 695 3532 ridere,
719 3447 803 3533 quod
824 3452 890 3514 tem
911 3447 1021 3516 inania
1040 3450 1177 3533 garriret
1190 3449 1373 3538 episcopus;
1398 3451 1467 3518 eni·

296 3563 388 3632 malis
411 3563 496 3639 erim
517 3563 611 3632 homo
633 3584 697 3632 non
721 3563 856 3652 percipit
878 3583 925 3649 ee,
949 3586 1029 3650 quae
1052 3570 1126 3634 sunt
1142 3565 1273 3651 spiritus
1290 3561 1378 3633 Dei⁸.
1414 3566 1467 3634 ln·

296 3680 376 3746 iecto
398 3679 495 3764 igitur
518 3699 592 3748 cusu
615 3681 648 3746 in
671 3699 743 3748 eum
766 3680 865 3764 uultu,
888 3681 1065 3769 episcopus,
1088 3681 1232 3748 deridere
1254 3701 1289 3749 ss
1307 3683 1465 3766 iuvenem,

296 3795 535 3885 comprehendit
561 3795 672 3862 furtivi
696 3795 841 3864 cachinni
865 3803 896 3864 et
918 3798 1039 3866 susurri
1060 3797 1207 3866 motibus.
1242 3797 1391 3884 idotoqus
1412 3817 1468 3866 ee·

296 3912 374 4000 pite,
397 3911 481 3981 sedit
502 3911 663 3998 paulisper
685 3913 815 3994 tacitus3
838 3913 979 4000 viditque
1001 3913 1103 3982 omnis
1117 3914 1260 3998 convive,
1283 3913 1367 3998 quod
1381 3913 1468 3982 dmi·

297 4029 423 4099 dentem
459 4047 493 4097 se
526 4027 805 4116 comprehenderet
832 4029 960 4115 eiusque
987 4030 1035 4096 rei
1063 4049 1158 4098 muse
1185 4035 1313 4098 taceret
1347 4029 1470 4102 Omnes

370 4208 391 4244 ι,
411 4195 538 4242 mehedt
552 4213 573 4242 e.

369 4301 395 4355 1.
419 4297 662 4370 recenserem.
739 4301 765 4356 s.
789 4301 890 4357 rese.
902 4301 929 4374 4,
942 4303 985 4359 11.
1056 4303 1082 4358 e.
1107 4299 1466 4374 scosne.e,1s:,s1r-

298 4387 378 4444 ruelie
394 4391 487 4444 eutem
504 4386 587 4449 leemo
604 4419 638 4430 -
656 4390 767 4462 spiritua
784 4389 868 4446 ΒΨ.

1573 4397 1577 4512 l
