3024 4864
308 269 371 337 186
554 287 581 334 s.
598 287 773 336 normann
794 289 839 335 nr
860 289 963 335 nuum
985 285 1171 336 nmsuonan
1195 288 1225 335 oe

222 437 274 522 748
306 429 392 494 niam
414 430 630 515 transmissus,
655 429 814 496 iudicabat
837 435 868 496 et
891 429 1094 513 gubernabat.
1141 430 1177 497 ln
1205 429 1260 496 illc
1282 429 1345 496 tale
1363 429 1446 496 deure-

211 509 286 556 ΗΜ
305 541 391 610 tum¹
407 552 438 613 ct
460 547 611 612 iudicium
633 545 813 612 firmissime
833 552 1034 632 praeceptum
1051 552 1083 612 ot
1097 546 1264 630 diligenter
1278 546 1447 612 demonstro·

305 665 373 728 tum
397 681 465 728 esse
488 661 677 728 dinoscitur:
707 667 758 744 ut,
788 662 975 747 quicumque
999 662 1067 728 sine
1089 663 1287 728 invocatione
1309 660 1449 727 Trinitatis

303 777 387 844 lotus
420 778 548 860 fuisset,
584 777 667 861 quod
700 783 931 844 sacramentum
966 779 1213 861 regenerationis
1242 797 1304 844 non
1333 777 1448 844 haberet

305 893 395 971 Quod
418 895 544 959 omnino
568 913 677 959 verum
702 899 764 974 est3
797 893 886 978 quic,
916 894 943 958 si
964 913 1087 959 mersus
1110 894 1143 959 in
1166 893 1252 959 fonte
1275 893 1450 979 baptismatis

306 1010 376 1094 quis
398 1010 495 1076 luerit
518 1009 585 1075 sino
613 1010 811 1076 invocatione
834 1009 1015 1092 Trinitatis,
1044 1009 1202 1095 perfectus
1225 1028 1288 1075 non
1319 1015 1380 1091 est,
1403 1005 1453 1072 nisi

306 1125 457 1191 fueritin
479 1125 606 1192 nomine
629 1123 732 1191 Patris
757 1129 788 1190 et
810 1123 883 1190 Filii
906 1128 938 1190 et
961 1123 1098 1210 Spiritus
1122 1125 1223 1192 sancti
1245 1125 1422 1211 baptizatus.

395 1240 444 1307 De
465 1241 560 1306 illud·
585 1245 705 1325 autem,
733 1261 791 1326 per
820 1240 903 1324 quod
926 1240 1078 1324 quosdam
1102 1239 1280 1307 adfirmaril
1302 1237 1453 1326 scripsisti:

307 1362 351 1440 ut,
375 1357 403 1421 si
426 1357 615 1440 euangelicis
639 1357 708 1442 quis
732 1356 837 1422 verbis
866 1357 1011 1422 invocata
1034 1356 1189 1423 Trinitste
1216 1357 1305 1423 iuxta
1332 1353 1454 1439 regulum

307 1472 485 1539 cDomino
515 1474 650 1560 positum
680 1473 869 1557 quicumque
897 1491 1019 1538 mersus
1049 1477 1132 1539 esset
1159 1473 1193 1538 in
1220 1473 1349 1539 nomine
1369 1469 1455 1537 Patris

307 1595 339 1655 et
361 1588 434 1656 Filii
458 1594 490 1656 et
513 1589 651 1677 Spiritus
674 1591 785 1673 suncti,
809 1587 893 1674 qued
916 1594 1147 1654 sacramentum
1171 1589 1240 1655 sine
1262 1587 1357 1656 dubio
1378 1586 1457 1654 hube-

305 1709 371 1786 ret3
395 1711 514 1772 ettam
537 1705 663 1772 fortiter
685 1705 789 1771 verbis
813 1703 1002 1787 euangelicis
1024 1705 1138 1770 luisset
1159 1709 1376 1772 consecratum
1394 1703 1457 1786 bap

305 1821 451 1905 tismum,
475 1826 520 1906 ut,
544 1821 688 1906 quamvis
712 1819 972 1886 sceleratissimus
995 1821 1126 1906 quisque
1148 1821 1304 1888 hereticus
1327 1819 1377 1888 uel
1396 1817 1459 1884 scis·

305 1937 441 2003 mutiens
464 1943 519 2004 aut
540 1937 622 2004 latro
646 1935 695 2002 vel
717 1936 768 2001 fur
791 1937 858 2002 sive
881 1935 1004 2003 adulter
1026 1937 1086 2003 hoo
1107 1937 1228 2003 homini
1247 1937 1367 2023 petenti
1380 1933 1459 2000 mini·

305 2057 436 2137 straret,
466 2059 573 2120 tamen
596 2051 714 2119 Christi
741 2058 825 2119 esset
846 2051 1039 2138 baptismum
1063 2052 1251 2136 euangelicis
1274 2053 1378 2119 verbis
1400 2068 1459 2116 con·

306 2174 478 2252 secrutum3
508 2174 540 2236 et
563 2189 580 2234 e
603 2175 727 2252 contro,
750 2167 824 2234 licet
848 2168 875 2234 si
897 2169 1042 2236 minister
1064 2169 1165 2235 iustus
1188 2168 1277 2234 fieret
1299 2174 1333 2235 et
1356 2168 1382 2233 si
1402 2163 1461 2232 Tri·

305 2285 438 2352 nitatem
468 2285 558 2350 iuxta
585 2283 726 2368 regulam
756 2283 933 2351 aDomino
963 2285 1101 2370 positam
1129 2285 1163 2350 in
1192 2285 1319 2352 lavacro
1342 2301 1403 2350 non
1423 2281 1461 2346 di·

306 2401 422 2484 sisset,
445 2421 555 2466 rerum
578 2400 739 2486 baptisma
761 2421 824 2466 non
848 2406 931 2466 esset
953 2401 1037 2484 quod
1060 2401 1161 2482 dedit;
1190 2419 1248 2487 pro
1276 2399 1343 2466 illis
1370 2399 1463 2484 itaquo

306 2516 466 2582 inmundis
496 2522 527 2583 et
560 2517 689 2582 incertis
719 2517 795 2582 viris
824 2515 970 2582 hereticis
1000 2521 1095 2601 atque
1124 2515 1328 2600 scismaticis,
1362 2513 1463 2601 quiin

306 2633 433 2698 nomine
448 2631 614 2699 Trinitatis
637 2637 779 2718 petentes
803 2631 976 2718 baptizant,
1001 2632 1056 2698 sed
1079 2637 1111 2699 et
1133 2632 1249 2716 dehis,
1273 2632 1329 2718 qui
1345 2629 1465 2698 sincin-

306 2749 470 2816 vooatione
494 2749 658 2815 Trinitatis
687 2753 835 2831 mergunt
862 2749 895 2812 in
923 2746 1010 2814 fonte
1039 2748 1253 2836 baptismatis,
1282 2742 1466 2815 fraternitut

307 2871 380 2932 tuae
403 2871 512 2931 notum
537 2871 595 2948 est,
619 2863 695 2950 quid
718 2864 756 2929 de
778 2863 841 2930 illis
865 2883 1024 2930 sacrorum
1043 2884 1198 2930 canonum
1213 2865 1310 2930 series
1326 2863 1465 2931 continet

307 2981 397 3060 Quod
420 2985 452 3047 et
465 2985 572 3047 tenere
587 2986 620 3046 te
641 2979 773 3045 firmiter
789 2979 965 3061 hortnmun
990 2980 1143 3066 scriptum
1159 2981 1275 3067 quippe
1290 2986 1340 3046 cst
1355 2979 1468 3046 dicente

306 3096 460 3164 Domino:
492 3097 606 3163 Sancti
633 3110 741 3176 estote,
773 3099 923 3182 quonium
952 3109 980 3162 et
1008 3119 1063 3182 epo
1092 3111 1217 3162 sanctus
1244 3095 1340 3164 eunc’.
1388 3091 1469 3174 Quod

308 3214 492 3299 suscepisti,
521 3212 635 3295 frater,
665 3217 814 3276 anostro
838 3210 1078 3297 praedecessore
1101 3217 1228 3279 sanctae
1250 3209 1470 3280 recordationis

307 3327 469 3412 Gregorio,
493 3328 585 3394 huius
610 3327 780 3413 apostolice
804 3327 886 3393 sedis
903 3327 1059 3413 pontifice,
1083 3328 1117 3392 in
1133 3348 1167 3394 eo
1184 3347 1344 3414 permane.
1381 3327 1423 3394 Et
1436 3323 1472 3391 ab

307 3445 489 3528 euangelica
511 3449 543 3510 et
566 3443 739 3528 apostolico
762 3464 817 3509 seu
840 3448 1020 3509 sanctorum
1041 3449 1167 3531 patruum
1182 3444 1300 3511 tradita
1315 3444 1471 3510 doctrinae

307 3561 394 3626 nullo
417 3561 510 3626 modo
534 3559 687 3641 declines3
712 3560 777 3642 sed,
801 3560 929 3626 indutus
952 3557 1082 3626 loricam
1104 3558 1177 3626 fidei
1200 3565 1233 3626 ct
1254 3560 1378 3644 galeam
1395 3557 1473 3626 salu·

308 3677 360 3761 tis,
383 3675 517 3742 viriliter
538 3680 648 3741 contra
667 3676 823 3760 nequitias
839 3675 1013 3742 diabolicae
1027 3675 1148 3742 fraudis
1164 3676 1370 3763 apostolicam
1387 3693 1473 3763 prse-

308 3791 460 3858 sentando
483 3791 600 3858 uitamd
623 3791 743 3858 resiste.
781 3790 940 3878 Scriptum
969 3812 1104 3876 namque
1133 3797 1196 3858 est:
1225 3794 1307 3859 Ecce
1329 3794 1405 3859 de&
1417 3791 1473 3878 sia·

309 3914 386 3978 ciem
409 3923 495 3975 ruam
512 3923 671 3997 potentem
687 3911 836 3974 aduersus
846 3908 969 3992 faciem
984 3931 1101 3990 corum,
1126 3923 1155 3974 et
1169 3913 1378 3975 constantiam
1394 3922 1476 3975 utum

380 4055 401 4087 ι.
423 4059 479 4088 corr.
495 4045 517 4088 s'rr
534 4041 573 4086 illo
591 4045 617 4089 C.
664 4041 687 4088 b.
708 4059 764 4087 corr.
781 4045 802 4087 in
820 4040 938 4088 adfirmare
956 4043 982 4090 C.
1032 4054 1052 4088 c.
1073 4041 1158 4090 tuditi
1173 4042 1277 4088 doctrlni
1294 4046 1326 4088 Μ.
1380 4041 1403 4087 d.
1420 4041 1475 4086 uua

307 4127 342 4176 M,
359 4139 416 4168 corr.
433 4124 455 4167 r‘n
470 4121 539 4168 vitum
556 4124 583 4168 C.

381 4210 404 4263 1.
431 4207 484 4277 „In
507 4207 613 4278 synodo
633 4206 784 4277 Anglorum
808 4207 947 4262 decretum
971 4211 1001 4262 et
1020 4207 1150 4262 iudicium
1170 4237 1202 4246 -
1222 4211 1250 4260 et
1268 4205 1381 4276 spiritus
1398 4203 1478 4260 merit

308 4295 484 4365 baptizatus“
498 4300 563 4350 sunt
580 4296 608 4352 in
621 4295 744 4352 Gratiani
763 4295 835 4352 decr.
855 4297 884 4350 P.
898 4297 938 4351 Ill
956 4297 991 4352 de
1009 4311 1131 4352 consecr.
1144 4296 1179 4350 D.
1190 4295 1229 4352 Ν
1247 4311 1270 4350 c.
1283 4295 1325 4350 83.
1383 4297 1409 4349 2.
1428 4295 1478 4348 Le

305 4385 355 4440 vit.
369 4386 411 4453 11,
422 4385 467 4440 44.
