3110 4844
280 246 347 312 340
620 263 807 312 nersnoonn
829 263 1056 312 mocunumnn
1080 263 1109 310 ro

119 409 261 467 sot-954
279 405 382 472 debat.
420 403 510 471 Unda
532 403 678 471 Ianuario
701 404 881 472 Caralitano
906 406 1052 492 episcopo
1074 405 1158 472 inter
1180 409 1284 471 cetera
1306 401 1437 470 scribens

279 521 324 588 ait
333 517 356 586 ¹:
379 523 527 588 Peruenit
541 525 584 588 ud
597 545 655 588 oce
671 571 679 586 .
693 572 701 587 .
715 571 723 586 .
741 522 883 588 omnibus
899 523 1094 607 defendatur.
1162 521 1233 587 Non
1249 520 1349 587 solum
1363 519 1439 586 chri·

278 637 383 704 stione
405 639 564 725 mancipia
586 637 756 723 Gregorius
785 636 818 702 in
841 636 1020 704 libertatem
1043 637 1209 723 pristinam
1232 637 1374 721 legaliter
1393 653 1440 702 re·

279 753 426 837 vocabat,
455 771 565 820 rernm
594 754 690 821 etiam
720 773 844 840 pagana
874 753 914 819 ad
942 749 1035 819 fidem
1065 754 1171 820 venire
1194 753 1333 820 volentia
1352 751 1442 818 rendi

278 869 365 936 nullo
388 869 481 935 modo
503 870 717 954 permittebat.
760 868 851 935 Unde
873 867 1047 935 Fortunato
1069 869 1277 957 Neapolitano
1301 870 1442 956 episcopo

278 987 362 1052 inter
384 991 488 1052 cetera
511 985 650 1053 scribens
674 983 754 1053 ait⁸2
779 986 1024 1052 Frotmitutmn
1043 999 1177 1052 oestrum
1192 1035 1200 1050 .
1214 1035 1223 1050 .
1238 1035 1245 1051 .
1262 987 1444 1073 intellipc'tur

278 1125 462 1168 rmeuasse.
553 1099 681 1186 Pagana
703 1101 862 1188 mancipia
884 1100 1007 1184 Iudeos,
1031 1100 1177 1168 videlicet
1197 1102 1341 1168 dominos
1364 1121 1443 1185 suos,

280 1217 320 1284 ad
341 1215 436 1283 fidem
458 1217 694 1304 praecedentia,
725 1220 758 1284 in
782 1237 892 1284 eorum
915 1216 1094 1299 servitium,
1118 1219 1242 1284 etiamsi
1264 1219 1327 1304 ipsi
1349 1237 1386 1284 ca
1408 1217 1445 1283 ad

280 1333 542 1401 christianitatem
577 1333 864 1419 subsequebantur,
899 1332 986 1398 nullo
1016 1333 1109 1399 modo
1137 1335 1313 1401 revocabat
1359 1333 1445 1400 Unda

280 1449 412 1517 Iohanni
428 1449 616 1518 Siracusano
639 1445 818 1536 episeopo⁸:
843 1449 937 1514 Fero·
960 1449 1062 1534 inquit
1084 1455 1296 1537 praesenciam
1311 1455 1446 1538 poscitur

358 1568 476 1653 lapibus
499 1571 660 1634 sustinere.
730 1563 919 1630 Circumcidi
943 1564 1049 1630 saltim
1072 1585 1268 1651 paganorum
1290 1565 1446 1632 neminem

280 1681 450 1767 Gregorius
465 1680 679 1769 permittebat.
715 1679 815 1758 Quam
832 1681 871 1747 ob
887 1699 954 1746 rem
970 1679 1069 1748 Leoni
1085 1680 1254 1748 Catanensi
1269 1677 1445 1769 episcopo⁴t

281 1799 344 1867 Res
375 1799 479 1884 inquit
501 1802 545 1864 ad
566 1822 624 1864 nos
648 1801 774 1864 omniuo
876 1799 915 1862 de
938 1798 1056 1884 lapibus
1070 1798 1224 1882 feriendi.
1270 1797 1350 1864 Item
1373 1797 1447 1864 Gro-

279 1917 385 2000 gorius
414 1935 499 2003 papa
522 1913 712 1981 Theoderico
742 1917 774 1979 et
796 1911 1010 1978 Theodebcrto
1033 1912 1159 1996 regibus
1183 1909 1396 1980 Francorum¹
1418 1917 1448 1978 et

280 2031 490 2098 Brunehildae
512 2030 655 2114 reginae:
680 2032 796 2096 Mirati
817 2051 923 2094 samos
1024 2033 1090 2094 ossi
1111 2031 1248 2096 mostra
1264 2030 1397 2108 Chusa&
1419 2033 1449 2095 et

281 2153 355 2236 post
376 2167 491 2235 pauca:
516 2148 556 2213 In
579 2147 638 2212 hoc
655 2150 792 2234 petimus
895 2145 1072 2211 absolvatis.
1152 2145 1334 2213 Chroatc'ono
1349 2147 1450 2232 inquit

281 2267 455 2351 mancupio,
480 2285 560 2350 quac
583 2287 603 2328 o
627 2263 733 2328 Iudeis
756 2263 957 2328 adducantur
978 2261 1028 2326 ecl
1044 2264 1258 2349 possidentur,
1283 2277 1341 2330 oct
1361 2286 1448 2328 moo-

285 2380 448 2447 datom'boa
483 2379 710 2445 concedantur·
743 2391 800 2445 out
829 2390 909 2444 certe
938 2377 1117 2443 christianis
1145 2379 1335 2464 captoribus
1364 2379 1451 2464 uafro

286 2497 368 2562 diem
391 2497 667 2583 quodropeaa'mom
688 2496 873 2561 vendantur.
920 2495 965 2560 Ec
986 2505 1143 2560 consumo
1166 2495 1289 2558 dierum
1311 2517 1449 2576 commo,

286 2625 365 2700 aput
396 2634 446 2678 sos
481 2611 617 2698 quolibet
648 2613 740 2676 modo
768 2633 833 2676 ooo
861 2623 1051 2676 renooocaot.
1099 2609 1140 2676 δι’
1166 2623 1268 2674 autom
1298 2613 1452 2696 quaedum

287 2751 325 2796 co
353 2730 467 2794 εἰεάσηι
499 2729 668 2814 acaccipiao
702 2728 796 2792 satem
823 2729 1051 2813 aspritudinem
1070 2725 1224 2810 fortassis
1252 2730 1451 2807 cucumerum,

285 2846 376 2932 infra
397 2857 528 2911 statutos
551 2845 617 2910 dise
639 2845 734 2909 occdi
753 2866 817 2909 ooo
839 2843 973 2922 caleant,
998 2842 1177 2908 adhibendo
1200 2854 1244 2906 est
1265 2843 1452 2924 sollicitudo,

286 2975 322 3028 oo
348 2963 446 3028 soluti
473 2964 537 3026 sicat
559 2963 719 3047 practicae
745 2963 897 3025 restc'tato.
945 2959 976 3023 A
1005 2958 1175 3023 Isodomum
1203 2981 1275 3024 vcro
1305 2961 1454 3024 conuiciis

287 3082 380 3145 eham
402 3079 500 3142 loc'ooo
523 3079 699 3142 constitutio
722 3088 831 3141 ccccm
855 3075 1035 3162 prohibuit,
1065 3097 1122 3139 sec
1150 3097 1221 3140 com
1249 3075 1314 3140 ullo
1344 3075 1452 3142 clerico

287 3207 392 3260 nostro
413 3215 529 3280 panem
551 3195 701 3272 comodat,
726 3195 756 3257 oi
778 3195 848 3277 quio
873 3191 1042 3256 iudeorum
1064 3193 1207 3256 concisio
1220 3191 1327 3276 fcerit
1348 3193 1452 3278 inqui·

287 3321 389 3375 noos.
481 3307 629 3393 Capitula
650 3309 760 3373 contra
782 3305 892 3372 ludeos
916 3306 1023 3389 magni
1044 3304 1153 3371 Karoli
1175 3306 1375 3374 invictissimi
1397 3307 1454 3373 im·

288 3424 443 3511 potatoris
466 3429 722 3508 caeterorumque
744 3441 855 3507 regumn
878 3441 948 3488 cnm
971 3441 1125 3488 consensu
1140 3419 1394 3509 episcoporum:
1418 3421 1456 3490 Ut

362 3565 385 3618 1.
409 3563 477 3632 Reg.
496 3563 526 3617 L.
540 3563 579 3619 IV
591 3577 634 3631 op.
648 3561 664 3616 9
678 3561 757 3631 (0111).
770 3562 798 3616 ΙΙ
813 3579 840 3634 p.
853 3562 1013 3630 688-689,
1031 3561 1152 3632 Ragcsta
1163 3566 1238 3632 pont.
1251 3563 1329 3618 Rom.
1342 3581 1369 3619 n.
1379 3563 1454 3630 914):

289 3649 324 3706 de
341 3651 504 3706 ludaeorum
522 3651 617 3720 servis,
635 3651 683 3719 qui
701 3651 737 3704 ad
755 3651 884 3705 ecclesius
902 3648 1081 3718 confirgerint‚
1100 3651 1127 3704 in
1145 3650 1299 3706 libertatem
1317 3651 1454 3707 vindican-

289 3741 340 3795 dis.
412 3741 437 3794 2.
462 3739 531 3808 Rog.
550 3739 581 3793 L.
596 3739 634 3792 Vl
652 3753 695 3806 ep.
709 3739 744 3792 32
757 3738 835 3807 (Opp.
848 3739 875 3794 11
892 3755 919 3810 p.
933 3739 993 3806 818,
1013 3739 1134 3807 segesta
1144 3739 1454 3808 pont.Rom.n.1043):

288 3829 425 3898 mancipia
442 3834 501 3883 tum
513 3827 626 3884 Iudaica
636 3832 696 3883 tum
708 3842 826 3899 pagana,
845 3841 915 3898 quae
928 3827 1065 3882 Christum
1077 3828 1155 3896 sequi
1167 3831 1320 3900 statuerint,
1338 3831 1366 3884 in
1377 3827 1455 3884 linco
1534 3849 1537 3852 ·

289 3920 375 3972 tatem
393 3915 540 3972 vidicanda
557 3931 628 3971 esse.
708 3917 735 3972 3.
758 3917 826 3987 Rag.
845 3917 876 3972 L.
889 3917 955 3973 VIII
973 3929 1017 3985 op.
1030 3915 1064 3970 il
1083 3914 1162 3987 (Opp.
1175 3917 1202 3972 11
1219 3933 1247 3988 p.
1259 3918 1320 3988 910,
1338 3917 1456 3987 aegaea

289 4009 366 4076 pont.
384 4005 463 4061 Rom
481 4021 508 4060 n.
526 4005 622 4071 1142).
709 4005 735 4060 4.
759 4005 828 4076 Reg.
846 4005 878 4061 L.
891 4006 930 4062 VI
948 4021 991 4076 ep.
1009 4004 1044 4059 33
1063 4003 1147 4076 (Opp.
1163 4005 1190 4061 11
1207 4021 1234 4076 p.
1248 4005 1313 4078 818,
1337 4005 1455 4076 Rogesta

289 4099 366 4166 pont.
385 4095 464 4150 Rom.
483 4095 622 4162 n.1044):
647 4109 742 4152 servos
764 4111 887 4166 paganos
906 4110 923 4149 a
941 4094 1094 4150 Samaraeis
1112 4095 1287 4151 circumcisos
1304 4095 1332 4150 in
1348 4093 1455 4150 liberta

289 4188 347 4240 tem
365 4188 454 4253 vocet,
473 4197 523 4239 nec
540 4183 657 4253 pretium
674 4183 810 4239 restituat.
864 4185 889 4240 5.
913 4185 981 4252 Reg.
1000 4183 1031 4238 L.
1042 4183 1081 4238 lx
1094 4198 1137 4252 ep.
1149 4185 1201 4239 110
1214 4184 1330 4255 (Oppll
1341 4199 1367 4254 p.
1378 4181 1453 4251 1018,

291 4271 411 4342 Regesto
428 4277 504 4342 pont.
522 4273 601 4328 Rom.
619 4273 750 4339 111267).
840 4275 865 4328 6.
889 4271 1013 4341 sequitur
1030 4271 1137 4326 concilii
1154 4272 1300 4329 Meldonsia
1318 4285 1389 4327 anno
1404 4271 1454 4325 845

290 4359 377 4417 habiti
390 4375 478 4417 canon
491 4363 525 4416 73
536 4361 634 4430 (Mami
645 4361 705 4417 coll.
718 4363 814 4418 concil.
827 4361 893 4419 XIV
905 4361 1071 4429 836-831);
1092 4359 1147 4432 „Ut
1158 4375 1224 4432 erga
1233 4391 1266 4402 -
1277 4355 1453 4431 denegarunt
