3024 4864
268 307 296 357 s.
311 307 488 356 nosmsrn
509 308 554 356 nr
575 307 678 356 nnnnr
700 307 887 356 nrrsronns
910 306 948 354 rr.
961 307 992 354 rr
1151 289 1214 356 211

68 453 152 516 onor
167 447 371 536 scalpimus:
394 453 535 518 nostrum
554 447 746 536 parvitatem
760 447 875 516 vestris
890 447 1007 516 eunetis
1023 445 1218 516 orationibus
1236 455 1378 514 ill—⁷49

66 565 314 647 commendatum
338 569 384 649 ut,
407 565 489 632 siout
509 569 617 631 vestm
638 564 816 648 benignitas
839 564 878 632 de
899 563 1070 630 missarum
1093 564 1218 633 sollem-

65 678 197 747 nitotibus
230 685 263 748 et
295 681 474 749 orationum
507 679 745 747 assiduitatibus
772 678 841 746 Deo
878 678 1050 764 instigante
1077 679 1218 765 oiouvit,

64 797 101 862 ia
122 815 242 882 quoque
270 801 380 864 nostro
406 795 608 864 mediooritos
637 796 753 864 devota
782 799 888 864 mente
916 794 1050 882 implore
1077 801 1217 864 oonetnr.

62 909 261 997 lionoriuque
287 912 425 980 nominis
450 911 549 980 vestri
571 912 605 978 in
627 912 767 997 septenis
789 911 1073 979 monasteriorum*
1096 917 1219 980 nostro·

62 1045 119 1093 mn
144 1023 284 1094 ιιιιιιιὶιι
309 1033 464 1115 perpetus
489 1026 560 1113 lege
588 1028 709 1094 oenseri
738 1027 847 1110 dobet3
877 1027 953 1113 quio
983 1027 1017 1094 in
1040 1027 1219 1114 septenario

60 1161 174 1210 numero
203 1143 337 1230 perteoti
364 1143 715 1231 supereriguntur.
762 1141 820 1210 His
843 1143 950 1228 itaque
972 1143 1053 1211 bone
1074 1143 1221 1230 oonposi-

60 1261 93 1326 lis
112 1266 142 1328 et
154 1259 225 1328 Deo
248 1259 418 1328 adiuvante
442 1259 480 1328 de
503 1260 682 1326 animorum
704 1257 823 1344 regulis
846 1259 908 1326 rite
930 1259 1103 1346 conpositis
1127 1259 1220 1326 etde

59 1376 205 1444 interioris
234 1375 371 1444 hominis
397 1375 509 1442 hobitu
531 1380 605 1462 opto
627 1375 797 1459 oondiotie,
826 1373 985 1444 exteriora
1013 1379 1220 1461 terrenusque

58 1492 242 1560 substuntiae
264 1491 477 1576 amminionlu,
502 1511 582 1578 quoe
605 1493 664 1559 sub
686 1496 797 1558 nostra
810 1495 968 1577 potestate
982 1489 1051 1558 Deo
1066 1490 1221 1576 largiente

57 1607 170 1676 redoote
193 1612 279 1692 sunt,
302 1607 361 1674 sub
383 1613 508 1675 vestrae
530 1607 702 1676 voluntatis
723 1606 854 1674 arbitrio
870 1607 1044 1675 eontinerid
1058 1607 1219 1688 rolumns3

56 1723 93 1789 its
111 1729 236 1792 tumen:
259 1728 296 1790 ut
317 1724 497 1792 orationum
519 1723 880 1800 nostrommudiutoria
901 1743 959 1810 per
974 1722 1220 1792 benivolentium

55 1837 195 1908 simitrtis
219 1843 344 1908 vestrae
366 1841 401 1906 in
423 1838 564 1908 eeclesiis
587 1839 648 1908 Dei
670 1839 871 1926 frequentare
893 1838 1027 1906 isoiotis.
1071 1837 1116 1905 Et
1137 1839 1220 1906 siout

55 1959 260 2042 tepestorem
286 1955 321 2022 in
348 1953 465 2042 populo
495 1975 552 2023 suo
579 1955 822 2042 pmsdistinatio
845 1955 906 2024 Dei
932 1953 1002 2022 fieri
1029 1954 1145 2038 voluit,
1173 1955 1220 2022 ito

54 2076 81 2138 et
100 2092 157 2138 nos
185 2076 359 2160 patronum
387 2076 420 2138 te
447 2071 565 2138 sentire
594 2075 800 2156 satagemus.
846 2070 985 2138 Nomina
1013 2089 1137 2156 qnoque
1164 2069 1219 2138 de·

53 2185 224 2256 innotorum
247 2191 279 2254 ot
300 2187 385 2254 vium
401 2187 613 2254 universalem
626 2187 883 2272 ingredientium,
905 2191 1002 2274 prout
1021 2187 1219 2274 oportunitas

53 2303 117 2370 nni
138 2302 300 2388 exigerit‘,
327 2323 367 2370 ex
389 2306 523 2390 unoque
545 2307 636 2390 purte
659 2301 869 2388 edomentur,
899 2308 1054 2389 quolenus
1084 2307 1121 2370 ut
1142 2301 1219 2370 deus

52 2415 171 2486 deornm
201 2422 235 2486 ot
262 2417 408 2485 dominus
432 2419 678 2503 dominantium,
708 2419 762 2504 qui
790 2439 846 2486 vos
869 2419 904 2486 in
926 2419 1146 2506 episeopotns‘
1168 2438 1218 2486 re-

52 2533 145 2616 gimen
167 2554 290 2623 ponere
312 2534 422 2619 voluit,
446 2555 536 2602 suam
556 2533 681 2622 plebem
696 2535 738 2602 sd
752 2534 934 2604 individuae
949 2533 1114 2602 Trinitutis
1131 2533 1218 2620 ugni-

51 2649 157 2718 tionem
181 2656 218 2720 et
239 2649 371 2718 unitatis
387 2650 598 2719 snbstuntiom
612 2671 670 2738 per
684 2671 742 2718 vos
759 2651 914 2720 adducere
930 2651 1086 2736 dignetur.
1162 2649 1218 2716 Vi·

51 2767 136 2854 root,
158 2767 309 2838 felioibus
331 2765 427 2836 finem
449 2765 587 2836 clausuri
609 2766 756 2836 ooloibus.

561 2885 689 2952 s-os¹

124 2999 294 3084 Preteree,
324 2999 509 3086 opiissime
538 3005 647 3086 puter,
674 2999 734 3066 tibi
756 2998 968 3066 intimandnm
991 3016 1151 3066 ouremus:
1180 3003 1217 3066 nt

49 3115 180 3196 gerolum
205 3117 423 3203 praesentium
443 3113 623 3183 litterarum
646 3115 760 3183 devoto
782 3118 887 3182 monto
909 3113 1034 3182 anobis
1049 3113 1216 3181 transmis-

48 3231 125 3296 sunk
146 3233 252 3315 seius3
284 3237 316 3301 et
338 3233 420 3299 siout
441 3229 566 3299 fidelem
588 3231 648 3298 tibi
670 3251 739 3300 esse
762 3229 991 3318 oomperimns,
1020 3229 1067 3296 itu
1090 3234 1121 3297 et
1144 3250 1216 3298 eum

48 3349 273 3417 moeridionm
295 3348 330 3415 in
353 3346 498 3416 omnibns
521 3347 613 3415 nobis
636 3347 790 3415 invenies.

49 3528 100 3602 ll.
123 3535 316 3622 Bonifatius
338 3535 548 3622 Eadburgom
575 3535 768 3601 abbatissam
794 3533 1018 3602 Tbaoeteoeem
1039 3545 1150 3620 rogat,
1180 3548 1216 3600 at

122 3675 186 3739 pro
212 3673 245 3718 ee
268 3663 297 3718 et
313 3674 377 3739 pro
395 3654 538 3739 paganis
560 3673 667 3738 praeeo
682 3649 812 3735 faoiat¹.
943 3647 979 3728 (S
998 3649 1049 3732 13,
1072 3645 1140 3716 WG
1160 3649 1213 3731 17)

123 3787 237 3852 Aureo
266 3783 420 3871 spiritalis
443 3783 560 3852 umoris
583 3781 710 3851 vinonio
733 3781 970 3870 amplectendae
992 3787 1025 3848 et
1047 3780 1153 3848 divino
1178 3802 1214 3849 eo
1233 3795 1372 3850 llo-lor

48 3897 177 3984 virgineo
202 3899 346 3968 canons
369 3899 475 3968 osoulo
499 3897 701 3984 stringendae
725 3899 827 3966 sorori
845 3897 1059 3982 Eedbnrgoe¹
1076 3896 1214 3965 abbatis·

108 4057 127 4090 ι.
149 4042 285 4102 mutnus
302 4045 336 4089 Ι.
390 4041 413 4088 Ιι.
433 4041 623 4090 monosteriorum
641 4041 668 4090 7.
723 4054 743 4088 a.
760 4039 893 4099 dulgnstur
910 4039 937 4088 7.
991 4039 1015 4088 d.
1031 4039 1146 4088 continete
1159 4042 1214 4088 MC.

48 4133 64 4165 r.
80 4127 169 4170 ιηύι
186 4124 320 4181 numus
335 4124 363 4169 c.
438 4121 453 4168 l.
474 4139 531 4169 carr.
548 4125 571 4170 la
586 4122 687 4182 uegerit
704 4125 730 4169 C.
804 4133 825 4178 g.
846 4119 991 4180 eplsaopstos
1008 4123 1043 4166 lt.
1112 4119 1135 4166 Ιι.
1156 4137 1213 4166 corr.

48 4201 186 4251 induc.
256 4202 504 4250 ss-uson.rrc.
566 4199 907 4249 heoratstrsnsmlsumr.
969 4197 1214 4254 lausto—et,

49 4279 202 4338 eblo-68,
223 4280 296 4329 Vre.
319 4281 425 4328 nanas
441 4281 497 4328 ltem
513 4280 610 4343 epmmle
622 4279 734 4328 Bonllsall
750 4278 917 4340 uolrieplseupl
932 4277 1011 4326 107.
1088 4290 1118 4324 m.
1138 4277 1213 4324 lesd-

47 4355 147 4492 ΜὛ
154 4435 320 4511 muribus,
338 4437 357 4494 i.
370 4453 394 4494 e.
412 4437 574 4511 religionum
592 4436 770 4498 sollemnibus
788 4433 897 4506 (officiis
915 4432 1129 4502 eoolesioetiois).

939 4530 999 4588 14·
