3110 4844
291 282 318 330 s.
335 281 511 331 normann
532 283 577 330 ur
599 282 703 330 uuum
724 280 912 330 nersronsn
935 284 980 330 111
1157 267 1219 333 271

72 420 202 489 bieratm
231 419 434 508 abbatisque¹
456 422 573 490 bonore
596 442 669 490 oum
690 423 879 510 procedente
901 424 1104 511 propriorum
1127 425 1222 490 meri-
1240 429 1382 502 tob-tot

70 543 155 604 torum
176 537 324 623 suffragio
348 539 511 623 decorato,
539 537 666 623 Lullus,
697 543 858 606 extremus
887 537 1080 606 orthodoxae
1109 540 1222 606 matris

70 653 194 722 videlieet
215 654 366 722 ecclesiae
388 653 551 738 alumnus,
574 654 833 722 inmarcescibilis
857 654 1000 722 caritatis
1022 655 1055 722 in
1079 654 1223 740 angulari

67 768 156 856 lapide
176 771 340 855 utriusque
361 766 561 837 testamenti¹
584 770 780 838 salutiferam
803 771 948 839 salutem.

139 883 216 952 Fido
238 891 381 970 gestante
403 885 530 970 gerulo,
553 907 686 954 munera
707 887 867 971 largitatis
890 892 963 954 tuae
986 886 1027 952 ad
1049 905 1100 952 me
1122 905 1222 970 usque

68 999 155 1068 dolatu
175 1007 403 1089 peruenerunt3
427 1002 484 1068 sed
506 1005 539 1068 et
560 1002 764 1070 suavissimas
788 1001 967 1070 benivolos·
991 1002 1132 1068 caritatis
1147 1007 1221 1068 tuae

65 1116 264 1201 adutatmnes,
286 1137 380 1184 omne
401 1137 516 1184 munus
539 1118 710 1202 vincentes,
734 1137 823 1185 more
846 1117 939 1184 solito
955 1117 1075 1204 pariter
1091 1118 1222 1184 comite-

66 1231 172 1300 bantur.
219 1233 339 1313 Quibus
362 1233 478 1300 auditis
501 1238 534 1300 et
561 1235 736 1321 perceptis,
764 1235 878 1302 uberes
900 1233 968 1300 Deo
990 1233 1134 1320 piissimo
1156 1234 1223 1319 pri-

64 1349 146 1415 mitus
166 1349 219 1433 egi
240 1350 377 1434 gratim
405 1354 442 1415 ut
463 1349 576 1416 decuit.
622 1349 667 1417 Et
689 1350 802 1418 deinde
824 1348 1016 1418 fraternitati
1038 1353 1111 1415 tuae
1135 1348 1224 1416 debi-

64 1464 118 1530 us*
137 1465 263 1532 reddidi
291 1469 413 1549 grates3
444 1465 519 1550 quia
545 1469 578 1531 ts
605 1465 639 1531 in
666 1467 788 1532 minore
817 1469 974 1552 potestate
995 1463 1120 1532 fidelem
1143 1465 1223 1532 soie-

64 1577 133 1664 bam,
153 1582 187 1647 in
211 1581 332 1648 maiore
355 1581 448 1646 citius
469 1578 643 1648 fideliorem
666 1581 868 1668 comprobari.

137 1696 297 1784 Comperto
320 1701 443 1763 autem‘
465 1697 686 1784 prosperitatis
709 1701 783 1764 tuae
805 1715 961 1780 successu,
985 1715 1059 1780 eger
1081 1695 1224 1762 aruimusd

62 1815 218 1897 utrumque
241 1813 319 1896 agit:
351 1811 508 1896 gaudebat
530 1812 569 1880 de
592 1813 775 1880 escensione
799 1812 883 1878 cari·
906 1810 1042 1896 sodalis,
1071 1812 1126 1878 sed
1149 1830 1224 1879 oon-

60 1927 236 1995 tristabatur
262 1928 302 1996 de
330 1928 493 1995 divisione.
540 1927 621 2007 Quia
648 1928 707 1995 boc
737 1925 950 1994 intollerabile
973 1926 1058 2012 apud
1080 1927 1223 1994 homines

60 2042 180 2128 ridetur,
205 2043 284 2110 dum
306 2045 350 2128 is,
374 2044 429 2128 qui
451 2063 509 2130 pre
532 2044 644 2111 ceteris
667 2042 739 2130 plus
763 2043 922 2127 diligitur,
946 2047 1076 2128 repente
1099 2043 1223 2110 subtra-

61 2155 146 2241 bitur3
176 2159 325 2246 quamuis
354 2179 413 2246 pro
442 2163 528 2226 certo
557 2159 672 2244 seiam,
709 2158 793 2245 quod
820 2157 909 2224 nulla
934 2162 1092 2224 terrarum
1121 2157 1225 2244 spatia

59 2273 118 2340 illos
139 2275 284 2342 dividere
308 2279 449 2361 possunt
473 2293 551 2358 quos
572 2293 667 2342 verus
687 2273 806 2342 Christi
829 2293 918 2340 emor
940 2271 1132 2360 indisrupto¹
1155 2293 1225 2357 ger-

59 2391 226 2478 umoris
250 2388 375 2458 vinculo
409 2390 517 2456 nectit
570 2389 663 2456 Teste
693 2390 761 2457 Deo
790 2425 832 2438 -
864 2410 905 2457 ne
932 2389 1041 2458 videor
1070 2388 1224 2456 adolando

59 2503 154 2574 fallere
177 2543 224 2554 -
250 2507 326 2591 quia
347 2511 390 2590 te,
413 2511 515 2593 pater,
539 2511 692 2592 quantum
713 2507 829 2574 mentis
851 2505 1047 2593 possibilitas
1063 2505 1224 2589 adtribuit,

58 2619 161 2688 interni
186 2621 321 2690 affectus
345 2641 452 2689 amore
475 2621 582 2705 diligo.

133 2737 205 2806 Hoc
231 2743 337 2805 autam
359 2735 496 2804 subnixa
517 2755 610 2823 prees
633 2734 794 2803 humiliter
817 2736 960 2804 obsecro:
989 2741 1026 2804 ut
1053 2755 1225 2822 numquam

58 2853 142 2922 send
171 2853 361 2921 merriaco
390 2857 534 2939 ceptam⁸
557 2854 722 2920 caritatem
751 2852 873 2919 desidia
901 2853 1037 2940 torporis
1060 2853 1093 2919 in
1116 2856 1224 2918 nostro

57 2976 172 3054 pectore
194 2970 369 3054 frigescere
392 2969 533 3035 duarum
557 2967 642 3034 velut
663 2987 795 3055 parvam
819 2967 989 3036 scintillam
1010 2968 1223 3052 municipiis,

57 3083 132 3152 iulus
157 3087 307 3154 cinerum
333 3083 443 3152 favilla
471 3082 671 3166 suffocatem3
707 3103 748 3150 ne
780 3084 814 3149 in
845 3083 985 3150 derisum
1012 3083 1176 3151 veniemus
1206 3103 1226 3148 a

57 3201 304 3285 promentibus
327 3205 455 3287 ceptum
478 3197 655 3266 aedificium
678 3199 950 3267 considerantibus
972 3195 1097 3266 turris⁸.
1138 3197 1226 3266 Dicit

58 3319 221 3406 scriptura:
254 3317 321 3400 Qut
346 3318 592 3404 promererent
613 3339 712 3402 reque
733 3319 768 3382 in
784 3317 898 3400 firma,
930 3317 980 3382 frio
1002 3317 1109 3382 caloae
1133 3312 1225 3394 erit‘r

57 3451 104 3499 nec
124 3434 264 3521 quilibet
286 3431 402 3498 artifex
426 3432 578 3519 decepto
602 3451 697 3518 opere
725 3431 890 3516 laudatur,
920 3432 976 3498 sod
1004 3432 1043 3500 do
1073 3431 1222 3518 perfeeto.

57 3545 113 3616 lloc
139 3555 253 3618 autem
287 3567 391 3614 meam
425 3547 695 3632 mediocritatem,
724 3547 899 3632 quamlibet
926 3551 1028 3614 aetate
1056 3547 1223 3632 iuniorem,

58 3665 157 3733 nerito
180 3665 349 3750 graduque
371 3663 538 3748 minorem,
561 3663 695 3731 seientia
716 3662 914 3747 inferiorem,
939 3663 1057 3748 absquo
1078 3663 1144 3730 ullo
1168 3663 1225 3729 du·

117 3855 138 3888 s.
157 3841 298 3890 bseniuolu
315 3843 343 3890 7.
426 3841 449 3888 b.
469 3840 560 3887 dabitur
578 3841 606 3888 V.
689 3851 710 3886 e.
730 3839 790 3887 Ν.
865 3840 887 3886 d
908 3840 989 3887 antuus
1007 3841 1035 3888 7.
1107 3853 1127 3886 s.
1148 3853 1189 3887 eur
1205 3839 1231 3887 7

59 3913 210 3982 (araneae
227 3919 350 3978 sam).
427 3919 581 3980 tumuere
600 3919 627 3967 r.
705 3932 727 3979 g.
748 3921 839 3980 capsum
858 3920 885 3967 ν.

118 4029 142 4082 1.
166 4025 204 4081 V.
225 4025 294 4080 Vita
313 4023 343 4080 S.
360 4023 485 4094 Gregorii
502 4023 687 4078 lruieotsnsis
712 4021 821 4078 abbatis
844 4038 868 4078 c.
887 4024 921 4078 14
944 4037 988 4093 ap.
1006 4020 1136 4080 llabillon
1153 4023 1227 4078 Aeta

59 4105 98 4166 SS.
114 4114 171 4170 ord.
190 4113 264 4169 Ben
283 4127 356 4170 asse.
369 4111 439 4167 1112
455 4127 482 4182 p.
495 4112 562 4166 329:
588 4115 673 4180 „post
696 4111 856 4183 martyrium
880 4113 967 4166 saneti
986 4111 1110 4181 magistri
1128 4111 1225 4178 (Boni-

58 4195 117 4267 biii]
131 4203 194 4272 ipse
212 4216 326 4272 quoque
343 4199 370 4256 b.
383 4200 532 4271 Gregorius
551 4199 719 4270 aStephano
733 4199 784 4267 (III
796 4201 848 4255 ‘152
856 4199 953 4268 —75'0
966 4201 1132 4270 apostolieae
1151 4199 1226 4255 sedis

58 4292 173 4354 mesula
191 4295 224 4346 et
244 4289 279 4345 ab
296 4289 394 4346 illustri
405 4304 471 4360 rege
483 4289 598 4359 Pippino
611 4290 733 4359 suscepit
744 4288 934 4344 auctoritatem
946 4288 1099 4344 seminandi
1110 4287 1225 4344 verbum

59 4373 320 4436 neumenia
362 4377 635 4449 numerosam.
677 4379 704 4434 e.
717 4376 942 4448 cinnameo.
981 4376 1225 4449 euasurum.
