3148 4846
312 337 518 386 wunmsunr
539 339 618 386 vrrs
641 338 668 386 s.
685 337 862 392 nosnsru
885 339 960 390 oss.
976 341 1082 389 vern
1214 323 1281 394 tdb

110 479 306 566 diversisque
342 484 523 548 sanatorum
556 479 698 567 reliquiis
730 479 852 566 legatos
884 480 1054 552 honorilice
1086 483 1210 552 remisit
1241 483 1282 552 ad
1298 509 1323 550 o.
1337 493 1390 552 tta

198 711 449 780 Advenientibus
472 731 547 797 ergo
569 714 689 781 nuntiis
712 733 749 782 ee
770 719 962 802 spontanea·
975 713 1037 782 siri
1052 713 1216 800 apostolici
1231 734 1281 782 re·

23 877 25 885 .
109 827 282 897 terentibus
297 849 460 916 responsa,
484 831 548 897 iam
563 829 822 916 gratulabundus,
843 829 1034 919 apostolieae
1049 831 1133 898 sedis
1147 831 1280 898 nimium

108 945 304 1014 eonfortetur
330 946 506 1014 devotionis
539 945 704 1032 suffragio,
738 967 860 1035 opeque
892 946 1018 1014 diuinae
1045 947 1281 1016 misericordiae

107 1061 297 1148 inspiratus,
332 1061 411 1138 duas
439 1061 586 1130 videlieet
612 1063 779 1132 aeoolesias
807 1063 944 1131 Domine
972 1062 1153 1131 fabrieavit:
1183 1083 1281 1132 unam

108 1179 229 1266 quippe
261 1180 294 1244 iu
321 1176 516 1264 Fridsslare,
550 1199 646 1264 quam
674 1179 710 1246 in
735 1179 853 1248 honere
881 1179 984 1247 saneti
1010 1177 1097 1248 Petri
1127 1179 1280 1268 prinoipis

108 1293 324 1381 apostolorum
340 1295 550 1377 mnseererit3
575 1301 608 1362 et
621 1295 754 1362 alteram
768 1296 803 1362 in
817 1294 1072 1379 Amanaburow,
1088 1294 1170 1362 bene
1185 1296 1280 1364 etiam

106 1411 141 1476 in
167 1410 289 1504 bonore
314 1411 415 1478 saneti
437 1409 618 1478 Miebaelis⁰
640 1411 820 1496 archangeli
850 1411 1016 1478 dedicavit
1061 1411 1133 1478 Duo
1156 1431 1280 1498 quoque

105 1526 332 1594 monasteriola
353 1526 492 1594 duabusd
514 1527 654 1596 iniunxit
674 1527 844 1614 aecclesiis,
867 1528 1007 1614 hiisque·
1029 1541 1094 1594 non
1115 1528 1279 1596 minimam
1352 1519 1353 1522 '

106 1643 311 1710 seruientium
334 1642 403 1710 Deo
429 1642 664 1712 multitudinem
694 1643 894 1729 subrogavit,
921 1644 969 1710 ita
996 1648 1159 1728 utusque
1186 1643 1280 1712 bodie

105 1758 208 1843 gloria
229 1764 262 1826 et
283 1759 459 1828 beuediatie
481 1765 515 1828 et
535 1761 710 1845 gratiarum
734 1761 816 1828 aetio
836 1760 963 1826 domino
983 1758 1052 1826 Deo
1074 1759 1186 1826 devote
1204 1779 1279 1826 oeu-

104 1875 214 1943 isrtur.

193 1989 314 2077 Hisque
345 1989 490 2058 omnibns
524 1991 586 2058 rito
619 1992 785 2076 enubentis,
820 1989 1055 2059 Brriomorumr
1082 1990 1278 2078 temporibus

104 2107 277 2194 Hueperti¹
304 2103 410 2174 dunis¹
437 2111 539 2176 terras
568 2107 648 2174 adiit
678 2107 984 2194 praedicationisque
1018 2106 1158 2174 studium
1193 2107 1278 2193 apud

104 2243 158 2291 eos
180 2223 420 2307 diligentissime
444 2223 583 2290 exercuit
605 2229 637 2291 et
660 2224 777 2292 multas
792 2221 1018 2291 eonsideraudo
1034 2223 1146 2291 eireuit
1159 2221 1277 2290 aeeele-

104 2339 178 2406 sias.
225 2337 387 2425 Tantoque
409 2337 535 2406 divinae
556 2338 751 2408 {erudiris
775 2339 842 2408 zelo
865 2344 1006 2408 armatus
1029 2344 1093 2425 est,
1121 2343 1158 2406 ut
1180 2357 1277 2423 qaen-

104 2455 178 2522 daru
207 2455 335 2542 quidem
364 2455 576 2522 scismatieum
606 2456 745 2524 beretioa
771 2458 929 2544 pravitate
956 2456 1122 2542 dereptum
1148 2455 1276 2523 nomine

103 2569 326 2638 Eremssllum¹¹
349 2572 441 2639 iuxta
461 2571 767 2640 eanonumdeoreta
787 2573 952 2640 damnauit
974 2577 1068 2658 etque
1091 2571 1219 2652 abieoit3
1242 2576 1277 2638 et

102 2687 256 2774 populum
287 2709 306 2754 a
333 2707 483 2775 pervorsa
511 2689 625 2756 seetad
654 2688 721 2754 eius
749 2688 898 2756 idolatrie
925 2687 1072 2756 eorrexit
1161 2686 1206 2754 Et
1235 2687 1275 2754 ad

102 2803 233 2887 batum,
268 2801 327 2871 sub
360 2823 437 2872 suae
469 2803 634 2872 diooeseou
668 2803 905 2888 gubernationis
930 2804 1132 2887 eonstitutos‚
1164 2821 1274 2870 rursus

101 2919 269 3004 migravit,
298 2921 388 2989 iuxta
413 2920 493 2988 illud
521 2920 656 3008 apostoli
684 2919 888 3008 cupiditatem
916 2919 1035 2988 habeus
1062 2917 1210 2988 seniendi
1234 2918 1274 2985 ed

101 3033 243 3104 betres'.

190 3151 276 3220 vlit
311 3153 411 3237 Igitur
431 3152 524 3218 huius
546 3152 608 3218 viri
630 3151 857 3238 aliquantisper
878 3151 1063 3218 meritorum
1086 3149 1274 3218 denumenta

101 3269 332 3356 eremannos,
361 3273 412 3352 ut,
441 3267 570 3352 quanto*
599 3285 633 3336 se
660 3266 828 3350 relegionis
856 3267 1009 3350 regimine
1036 3287 1094 3353 per
1119 3272 1271 3334 eunetos·
1401 3369 1405 3380 1

101 3386 214 3454 ersus
238 3405 314 3452 suae
335 3385 452 3469 gradus
474 3383 688 3452 indesinenter
709 3383 838 3467 rexerit,
860 3381 949 3450 brevi
971 3382 1117 3452 videlieet
1130 3383 1272 3470 prefera-

172 3586 193 3619 ι.
210 3573 336 3632 spontanee
353 3573 378 3618 F.
443 3568 466 3617 b.
487 3569 654 3627 hammaburob
670 3573 696 3628 F,
716 3567 869 3628 hammaburg
884 3571 915 3626 A,
937 3569 1081 3632 bursuspurg
1097 3571 1124 3616 Β.
1187 3583 1207 3615 a.
1227 3567 1269 3615 bil-

99 3651 202 3702 ebabells
213 3654 242 3699 A.
297 3651 321 3698 d.
336 3649 425 3698 dnobus
435 3651 462 3706 F,
478 3648 566 3696 duabus
578 3653 620 3696 A.¹
661 3663 681 3696 s.
696 3647 819 3710 bisqueA.
869 3647 886 3696 l.
902 3647 1064 3707 Bnguarlorunr
1075 3653 1102 3695 A.
1155 3661 1176 3707 g.
1193 3647 1269 3706 liuge-

98 3731 345 3790 bertiaitugubsrtt
360 3733 388 3776 B.
449 3727 624 3776 bllreurrlluru
639 3731 667 3777 B.
728 3729 869 3777 tessus.
930 3728 953 3776 k.
974 3727 1110 3786 Qualiter
1134 3727 1269 3788 expulsis

99 3811 245 3880 beretials
260 3810 471 3870 baguariorum
490 3809 674 3870 prosluolsm
689 3811 717 3858 in
733 3811 872 3869 quattuor
888 3808 998 3856 dividit
1012 3807 1187 3869 parrochias
1202 3809 1269 3866 m.

98 3891 113 3940 b
134 3893 220 3954 quauta
235 3894 261 3939 F.
337 3905 367 3938 nr.
387 3894 468 3938 euntes
483 3891 512 3936 A.

171 3998 196 4050 1.
219 4009 300 4065 qnam
312 3993 414 4050 obiisse
426 4009 451 4049 a.
465 3993 524 4063 739,
537 3991 638 4048 deoeut
648 3991 810 4049 buntarium
822 3992 971 4049 (lau-stenae
982 3995 1011 4047 st
1022 3990 1144 4047 Annales
1156 3989 1184 4046 8.
1193 3989 1268 4046 Rud-

97 4084 170 4142 berti
188 4083 410 4154 Salisburgenses
429 4083 517 4148 (lton.
531 4081 621 4137 Germ.
634 4080 683 4136 SS.
696 4081 736 4136 IX
748 4081 801 4137 666
819 4087 848 4137 ot
866 4083 943 4149 766).
971 4081 1028 4136 Neo
1050 4079 1163 4150 probem
1185 4079 1267 4136 ratio·

97 4190 169 4244 nem,
188 4189 271 4244 quam
289 4172 351 4230 iniit
366 4171 490 4230 blederer
508 4170 652 4239 (Beitrbge
670 4185 719 4226 nur
736 4169 899 4228 Geeebiebte
917 4185 973 4228 von
990 4169 1103 4238 Belem,
1121 4168 1160 4224 IV
1179 4165 1266 4224 Stdek

97 4277 124 4333 p
137 4263 221 4332 218),
245 4277 279 4318 ex
303 4259 387 4320 dubie
409 4259 521 4318 tabulae
543 4259 685 4316 ouiusdam
709 4273 821 4316 suarem
839 4263 954 4316 mortem
971 4257 1103 4328 lluoperti
1121 4255 1157 4312 sd
1175 4272 1200 4312 a
1213 4257 1266 4312 735

97 4353 143 4410 vel
161 4353 214 4410 766
231 4349 361 4410 miesans.
433 4352 460 4408 2.
483 4349 562 4407 Rom.
575 4349 618 4420 16,
630 4349 679 4406 aa:
699 4347 899 4419 „eupiditatem
917 4351 1009 4404 autem
1021 4344 1125 4402 babens
1136 4344 1265 4402 veniendi

98 4441 134 4497 ad
151 4440 232 4499 ves“.
