3164 4842
417 273 473 354 nx'
487 305 642 356 ermom
662 307 743 354 vrrs
764 305 792 356 s.
808 307 984 382 normann
1214 289 1280 358 505

117 465 210 513 sunm
231 452 301 514 orat
321 445 467 531 reddidit,
491 449 628 514 unimam
650 469 725 516 vero
747 448 933 517 caelestibus
955 449 1080 534 gaudiis
1100 449 1281 518 sudandam
1299 459 1351 514 755

117 563 306 630 omnimodis
328 563 473 651 precibus
495 565 713 634 commendare
734 567 865 634 curauit

206 679 243 746 In
269 681 357 748 cuins
379 679 575 748 venerandae
601 683 728 750 tumbae
756 682 825 750 loeo
853 703 909 770 per
936 683 1003 750 eius
1024 681 1139 750 merita
1160 681 1279 766 multis,
1290 694 1447 750 loct-1066

116 815 194 882 quos
217 795 294 863 fides
317 816 456 881 congrua
478 797 519 864 ad
541 797 711 865 obtinenda
732 819 865 886 eaquae
880 799 1052 888 deposcunt
1067 799 1188 883 incitat,
1209 796 1280 885 plu·

115 912 198 978 rima
220 913 369 980 eveniunt
389 911 540 980 beneficia
560 917 627 980 tam
649 915 808 982 interioris
831 935 925 1002 quam
949 915 1113 984 exterioris
1132 915 1279 982 bominis.

115 1027 277 1096 Interioris
300 1028 442 1115 quidem,
472 1049 541 1096 cum
565 1028 749 1098 delictorum
773 1051 901 1098 suornm
924 1032 1048 1099 ueniam
1072 1031 1279 1114 obtinuerint3

115 1145 282 1213 exterioris
305 1165 394 1229 vero,
424 1165 495 1212 cnm
523 1145 739 1214 infirmitatem
761 1148 811 1214 vel
834 1148 1027 1215 debilitatem
1051 1147 1189 1234 aliquam
1211 1169 1279 1216 oor-

114 1261 256 1348 poralem
279 1262 445 1328 evaserint
481 1261 567 1342 Quae
588 1263 734 1330 videlicet
755 1269 887 1350 unaque
909 1263 1060 1332 beneficia
1081 1265 1280 1350 quotiescun·

114 1397 176 1463 que
203 1377 248 1444 ibi
273 1399 336 1444 non
359 1379 583 1487 impetrantur,
613 1399 676 1448 non
697 1380 918 1466 imputandum
941 1387 989 1448 est
1010 1379 1061 1448 rel
1082 1380 1209 1449 divinae
1230 1383 1280 1449 in·

112 1493 299 1562 clementiae
325 1515 381 1562 sen
402 1492 540 1562 invalido
563 1494 647 1582 opud
670 1495 772 1564 Deum
795 1497 895 1563 sancb'
918 1495 1071 1564 Boniiaoii
1094 1497 1279 1583 patrocinio,

112 1611 170 1677 sed
196 1611 301 1696 potins
324 1611 388 1695 his,
419 1612 488 1696 qui,
515 1609 701 1678 infidelitate
723 1613 823 1699 eapti,
851 1631 914 1678 non
936 1617 1098 1680 merentur
1119 1614 1279 1697 exaudiri;

112 1731 283 1794 munte
311 1726 522 1812 euangelista,
554 1728 608 1813 qui
631 1728 670 1796 do
692 1727 828 1794 Domino
855 1733 962 1795 nostm
986 1727 1077 1796 dicit:
1108 1730 1194 1813 Quia
1215 1754 1279 1797 non

108 1847 217 1930 potuit
242 1845 324 1910 ullus
352 1847 479 1912 virosae
497 1845 611 1930 facore
627 1859 762 1932 propter
782 1845 1030 1912 heracleotem
1052 1849 1252 1934 quomodam
1260 1843 1278 1914 ¹.

111 1958 247 2026 Cessent
269 1959 365 2026 etiam
387 1959 547 2028 interdum
568 1959 721 2026 muscula
742 1967 807 2027 tam
830 1981 888 2048 pro
909 1961 1070 2028 servitutis
1085 1961 1209 2028 divinae
1224 1983 1279 2029 ne-

110 2075 264 2160 gligentia
292 2096 387 2160 qnam
409 2096 468 2162 pro
490 2075 696 2159 incorrigibili
718 2076 960 2144 inhabitantium
983 2077 1125 2158 malicia3
1156 2083 1281 2145 cessant

110 2192 299 2277 etidcirco,
332 2193 423 2278 quia,
453 2211 524 2259 cum
552 2192 720 2277 aliquando
743 2213 800 2280 per
821 2193 1077 2262 intercessionem
1099 2200 1278 2262 sanctornm

109 2309 274 2393 eueniunt,
305 2328 369 2375 non
396 2307 499 2376 solnm
525 2307 634 2376 laudes
657 2308 706 2375 vol
734 2314 840 2392 grates
863 2309 987 2378 debitae
1010 2309 1077 2378 Deo
1100 2311 1279 2398 sanctisque

108 2425 178 2494 sius
200 2425 331 2492 minime
352 2423 532 2492 referuntur
554 2425 610 2491 sed
631 2443 691 2492 neo
713 2426 883 2495 memoriae
905 2427 1174 2496 commendantur.

199 2541 319 2608 Habuit
346 2547 451 2608 autem
481 2546 608 2608 sanctus
630 2540 809 2609 Boniiooius
836 2543 871 2608 in
896 2543 1278 2631 episcopatusnono,

107 2661 269 2726 menses6
293 2664 326 2725 et
347 2657 413 2724 dies
430 2661 460 2724 6.
495 2656 611 2724 Passus
633 2679 707 2726 uero
731 2663 779 2726 est
800 2678 865 2726 una
886 2679 957 2726 oum
980 2661 1074 2728 sociis
1090 2661 1156 2728 suis
1171 2660 1277 2728 Nonas
1305 2665 1357 2720 ⁷55

107 2773 207 2858 lunii,
238 2793 319 2842 auno
342 2774 463 2842 scilieet
484 2774 746 2862 peregrinationis
769 2793 845 2842 sune
868 2776 1122 2860 quadragesimo,
1152 2777 1207 2844 sed
1229 2779 1278 2844 in·
1294 2737 1368 2786 ΙΝ

107 2891 302 2958 carnationis
324 2890 453 2957 Domini
483 2891 762 2977 septingentesimo
790 2891 1048 2976 quinquagesimo
1074 2893 1199 2978 quinto,
1227 2913 1278 2960 re-

107 3012 227 3093 gnanto
249 3007 359 3074 eodem
382 3007 509 3075 domino
531 3011 650 3090 nostro,
680 3008 731 3073 oui
754 3007 823 3074 laus
846 3013 879 3075 et
899 3007 1001 3092 gioria
1022 3029 1079 3095 per
1102 3008 1208 3075 omniu
1228 3029 1277 3076 se·

107 3123 181 3194 cuia
202 3123 388 3191 seculorum.
423 3124 536 3190 Amen.

270 3238 298 3305 0
320 3259 386 3323 vos,
411 3239 464 3326 qui
487 3239 597 3324 nostis
621 3239 697 3324 quid
719 3239 859 3326 perierat
879 3239 934 3306 ille
955 3238 1083 3325 laboris,

270 3355 330 3436 Qui
351 3376 385 3422 se
409 3355 573 3423 scribendo
596 3355 729 3439 emtigat
750 3360 893 3442 tempore
914 3356 1034 3440 crebro,

268 3471 415 3538 Assiduis
438 3472 584 3559 precibus
606 3491 761 3538 memores
784 3473 865 3556 sitis,
888 3491 1009 3558 precor,
1034 3471 1110 3556 eins,

269 3587 329 3668 Qui
351 3593 517 3676 promptus
538 3587 656 3656 librum
678 3587 865 3674 conscripsit
887 3593 919 3654 et
940 3587 1039 3654 edidit
1060 3589 1166 3656 istum.

269 3705 317 3771 Tu
340 3725 463 3791 quoque
486 3709 593 3772 sancte
615 3703 676 3771 Dei
698 3725 818 3772 memor
841 3709 907 3770 esto
931 3705 990 3789 sui,
1012 3703 1164 3791 Bnnifaci,

269 3820 316 3888 Ob
338 3821 427 3888 ouius
449 3821 576 3888 laudem
597 3821 713 3888 librum
736 3820 924 3907 conscripsit
945 3821 1089 3906 eundem,

269 3936 312 4004 Ut
332 3957 429 4022 regno
453 3936 571 4005 Christi
592 3943 703 4024 perte
726 3936 830 4004 salem
851 3937 973 4004 sociari.

179 4115 204 4169 1.
229 4113 324 4169 Mattb.
339 4113 380 4186 1³,
394 4115 437 4169 58.

585 4275 797 4285 ———
