<?xml version="1.0" encoding="UTF-8"?>
<!DOCTYPE html PUBLIC "-//W3C//DTD XHTML 1.0 Transitional//EN"
    "http://www.w3.org/TR/xhtml1/DTD/xhtml1-transitional.dtd">
<html xmlns="http://www.w3.org/1999/xhtml" xml:lang="en" lang="en">
 <head>
  <title>
</title>
<meta http-equiv="Content-Type" content="text/html;charset=utf-8" />
  <meta name='ocr-system' content='tesseract 3.04.00' />
  <meta name='ocr-capabilities' content='ocr_page ocr_carea ocr_par ocr_line ocrx_word'/>
</head>
<body>
  <div class='ocr_page' id='page_1' title='image "./bibliothecareru03jaffgoog_0489.png"; bbox 0 0 3164 4842; ppageno 0'>
   <div class='ocr_carea' id='block_1_1' title="bbox 524 305 1285 372">
    <p class='ocr_par' dir='ltr' id='par_1_1' title="bbox 524 305 1285 372">
     <span class='ocr_line' id='line_1_1' title="bbox 524 305 1285 372; baseline 0.001 -1"><span class='ocrx_word' id='word_1_1' title='bbox 524 321 641 372; x_wconf 71' lang='lat' dir='ltr'><strong>resero</strong></span> <span class='ocrx_word' id='word_1_2' title='bbox 663 322 689 370; x_wconf 90' lang='lat' dir='ltr'><strong>s.</strong></span> <span class='ocrx_word' id='word_1_3' title='bbox 707 321 882 371; x_wconf 79' lang='lat' dir='ltr'><strong>novmnrn</strong></span> <span class='ocrx_word' id='word_1_4' title='bbox 1218 305 1285 372; x_wconf 75' lang='lat' dir='ltr'><strong>tte</strong></span> 
     </span>
    </p>
   </div>
   <div class='ocr_carea' id='block_1_2' title="bbox 117 462 1288 2524">
    <p class='ocr_par' dir='ltr' id='par_1_2' title="bbox 117 462 1288 1827">
     <span class='ocr_line' id='line_1_2' title="bbox 120 462 1286 548; baseline 0.001 -18"><span class='ocrx_word' id='word_1_5' title='bbox 120 464 165 530; x_wconf 82' lang='lat' dir='ltr'><strong>At</strong></span> <span class='ocrx_word' id='word_1_6' title='bbox 186 463 250 547; x_wconf 86' lang='lat' dir='ltr'><strong>ille,</strong></span> <span class='ocrx_word' id='word_1_7' title='bbox 274 463 314 532; x_wconf 81' lang='lat' dir='ltr'><strong>eb</strong></span> <span class='ocrx_word' id='word_1_8' title='bbox 337 463 455 532; x_wconf 88' lang='lat' dir='ltr'><strong>eisdem</strong></span> <span class='ocrx_word' id='word_1_9' title='bbox 477 469 606 532; x_wconf 81' lang='lat' dir='ltr'><strong>voestue</strong></span> <span class='ocrx_word' id='word_1_10' title='bbox 629 468 661 532; x_wconf 88' lang='lat' dir='ltr'><strong>et</strong></span> <span class='ocrx_word' id='word_1_11' title='bbox 683 484 703 530; x_wconf 83' lang='lat' dir='ltr'><strong>e</strong></span> <span class='ocrx_word' id='word_1_12' title='bbox 725 469 833 530; x_wconf 81' lang='lat' dir='ltr'><strong>eonoto</strong></span> <span class='ocrx_word' id='word_1_13' title='bbox 848 462 1010 530; x_wconf 72' lang='lat' dir='ltr'><strong>Ronfledo</strong></span> <span class='ocrx_word' id='word_1_14' title='bbox 1034 463 1222 548; x_wconf 74' lang='lat' dir='ltr'><strong>admonitus,</strong></span> <span class='ocrx_word' id='word_1_15' title='bbox 1245 483 1286 531; x_wconf 91' lang='lat' dir='ltr'><strong>ne</strong></span> 
     </span>
     <span class='ocr_line' id='line_1_3' title="bbox 120 579 1286 668; baseline 0 -20"><span class='ocrx_word' id='word_1_16' title='bbox 120 579 182 648; x_wconf 79' lang='lat' dir='ltr'><strong>eibi</strong></span> <span class='ocrx_word' id='word_1_17' title='bbox 204 579 379 668; x_wconf 87' lang='lat' dir='ltr'><strong>perieulum</strong></span> <span class='ocrx_word' id='word_1_18' title='bbox 401 586 434 649; x_wconf 94' lang='lat' dir='ltr'><strong>et</strong></span> <span class='ocrx_word' id='word_1_19' title='bbox 454 581 571 667; x_wconf 88' lang='lat' dir='ltr'><strong>populo</strong></span> <span class='ocrx_word' id='word_1_20' title='bbox 593 581 714 666; x_wconf 73' lang='lat' dir='ltr'><strong>pariter</strong></span> <span class='ocrx_word' id='word_1_21' title='bbox 735 579 976 667; x_wconf 80' lang='lat' dir='ltr'><strong>preeuipioium·</strong></span> <span class='ocrx_word' id='word_1_22' title='bbox 992 629 1000 646; x_wconf 92' lang='lat'><strong>.</strong></span> <span class='ocrx_word' id='word_1_23' title='bbox 1017 627 1027 646; x_wconf 87' lang='lat'><strong>.</strong></span> <span class='ocrx_word' id='word_1_24' title='bbox 1044 629 1070 664; x_wconf 86' lang='lat'><strong>.‚</strong></span> <span class='ocrx_word' id='word_1_25' title='bbox 1094 581 1203 648; x_wconf 82' lang='lat' dir='ltr'><strong>stetim</strong></span> <span class='ocrx_word' id='word_1_26' title='bbox 1218 580 1286 648; x_wconf 89' lang='lat' dir='ltr'><strong>eine</strong></span> 
     </span>
     <span class='ocr_line' id='line_1_4' title="bbox 119 695 1285 784; baseline 0 -20"><span class='ocrx_word' id='word_1_27' title='bbox 119 697 347 784; x_wconf 70' lang='lat' dir='ltr'><strong>repugnatione</strong></span> <span class='ocrx_word' id='word_1_28' title='bbox 368 696 507 764; x_wconf 73' lang='lat' dir='ltr'><strong>honestis</strong></span> <span class='ocrx_word' id='word_1_29' title='bbox 529 697 657 764; x_wconf 88' lang='lat' dir='ltr'><strong>monitis</strong></span> <span class='ocrx_word' id='word_1_30' title='bbox 679 695 848 778; x_wconf 84' lang='lat' dir='ltr'><strong>eonsentit3</strong></span> <span class='ocrx_word' id='word_1_31' title='bbox 872 700 905 762; x_wconf 92' lang='lat' dir='ltr'><strong>et</strong></span> <span class='ocrx_word' id='word_1_32' title='bbox 921 696 989 763; x_wconf 92' lang='lat' dir='ltr'><strong>sine</strong></span> <span class='ocrx_word' id='word_1_33' title='bbox 1010 695 1143 764; x_wconf 85' lang='lat' dir='ltr'><strong>sinoduli</strong></span> <span class='ocrx_word' id='word_1_34' title='bbox 1163 695 1285 784; x_wconf 88' lang='lat' dir='ltr'><strong>diseep·</strong></span> 
     </span>
     <span class='ocr_line' id='line_1_5' title="bbox 120 811 1285 900; baseline 0 -20"><span class='ocrx_word' id='word_1_35' title='bbox 120 813 240 880; x_wconf 73' lang='lat' dir='ltr'><strong>tutione</strong></span> <span class='ocrx_word' id='word_1_36' title='bbox 262 812 369 880; x_wconf 89' lang='lat' dir='ltr'><strong>sedern</strong></span> <span class='ocrx_word' id='word_1_37' title='bbox 392 819 424 880; x_wconf 88' lang='lat' dir='ltr'><strong>et</strong></span> <span class='ocrx_word' id='word_1_38' title='bbox 439 811 647 900; x_wconf 68' lang='lat' dir='ltr'><strong>perroobium</strong></span> <span class='ocrx_word' id='word_1_39' title='bbox 671 811 819 898; x_wconf 77' lang='lat' dir='ltr'><strong>equibus</strong></span> <span class='ocrx_word' id='word_1_40' title='bbox 835 817 1008 900; x_wconf 70' lang='lat' dir='ltr'><strong>oocuparet,</strong></span> <span class='ocrx_word' id='word_1_41' title='bbox 1031 812 1209 894; x_wconf 83' lang='lat' dir='ltr'><strong>redonavit3</strong></span> <span class='ocrx_word' id='word_1_42' title='bbox 1233 833 1285 880; x_wconf 87' lang='lat' dir='ltr'><strong>su·</strong></span> 
     </span>
     <span class='ocr_line' id='line_1_6' title="bbox 119 926 1287 1016; baseline -0.001 -20"><span class='ocrx_word' id='word_1_43' title='bbox 119 949 236 1015; x_wconf 91' lang='lat' dir='ltr'><strong>umque</strong></span> <span class='ocrx_word' id='word_1_44' title='bbox 258 928 452 996; x_wconf 75' lang='lat' dir='ltr'><strong>eleboratum</strong></span> <span class='ocrx_word' id='word_1_45' title='bbox 475 928 516 994; x_wconf 84' lang='lat' dir='ltr'><strong>od</strong></span> <span class='ocrx_word' id='word_1_46' title='bbox 531 927 680 996; x_wconf 84' lang='lat' dir='ltr'><strong>Senotum</strong></span> <span class='ocrx_word' id='word_1_47' title='bbox 696 926 877 1015; x_wconf 79' lang='lat' dir='ltr'><strong>Mertynurn</strong></span> <span class='ocrx_word' id='word_1_48' title='bbox 899 928 1031 996; x_wconf 80' lang='lat' dir='ltr'><strong>tradidit</strong></span> <span class='ocrx_word' id='word_1_49' title='bbox 1052 929 1087 995; x_wconf 90' lang='lat' dir='ltr'><strong>in</strong></span> <span class='ocrx_word' id='word_1_50' title='bbox 1106 929 1239 1016; x_wconf 85' lang='lat' dir='ltr'><strong>peouuie</strong></span> <span class='ocrx_word' id='word_1_51' title='bbox 1255 933 1287 998; x_wconf 90' lang='lat' dir='ltr'><strong>et</strong></span> 
     </span>
     <span class='ocr_line' id='line_1_7' title="bbox 119 1043 1286 1133; baseline 0 -21"><span class='ocrx_word' id='word_1_52' title='bbox 119 1045 298 1133; x_wconf 76' lang='lat' dir='ltr'><strong>menoipiiq</strong></span> <span class='ocrx_word' id='word_1_53' title='bbox 321 1045 396 1130; x_wconf 86' lang='lat' dir='ltr'><strong>quio</strong></span> <span class='ocrx_word' id='word_1_54' title='bbox 416 1044 622 1112; x_wconf 74' lang='lat' dir='ltr'><strong>hereditatem</strong></span> <span class='ocrx_word' id='word_1_55' title='bbox 645 1044 739 1112; x_wconf 82' lang='lat' dir='ltr'><strong>ulium</strong></span> <span class='ocrx_word' id='word_1_56' title='bbox 762 1044 795 1110; x_wconf 92' lang='lat' dir='ltr'><strong>in</strong></span> <span class='ocrx_word' id='word_1_57' title='bbox 818 1045 888 1111; x_wconf 91' lang='lat' dir='ltr'><strong>istis</strong></span> <span class='ocrx_word' id='word_1_58' title='bbox 911 1045 1092 1129; x_wconf 78' lang='lat' dir='ltr'><strong>regionibus</strong></span> <span class='ocrx_word' id='word_1_59' title='bbox 1114 1065 1177 1112; x_wconf 90' lang='lat' dir='ltr'><strong>non</strong></span> <span class='ocrx_word' id='word_1_60' title='bbox 1190 1043 1286 1112; x_wconf 84' lang='lat' dir='ltr'><strong>hebe-</strong></span> 
     </span>
     <span class='ocr_line' id='line_1_8' title="bbox 119 1158 1287 1247; baseline -0.001 -19"><span class='ocrx_word' id='word_1_61' title='bbox 119 1160 184 1228; x_wconf 78' lang='lat' dir='ltr'><strong>iso</strong></span> <span class='ocrx_word' id='word_1_62' title='bbox 218 1160 262 1228; x_wconf 87' lang='lat' dir='ltr'><strong>Et</strong></span> <span class='ocrx_word' id='word_1_63' title='bbox 287 1161 321 1228; x_wconf 93' lang='lat' dir='ltr'><strong>in</strong></span> <span class='ocrx_word' id='word_1_64' title='bbox 347 1159 532 1228; x_wconf 85' lang='lat' dir='ltr'><strong>beneficium</strong></span> <span class='ocrx_word' id='word_1_65' title='bbox 556 1158 771 1247; x_wconf 82' lang='lat' dir='ltr'><strong>Spanesbeum</strong></span> <span class='ocrx_word' id='word_1_66' title='bbox 801 1159 941 1228; x_wconf 73' lang='lat' dir='ltr'><strong>villulam</strong></span> <span class='ocrx_word' id='word_1_67' title='bbox 971 1167 1003 1228; x_wconf 88' lang='lat' dir='ltr'><strong>et</strong></span> <span class='ocrx_word' id='word_1_68' title='bbox 1030 1161 1203 1244; x_wconf 76' lang='lat' dir='ltr'><strong>eeclesiam,</strong></span> <span class='ocrx_word' id='word_1_69' title='bbox 1227 1181 1287 1246; x_wconf 92' lang='lat' dir='ltr'><strong>que</strong></span> 
     </span>
     <span class='ocr_line' id='line_1_9' title="bbox 119 1275 1286 1364; baseline -0.002 -20"><span class='ocrx_word' id='word_1_70' title='bbox 119 1275 356 1363; x_wconf 75' lang='lat' dir='ltr'><strong>Gspnomonos</strong></span> <span class='ocrx_word' id='word_1_71' title='bbox 379 1276 504 1360; x_wconf 88' lang='lat' dir='ltr'><strong>dieitur,</strong></span> <span class='ocrx_word' id='word_1_72' title='bbox 528 1280 707 1364; x_wconf 80' lang='lat' dir='ltr'><strong>oooeperet3</strong></span> <span class='ocrx_word' id='word_1_73' title='bbox 739 1281 771 1342; x_wconf 89' lang='lat' dir='ltr'><strong>et</strong></span> <span class='ocrx_word' id='word_1_74' title='bbox 793 1276 906 1344; x_wconf 86' lang='lat' dir='ltr'><strong>exinde</strong></span> <span class='ocrx_word' id='word_1_75' title='bbox 929 1277 1166 1360; x_wconf 80' lang='lat' dir='ltr'><strong>quatuordeeim</strong></span> <span class='ocrx_word' id='word_1_76' title='bbox 1188 1295 1286 1344; x_wconf 82' lang='lat' dir='ltr'><strong>anuos</strong></span> 
     </span>
     <span class='ocr_line' id='line_1_10' title="bbox 117 1391 1287 1479; baseline 0.002 -21"><span class='ocrx_word' id='word_1_77' title='bbox 117 1391 251 1460; x_wconf 85' lang='lat' dir='ltr'><strong>honeste</strong></span> <span class='ocrx_word' id='word_1_78' title='bbox 278 1392 310 1460; x_wconf 88' lang='lat' dir='ltr'><strong>in</strong></span> <span class='ocrx_word' id='word_1_79' title='bbox 340 1413 398 1459; x_wconf 86' lang='lat' dir='ltr'><strong>sus</strong></span> <span class='ocrx_word' id='word_1_80' title='bbox 420 1391 531 1459; x_wconf 61' lang='lat' dir='ltr'><strong>dono*</strong></span> <span class='ocrx_word' id='word_1_81' title='bbox 556 1398 589 1458; x_wconf 91' lang='lat' dir='ltr'><strong>et</strong></span> <span class='ocrx_word' id='word_1_82' title='bbox 609 1392 748 1459; x_wconf 76' lang='lat' dir='ltr'><strong>maxime</strong></span> <span class='ocrx_word' id='word_1_83' title='bbox 770 1391 1011 1478; x_wconf 74' lang='lat' dir='ltr'><strong>hospitalitatis·</strong></span> <span class='ocrx_word' id='word_1_84' title='bbox 1034 1393 1135 1476; x_wconf 75' lang='lat' dir='ltr'><strong>gretie</strong></span> <span class='ocrx_word' id='word_1_85' title='bbox 1157 1411 1287 1479; x_wconf 85' lang='lat' dir='ltr'><strong>operum</strong></span> 
     </span>
     <span class='ocr_line' id='line_1_11' title="bbox 118 1506 1288 1595; baseline -0.003 -19"><span class='ocrx_word' id='word_1_86' title='bbox 118 1507 225 1576; x_wconf 76' lang='lat' dir='ltr'><strong>debet</strong></span> <span class='ocrx_word' id='word_1_87' title='bbox 259 1508 303 1576; x_wconf 86' lang='lat' dir='ltr'><strong>Et</strong></span> <span class='ocrx_word' id='word_1_88' title='bbox 329 1527 489 1594; x_wconf 71' lang='lat' dir='ltr'><strong>nunquam</strong></span> <span class='ocrx_word' id='word_1_89' title='bbox 519 1507 559 1574; x_wconf 86' lang='lat' dir='ltr'><strong>ed</strong></span> <span class='ocrx_word' id='word_1_90' title='bbox 581 1507 795 1591; x_wconf 70' lang='lat' dir='ltr'><strong>ldoguntiumd</strong></span> <span class='ocrx_word' id='word_1_91' title='bbox 822 1509 856 1574; x_wconf 90' lang='lat' dir='ltr'><strong>in</strong></span> <span class='ocrx_word' id='word_1_92' title='bbox 884 1513 1069 1576; x_wconf 87' lang='lat' dir='ltr'><strong>eonventum</strong></span> <span class='ocrx_word' id='word_1_93' title='bbox 1099 1515 1208 1595; x_wconf 85' lang='lat' dir='ltr'><strong>poetes</strong></span> <span class='ocrx_word' id='word_1_94' title='bbox 1237 1506 1288 1575; x_wconf 89' lang='lat' dir='ltr'><strong>vol</strong></span> 
     </span>
     <span class='ocr_line' id='line_1_12' title="bbox 117 1623 1288 1711; baseline 0 -19"><span class='ocrx_word' id='word_1_95' title='bbox 117 1623 153 1692; x_wconf 90' lang='lat' dir='ltr'><strong>in</strong></span> <span class='ocrx_word' id='word_1_96' title='bbox 176 1623 331 1711; x_wconf 84' lang='lat' dir='ltr'><strong>synodum</strong></span> <span class='ocrx_word' id='word_1_97' title='bbox 351 1624 454 1706; x_wconf 83' lang='lat' dir='ltr'><strong>venit3</strong></span> <span class='ocrx_word' id='word_1_98' title='bbox 483 1644 555 1690; x_wconf 84' lang='lat' dir='ltr'><strong>rere</strong></span> <span class='ocrx_word' id='word_1_99' title='bbox 585 1629 691 1692; x_wconf 65' lang='lat' dir='ltr'><strong>umen</strong></span> <span class='ocrx_word' id='word_1_100' title='bbox 720 1623 760 1690; x_wconf 83' lang='lat' dir='ltr'><strong>od</strong></span> <span class='ocrx_word' id='word_1_101' title='bbox 788 1623 977 1691; x_wconf 81' lang='lat' dir='ltr'><strong>levationem</strong></span> <span class='ocrx_word' id='word_1_102' title='bbox 1006 1624 1121 1710; x_wconf 88' lang='lat' dir='ltr'><strong>pedum</strong></span> <span class='ocrx_word' id='word_1_103' title='bbox 1148 1624 1183 1690; x_wconf 90' lang='lat' dir='ltr'><strong>in</strong></span> <span class='ocrx_word' id='word_1_104' title='bbox 1210 1643 1288 1692; x_wconf 84' lang='lat' dir='ltr'><strong>uene</strong></span> 
     </span>
     <span class='ocr_line' id='line_1_13' title="bbox 117 1739 1074 1827; baseline -0.002 -17"><span class='ocrx_word' id='word_1_105' title='bbox 117 1739 249 1810; x_wconf 84' lang='lat' dir='ltr'><strong>Domini</strong></span> <span class='ocrx_word' id='word_1_106' title='bbox 271 1741 422 1809; x_wconf 76' lang='lat' dir='ltr'><strong>orationis</strong></span> <span class='ocrx_word' id='word_1_107' title='bbox 445 1759 541 1808; x_wconf 86' lang='lat' dir='ltr'><strong>ueuse</strong></span> <span class='ocrx_word' id='word_1_108' title='bbox 561 1740 595 1806; x_wconf 92' lang='lat' dir='ltr'><strong>in</strong></span> <span class='ocrx_word' id='word_1_109' title='bbox 618 1740 757 1808; x_wconf 84' lang='lat' dir='ltr'><strong>eoelesiie</strong></span> <span class='ocrx_word' id='word_1_110' title='bbox 780 1761 814 1808; x_wconf 89' lang='lat' dir='ltr'><strong>so</strong></span> <span class='ocrx_word' id='word_1_111' title='bbox 836 1740 1074 1827; x_wconf 66' lang='lat' dir='ltr'><strong>representavit</strong></span> 
     </span>
    </p>

    <p class='ocr_par' dir='ltr' id='par_1_3' title="bbox 117 1854 1288 2524">
     <span class='ocr_line' id='line_1_14' title="bbox 208 1854 1287 1944; baseline 0 -22"><span class='ocrx_word' id='word_1_112' title='bbox 208 1856 254 1923; x_wconf 84' lang='lat' dir='ltr'><strong>At</strong></span> <span class='ocrx_word' id='word_1_113' title='bbox 281 1857 415 1924; x_wconf 91' lang='lat' dir='ltr'><strong>domnus</strong></span> <span class='ocrx_word' id='word_1_114' title='bbox 436 1855 633 1940; x_wconf 85' lang='lat' dir='ltr'><strong>Boniteoius,</strong></span> <span class='ocrx_word' id='word_1_115' title='bbox 664 1875 683 1922; x_wconf 83' lang='lat' dir='ltr'><strong>o</strong></span> <span class='ocrx_word' id='word_1_116' title='bbox 710 1855 899 1942; x_wconf 85' lang='lat' dir='ltr'><strong>supradietis</strong></span> <span class='ocrx_word' id='word_1_117' title='bbox 927 1855 1121 1944; x_wconf 88' lang='lat' dir='ltr'><strong>prinoipibns</strong></span> <span class='ocrx_word' id='word_1_118' title='bbox 1144 1854 1287 1940; x_wconf 76' lang='lat' dir='ltr'><strong>meguid·</strong></span> 
     </span>
     <span class='ocr_line' id='line_1_15' title="bbox 118 1970 1286 2058; baseline 0 -18"><span class='ocrx_word' id='word_1_119' title='bbox 118 1973 300 2040; x_wconf 75' lang='lat' dir='ltr'><strong>(tentissime</strong></span> <span class='ocrx_word' id='word_1_120' title='bbox 326 1973 513 2056; x_wconf 76' lang='lat' dir='ltr'><strong>honoratus,</strong></span> <span class='ocrx_word' id='word_1_121' title='bbox 541 1970 759 2058; x_wconf 81' lang='lat' dir='ltr'><strong>legationeque</strong></span> <span class='ocrx_word' id='word_1_122' title='bbox 788 1991 859 2038; x_wconf 86' lang='lat' dir='ltr'><strong>oum</strong></span> <span class='ocrx_word' id='word_1_123' title='bbox 887 1991 924 2038; x_wconf 90' lang='lat' dir='ltr'><strong>eo</strong></span> <span class='ocrx_word' id='word_1_124' title='bbox 954 1973 1052 2040; x_wconf 85' lang='lat' dir='ltr'><strong>missa</strong></span> <span class='ocrx_word' id='word_1_125' title='bbox 1075 1973 1114 2038; x_wconf 88' lang='lat' dir='ltr'><strong>ed</strong></span> <span class='ocrx_word' id='word_1_126' title='bbox 1137 1972 1286 2040; x_wconf 89' lang='lat' dir='ltr'><strong>domnum</strong></span> 
     </span>
     <span class='ocr_line' id='line_1_16' title="bbox 117 2086 1287 2175; baseline 0 -21"><span class='ocrx_word' id='word_1_127' title='bbox 117 2106 237 2175; x_wconf 82' lang='lat' dir='ltr'><strong>popum</strong></span> <span class='ocrx_word' id='word_1_128' title='bbox 261 2087 464 2173; x_wconf 80' lang='lat' dir='ltr'><strong>Gregorium,</strong></span> <span class='ocrx_word' id='word_1_129' title='bbox 493 2089 527 2154; x_wconf 90' lang='lat' dir='ltr'><strong>in</strong></span> <span class='ocrx_word' id='word_1_130' title='bbox 550 2088 657 2155; x_wconf 90' lang='lat' dir='ltr'><strong>sedem</strong></span> <span class='ocrx_word' id='word_1_131' title='bbox 680 2087 863 2172; x_wconf 72' lang='lat' dir='ltr'><strong>Mogontine</strong></span> <span class='ocrx_word' id='word_1_132' title='bbox 887 2086 1015 2156; x_wconf 83' lang='lat' dir='ltr'><strong>eoelesie</strong></span> <span class='ocrx_word' id='word_1_133' title='bbox 1038 2088 1188 2156; x_wconf 77' lang='lat' dir='ltr'><strong>electione</strong></span> <span class='ocrx_word' id='word_1_134' title='bbox 1211 2087 1287 2156; x_wconf 86' lang='lat' dir='ltr'><strong>oleri</strong></span> 
     </span>
     <span class='ocr_line' id='line_1_17' title="bbox 118 2202 1286 2290; baseline 0 -20"><span class='ocrx_word' id='word_1_135' title='bbox 118 2207 153 2270; x_wconf 89' lang='lat' dir='ltr'><strong>et</strong></span> <span class='ocrx_word' id='word_1_136' title='bbox 175 2202 283 2290; x_wconf 92' lang='lat' dir='ltr'><strong>populi</strong></span> <span class='ocrx_word' id='word_1_137' title='bbox 306 2205 495 2272; x_wconf 76' lang='lat' dir='ltr'><strong>constitutus</strong></span> <span class='ocrx_word' id='word_1_138' title='bbox 518 2213 575 2272; x_wconf 91' lang='lat' dir='ltr'><strong>est</strong></span> <span class='ocrx_word' id='word_1_139' title='bbox 610 2203 757 2271; x_wconf 80' lang='lat' dir='ltr'><strong>Pontifex</strong></span> <span class='ocrx_word' id='word_1_140' title='bbox 780 2208 884 2270; x_wconf 89' lang='lat' dir='ltr'><strong>eutem</strong></span> <span class='ocrx_word' id='word_1_141' title='bbox 909 2223 996 2289; x_wconf 88' lang='lat' dir='ltr'><strong>eum,</strong></span> <span class='ocrx_word' id='word_1_142' title='bbox 1025 2203 1195 2271; x_wconf 84' lang='lat' dir='ltr'><strong>bonoribus</strong></span> <span class='ocrx_word' id='word_1_143' title='bbox 1218 2225 1286 2272; x_wconf 87' lang='lat' dir='ltr'><strong>ous-</strong></span> 
     </span>
     <span class='ocr_line' id='line_1_18' title="bbox 118 2319 1288 2407; baseline 0.002 -21"><span class='ocrx_word' id='word_1_144' title='bbox 118 2325 264 2406; x_wconf 80' lang='lat' dir='ltr'><strong>ceptum,</strong></span> <span class='ocrx_word' id='word_1_145' title='bbox 294 2320 477 2407; x_wconf 76' lang='lat' dir='ltr'><strong>episcopum</strong></span> <span class='ocrx_word' id='word_1_146' title='bbox 500 2320 675 2404; x_wconf 76' lang='lat' dir='ltr'><strong>ordinavit,</strong></span> <span class='ocrx_word' id='word_1_147' title='bbox 698 2319 799 2386; x_wconf 84' lang='lat' dir='ltr'><strong>intule</strong></span> <span class='ocrx_word' id='word_1_148' title='bbox 821 2319 948 2404; x_wconf 82' lang='lat' dir='ltr'><strong>ditavit,</strong></span> <span class='ocrx_word' id='word_1_149' title='bbox 971 2330 1163 2406; x_wconf 89' lang='lat' dir='ltr'><strong>nomenque·</strong></span> <span class='ocrx_word' id='word_1_150' title='bbox 1185 2325 1288 2388; x_wconf 84' lang='lat' dir='ltr'><strong>mute·</strong></span> 
     </span>
     <span class='ocr_line' id='line_1_19' title="bbox 118 2430 1287 2524; baseline 0 -22"><span class='ocrx_word' id='word_1_151' title='bbox 118 2435 177 2519; x_wconf 73' lang='lat' dir='ltr'><strong>vit,</strong></span> <span class='ocrx_word' id='word_1_152' title='bbox 200 2435 242 2501; x_wconf 86' lang='lat' dir='ltr'><strong>ud</strong></span> <span class='ocrx_word' id='word_1_153' title='bbox 262 2434 428 2504; x_wconf 83' lang='lat' dir='ltr'><strong>Fruneiem</strong></span> <span class='ocrx_word' id='word_1_154' title='bbox 451 2430 581 2516; x_wconf 70' lang='lat' dir='ltr'><strong>direxit}</strong></span> <span class='ocrx_word' id='word_1_155' title='bbox 606 2440 642 2502; x_wconf 92' lang='lat' dir='ltr'><strong>ut</strong></span> <span class='ocrx_word' id='word_1_156' title='bbox 664 2435 799 2504; x_wconf 89' lang='lat' dir='ltr'><strong>veridioe</strong></span> <span class='ocrx_word' id='word_1_157' title='bbox 822 2434 861 2503; x_wconf 92' lang='lat' dir='ltr'><strong>de</strong></span> <span class='ocrx_word' id='word_1_158' title='bbox 884 2455 921 2504; x_wconf 91' lang='lat' dir='ltr'><strong>eo</strong></span> <span class='ocrx_word' id='word_1_159' title='bbox 944 2435 1097 2522; x_wconf 86' lang='lat' dir='ltr'><strong>seriptum</strong></span> <span class='ocrx_word' id='word_1_160' title='bbox 1119 2457 1176 2524; x_wconf 92' lang='lat' dir='ltr'><strong>per</strong></span> <span class='ocrx_word' id='word_1_161' title='bbox 1199 2435 1287 2503; x_wconf 82' lang='lat' dir='ltr'><strong>Solo-</strong></span> 
     </span>
    </p>
   </div>
   <div class='ocr_carea' id='block_1_3' title="bbox 116 2547 1289 3219">
    <p class='ocr_par' dir='ltr' id='par_1_4' title="bbox 116 2547 1289 3219">
     <span class='ocr_line' id='line_1_20' title="bbox 117 2547 1289 2642; baseline 0.003 -24"><span class='ocrx_word' id='word_1_162' title='bbox 117 2570 246 2618; x_wconf 85' lang='lat' dir='ltr'><strong>monem</strong></span> <span class='ocrx_word' id='word_1_163' title='bbox 276 2557 441 2638; x_wconf 78' lang='lat' dir='ltr'><strong>putemus:</strong></span> <span class='ocrx_word' id='word_1_164' title='bbox 472 2554 593 2619; x_wconf 80' lang='lat' dir='ltr'><strong>Iustum</strong></span> <span class='ocrx_word' id='word_1_165' title='bbox 616 2554 746 2620; x_wconf 68' lang='lat' dir='ltr'><strong>uadoso</strong></span> <span class='ocrx_word' id='word_1_166' title='bbox 766 2553 926 2620; x_wconf 78' lang='lat' dir='ltr'><strong>Dominus</strong></span> <span class='ocrx_word' id='word_1_167' title='bbox 943 2577 1005 2642; x_wconf 81' lang='lat' dir='ltr'><strong>per</strong></span> <span class='ocrx_word' id='word_1_168' title='bbox 1026 2557 1095 2620; x_wconf 84' lang='lat' dir='ltr'><strong>oo&#39;ae</strong></span> <span class='ocrx_word' id='word_1_169' title='bbox 1117 2547 1235 2621; x_wconf 80' lang='lat' dir='ltr'><strong>rectos¹</strong></span> <span class='ocrx_word' id='word_1_170' title='bbox 1257 2557 1289 2621; x_wconf 85' lang='lat' dir='ltr'><strong>et</strong></span> 
     </span>
     <span class='ocr_line' id='line_1_21' title="bbox 116 2667 1289 2755; baseline 0.003 -21"><span class='ocrx_word' id='word_1_171' title='bbox 116 2667 251 2753; x_wconf 83' lang='lat' dir='ltr'><strong>relique.</strong></span> <span class='ocrx_word' id='word_1_172' title='bbox 297 2667 382 2734; x_wconf 86' lang='lat' dir='ltr'><strong>Exin</strong></span> <span class='ocrx_word' id='word_1_173' title='bbox 410 2687 521 2755; x_wconf 88' lang='lat' dir='ltr'><strong>oepere</strong></span> <span class='ocrx_word' id='word_1_174' title='bbox 548 2667 669 2736; x_wconf 86' lang='lat' dir='ltr'><strong>nobiles</strong></span> <span class='ocrx_word' id='word_1_175' title='bbox 696 2668 772 2752; x_wconf 89' lang='lat' dir='ltr'><strong>viri,</strong></span> <span class='ocrx_word' id='word_1_176' title='bbox 802 2668 831 2734; x_wconf 91' lang='lat' dir='ltr'><strong>ei</strong></span> <span class='ocrx_word' id='word_1_177' title='bbox 859 2687 932 2735; x_wconf 87' lang='lat' dir='ltr'><strong>snos</strong></span> <span class='ocrx_word' id='word_1_178' title='bbox 959 2667 1041 2736; x_wconf 90' lang='lat' dir='ltr'><strong>tilios</strong></span> <span class='ocrx_word' id='word_1_179' title='bbox 1069 2668 1289 2738; x_wconf 75' lang='lat' dir='ltr'><strong>commendere</strong></span> 
     </span>
     <span class='ocr_line' id='line_1_22' title="bbox 118 2783 1287 2871; baseline 0.002 -21"><span class='ocrx_word' id='word_1_180' title='bbox 118 2784 162 2850; x_wconf 81' lang='lat' dir='ltr'><strong>sd</strong></span> <span class='ocrx_word' id='word_1_181' title='bbox 191 2784 406 2852; x_wconf 86' lang='lat' dir='ltr'><strong>erudiendum.</strong></span> <span class='ocrx_word' id='word_1_182' title='bbox 452 2783 536 2862; x_wconf 82' lang='lat' dir='ltr'><strong>Quos</strong></span> <span class='ocrx_word' id='word_1_183' title='bbox 562 2783 633 2868; x_wconf 88' lang='lat' dir='ltr'><strong>ille,</strong></span> <span class='ocrx_word' id='word_1_184' title='bbox 669 2784 803 2853; x_wconf 85' lang='lat' dir='ltr'><strong>libenter</strong></span> <span class='ocrx_word' id='word_1_185' title='bbox 831 2789 1007 2871; x_wconf 84' lang='lat' dir='ltr'><strong>suseeptos,</strong></span> <span class='ocrx_word' id='word_1_186' title='bbox 1039 2784 1197 2852; x_wconf 84' lang='lat' dir='ltr'><strong>adiutores</strong></span> <span class='ocrx_word' id='word_1_187' title='bbox 1227 2784 1287 2853; x_wconf 87' lang='lat' dir='ltr'><strong>sibi</strong></span> 
     </span>
     <span class='ocr_line' id='line_1_23' title="bbox 118 2898 1289 2987; baseline 0.002 -21"><span class='ocrx_word' id='word_1_188' title='bbox 118 2900 213 2986; x_wconf 85' lang='lat' dir='ltr'><strong>qussi</strong></span> <span class='ocrx_word' id='word_1_189' title='bbox 235 2899 400 2987; x_wconf 75' lang='lat' dir='ltr'><strong>adoptivos</strong></span> <span class='ocrx_word' id='word_1_190' title='bbox 423 2898 504 2967; x_wconf 89' lang='lat' dir='ltr'><strong>tilios</strong></span> <span class='ocrx_word' id='word_1_191' title='bbox 527 2901 677 2968; x_wconf 87' lang='lat' dir='ltr'><strong>enutrivit</strong></span> <span class='ocrx_word' id='word_1_192' title='bbox 699 2919 866 2986; x_wconf 84' lang='lat' dir='ltr'><strong>seuumque</strong></span> <span class='ocrx_word' id='word_1_193' title='bbox 889 2901 993 2985; x_wconf 74' lang='lat' dir='ltr'><strong>gregis</strong></span> <span class='ocrx_word' id='word_1_194' title='bbox 1008 2899 1070 2967; x_wconf 91' lang='lat' dir='ltr'><strong>Dei</strong></span> <span class='ocrx_word' id='word_1_195' title='bbox 1092 2904 1199 2968; x_wconf 76' lang='lat' dir='ltr'><strong>edutos</strong></span> <span class='ocrx_word' id='word_1_196' title='bbox 1214 2899 1289 2968; x_wconf 85' lang='lat' dir='ltr'><strong>feoit</strong></span> 
     </span>
     <span class='ocr_line' id='line_1_24' title="bbox 118 3014 1287 3103; baseline 0 -19"><span class='ocrx_word' id='word_1_197' title='bbox 118 3035 191 3084; x_wconf 87' lang='lat' dir='ltr'><strong>esee</strong></span> <span class='ocrx_word' id='word_1_198' title='bbox 218 3021 376 3103; x_wconf 76' lang='lat' dir='ltr'><strong>pastores,</strong></span> <span class='ocrx_word' id='word_1_199' title='bbox 404 3035 444 3082; x_wconf 93' lang='lat' dir='ltr'><strong>ne</strong></span> <span class='ocrx_word' id='word_1_200' title='bbox 474 3014 600 3083; x_wconf 83' lang='lat' dir='ltr'><strong>ubunde</strong></span> <span class='ocrx_word' id='word_1_201' title='bbox 629 3035 723 3100; x_wconf 86' lang='lat' dir='ltr'><strong>quem</strong></span> <span class='ocrx_word' id='word_1_202' title='bbox 751 3036 809 3103; x_wconf 89' lang='lat' dir='ltr'><strong>per</strong></span> <span class='ocrx_word' id='word_1_203' title='bbox 831 3015 913 3083; x_wconf 90' lang='lat' dir='ltr'><strong>ovile</strong></span> <span class='ocrx_word' id='word_1_204' title='bbox 934 3015 1070 3084; x_wconf 86' lang='lat' dir='ltr'><strong>beretioe</strong></span> <span class='ocrx_word' id='word_1_205' title='bbox 1092 3015 1287 3084; x_wconf 73' lang='lat' dir='ltr'><strong>tortitudinis</strong></span> 
     </span>
     <span class='ocr_line' id='line_1_25' title="bbox 117 3131 867 3219; baseline -0.003 -19"><span class='ocrx_word' id='word_1_206' title='bbox 117 3133 188 3219; x_wconf 93' lang='lat' dir='ltr'><strong>lupi</strong></span> <span class='ocrx_word' id='word_1_207' title='bbox 210 3131 411 3200; x_wconf 81' lang='lat' dir='ltr'><strong>oetholioem‘</strong></span> <span class='ocrx_word' id='word_1_208' title='bbox 433 3131 672 3216; x_wconf 73' lang='lat' dir='ltr'><strong>ingrederentur</strong></span> <span class='ocrx_word' id='word_1_209' title='bbox 694 3131 867 3199; x_wconf 86' lang='lat' dir='ltr'><strong>soolesiern.</strong></span> 
     </span>
    </p>
   </div>
   <div class='ocr_carea' id='block_1_4' title="bbox 444 3336 958 3405">
    <p class='ocr_par' dir='ltr' id='par_1_5' title="bbox 444 3336 958 3405">
     <span class='ocr_line' id='line_1_26' title="bbox 444 3336 958 3405; baseline -0.006 -1"><span class='ocrx_word' id='word_1_210' title='bbox 444 3336 497 3404; x_wconf 92' lang='lat' dir='ltr'><strong>De</strong></span> <span class='ocrx_word' id='word_1_211' title='bbox 525 3336 743 3405; x_wconf 84' lang='lat' dir='ltr'><strong>Adelberto</strong></span> <span class='ocrx_word' id='word_1_212' title='bbox 772 3336 958 3403; x_wconf 89' lang='lat' dir='ltr'><strong>heretioo.</strong></span> 
     </span>
    </p>
   </div>
   <div class='ocr_carea' id='block_1_5' title="bbox 117 3477 1289 4148">
    <p class='ocr_par' dir='ltr' id='par_1_6' title="bbox 117 3477 1289 4148">
     <span class='ocr_line' id='line_1_27' title="bbox 210 3477 1288 3566; baseline -0.003 -19"><span class='ocrx_word' id='word_1_213' title='bbox 210 3479 341 3547; x_wconf 88' lang='lat' dir='ltr'><strong>Hiedem</strong></span> <span class='ocrx_word' id='word_1_214' title='bbox 369 3479 563 3566; x_wconf 87' lang='lat' dir='ltr'><strong>temporibus</strong></span> <span class='ocrx_word' id='word_1_215' title='bbox 591 3479 652 3546; x_wconf 89' lang='lat' dir='ltr'><strong>fuit</strong></span> <span class='ocrx_word' id='word_1_216' title='bbox 679 3479 808 3565; x_wconf 83' lang='lat' dir='ltr'><strong>quidum</strong></span> <span class='ocrx_word' id='word_1_217' title='bbox 836 3477 1126 3566; x_wconf 82' lang='lat' dir='ltr'><strong>pseudopropheta,</strong></span> <span class='ocrx_word' id='word_1_218' title='bbox 1160 3477 1288 3544; x_wconf 92' lang='lat' dir='ltr'><strong>nomine</strong></span> 
     </span>
     <span class='ocr_line' id='line_1_28' title="bbox 117 3593 1286 3684; baseline -0.004 -19"><span class='ocrx_word' id='word_1_219' title='bbox 117 3595 327 3680; x_wconf 86' lang='lat' dir='ltr'><strong>Adelbertus‚</strong></span> <span class='ocrx_word' id='word_1_220' title='bbox 361 3596 415 3681; x_wconf 91' lang='lat' dir='ltr'><strong>qui</strong></span> <span class='ocrx_word' id='word_1_221' title='bbox 447 3596 481 3662; x_wconf 90' lang='lat' dir='ltr'><strong>in</strong></span> <span class='ocrx_word' id='word_1_222' title='bbox 514 3597 711 3684; x_wconf 87' lang='lat' dir='ltr'><strong>semetipso</strong></span> <span class='ocrx_word' id='word_1_223' title='bbox 739 3594 915 3664; x_wconf 84' lang='lat' dir='ltr'><strong>sonotitotis</strong></span> <span class='ocrx_word' id='word_1_224' title='bbox 944 3595 1080 3678; x_wconf 75' lang='lat' dir='ltr'><strong>gratim</strong></span> <span class='ocrx_word' id='word_1_225' title='bbox 1109 3593 1286 3676; x_wconf 75' lang='lat' dir='ltr'><strong>simulavit3</strong></span> 
     </span>
     <span class='ocr_line' id='line_1_29' title="bbox 118 3709 1288 3800; baseline -0.004 -20"><span class='ocrx_word' id='word_1_226' title='bbox 118 3714 176 3800; x_wconf 90' lang='lat' dir='ltr'><strong>qui</strong></span> <span class='ocrx_word' id='word_1_227' title='bbox 198 3713 351 3798; x_wconf 89' lang='lat' dir='ltr'><strong>quosdem</strong></span> <span class='ocrx_word' id='word_1_228' title='bbox 372 3712 517 3780; x_wconf 88' lang='lat' dir='ltr'><strong>meroede</strong></span> <span class='ocrx_word' id='word_1_229' title='bbox 538 3713 735 3795; x_wconf 80' lang='lat' dir='ltr'><strong>oonduotos⁸‚</strong></span> <span class='ocrx_word' id='word_1_230' title='bbox 762 3717 799 3778; x_wconf 85' lang='lat' dir='ltr'><strong>ut</strong></span> <span class='ocrx_word' id='word_1_231' title='bbox 821 3731 854 3778; x_wconf 89' lang='lat' dir='ltr'><strong>se</strong></span> <span class='ocrx_word' id='word_1_232' title='bbox 877 3711 1018 3778; x_wconf 82' lang='lat' dir='ltr'><strong>dicerent</strong></span> <span class='ocrx_word' id='word_1_233' title='bbox 1039 3709 1173 3794; x_wconf 87' lang='lat' dir='ltr'><strong>debiles,</strong></span> <span class='ocrx_word' id='word_1_234' title='bbox 1203 3709 1288 3775; x_wconf 88' lang='lat' dir='ltr'><strong>oleu-</strong></span> 
     </span>
     <span class='ocr_line' id='line_1_30' title="bbox 119 3825 1289 3913; baseline -0.005 -17"><span class='ocrx_word' id='word_1_235' title='bbox 119 3829 177 3896; x_wconf 87' lang='lat' dir='ltr'><strong>dos</strong></span> <span class='ocrx_word' id='word_1_236' title='bbox 201 3829 267 3895; x_wconf 88' lang='lat' dir='ltr'><strong>sive</strong></span> <span class='ocrx_word' id='word_1_237' title='bbox 290 3847 390 3913; x_wconf 77' lang='lat' dir='ltr'><strong>oecos,</strong></span> <span class='ocrx_word' id='word_1_238' title='bbox 414 3829 561 3912; x_wconf 79' lang='lat' dir='ltr'><strong>quatinus</strong></span> <span class='ocrx_word' id='word_1_239' title='bbox 582 3827 617 3894; x_wconf 93' lang='lat' dir='ltr'><strong>in</strong></span> <span class='ocrx_word' id='word_1_240' title='bbox 640 3828 766 3894; x_wconf 88' lang='lat' dir='ltr'><strong>nomino</strong></span> <span class='ocrx_word' id='word_1_241' title='bbox 789 3827 953 3893; x_wconf 83' lang='lat' dir='ltr'><strong>Trinitatis</strong></span> <span class='ocrx_word' id='word_1_242' title='bbox 976 3827 1021 3892; x_wconf 88' lang='lat' dir='ltr'><strong>eis</strong></span> <span class='ocrx_word' id='word_1_243' title='bbox 1044 3825 1181 3892; x_wconf 85' lang='lat' dir='ltr'><strong>fallendo</strong></span> <span class='ocrx_word' id='word_1_244' title='bbox 1199 3825 1289 3891; x_wconf 85' lang='lat' dir='ltr'><strong>deret</strong></span> 
     </span>
     <span class='ocr_line' id='line_1_31' title="bbox 119 3943 1287 4027; baseline -0.006 -14"><span class='ocrx_word' id='word_1_245' title='bbox 119 3945 303 4026; x_wconf 82' lang='lat' dir='ltr'><strong>eunitetem3</strong></span> <span class='ocrx_word' id='word_1_246' title='bbox 328 3944 374 4010; x_wconf 87' lang='lat' dir='ltr'><strong>sio</strong></span> <span class='ocrx_word' id='word_1_247' title='bbox 396 3943 559 4013; x_wconf 88' lang='lat' dir='ltr'><strong>delirondo</strong></span> <span class='ocrx_word' id='word_1_248' title='bbox 582 3943 777 4011; x_wconf 86' lang='lat' dir='ltr'><strong>errabundus</strong></span> <span class='ocrx_word' id='word_1_249' title='bbox 800 3948 832 4010; x_wconf 91' lang='lat' dir='ltr'><strong>et</strong></span> <span class='ocrx_word' id='word_1_250' title='bbox 854 3961 953 4026; x_wconf 80' lang='lat' dir='ltr'><strong>rugus</strong></span> <span class='ocrx_word' id='word_1_251' title='bbox 976 3948 1008 4009; x_wconf 91' lang='lat' dir='ltr'><strong>et</strong></span> <span class='ocrx_word' id='word_1_252' title='bbox 1028 3961 1201 4027; x_wconf 81' lang='lat' dir='ltr'><strong>numquam</strong></span> <span class='ocrx_word' id='word_1_253' title='bbox 1224 3945 1287 4006; x_wconf 83' lang='lat' dir='ltr'><strong>sta-</strong></span> 
     </span>
     <span class='ocr_line' id='line_1_32' title="bbox 118 4053 1287 4148; baseline -0.006 -18"><span class='ocrx_word' id='word_1_254' title='bbox 118 4061 204 4148; x_wconf 87' lang='lat' dir='ltr'><strong>bilis,</strong></span> <span class='ocrx_word' id='word_1_255' title='bbox 228 4066 264 4129; x_wconf 93' lang='lat' dir='ltr'><strong>ut</strong></span> <span class='ocrx_word' id='word_1_256' title='bbox 286 4059 438 4148; x_wconf 86' lang='lat' dir='ltr'><strong>scriptum</strong></span> <span class='ocrx_word' id='word_1_257' title='bbox 460 4065 509 4126; x_wconf 91' lang='lat' dir='ltr'><strong>est</strong></span> <span class='ocrx_word' id='word_1_258' title='bbox 530 4061 711 4127; x_wconf 85' lang='lat' dir='ltr'><strong>inoonstnns</strong></span> <span class='ocrx_word' id='word_1_259' title='bbox 733 4060 767 4126; x_wconf 93' lang='lat' dir='ltr'><strong>in</strong></span> <span class='ocrx_word' id='word_1_260' title='bbox 788 4058 933 4126; x_wconf 86' lang='lat' dir='ltr'><strong>omnibus</strong></span> <span class='ocrx_word' id='word_1_261' title='bbox 948 4057 1008 4124; x_wconf 88' lang='lat' dir='ltr'><strong>viis</strong></span> <span class='ocrx_word' id='word_1_262' title='bbox 1025 4053 1117 4143; x_wconf 83' lang='lat' dir='ltr'><strong>suis&#39;‚</strong></span> <span class='ocrx_word' id='word_1_263' title='bbox 1142 4056 1287 4124; x_wconf 87' lang='lat' dir='ltr'><strong>seduotns</strong></span> 
     </span>
    </p>
   </div>
   <div class='ocr_carea' id='block_1_6' title="bbox 120 4198 1288 4345">
    <p class='ocr_par' dir='ltr' id='par_1_7' title="bbox 120 4198 1288 4345">
     <span class='ocr_line' id='line_1_33' title="bbox 193 4198 1288 4265; baseline -0.006 -14"><span class='ocrx_word' id='word_1_264' title='bbox 193 4220 214 4251; x_wconf 76' lang='grc' dir='ltr'><strong>ι.</strong></span> <span class='ocrx_word' id='word_1_265' title='bbox 234 4221 278 4250; x_wconf 82' lang='lat' dir='ltr'><strong>non</strong></span> <span class='ocrx_word' id='word_1_266' title='bbox 293 4205 392 4265; x_wconf 77' lang='lat' dir='ltr'><strong>sequitur</strong></span> <span class='ocrx_word' id='word_1_267' title='bbox 407 4203 493 4248; x_wconf 74' lang='lat' dir='ltr'><strong>locun</strong></span> <span class='ocrx_word' id='word_1_268' title='bbox 509 4205 532 4249; x_wconf 79' lang='lat' dir='ltr'><strong>ire</strong></span> <span class='ocrx_word' id='word_1_269' title='bbox 548 4203 599 4250; x_wconf 78' lang='lat' dir='ltr'><strong>cod.</strong></span> <span class='ocrx_word' id='word_1_270' title='bbox 676 4202 699 4249; x_wconf 94' lang='lat' dir='ltr'><strong>b.</strong></span> <span class='ocrx_word' id='word_1_271' title='bbox 719 4205 818 4264; x_wconf 69' lang='lat' dir='ltr'><strong>sequitur</strong></span> <span class='ocrx_word' id='word_1_272' title='bbox 833 4206 910 4248; x_wconf 76' lang='lat' dir='ltr'><strong>iterum</strong></span> <span class='ocrx_word' id='word_1_273' title='bbox 927 4198 1057 4260; x_wconf 68' lang='grc' dir='ltr'><strong>ιοΰοροηῑ,</strong></span> <span class='ocrx_word' id='word_1_274' title='bbox 1078 4200 1120 4247; x_wconf 72' lang='lat' dir='ltr'><strong>ud</strong></span> <span class='ocrx_word' id='word_1_275' title='bbox 1135 4207 1169 4246; x_wconf 74' lang='lat' dir='ltr'><strong>at</strong></span> <span class='ocrx_word' id='word_1_276' title='bbox 1185 4199 1288 4245; x_wconf 65' lang='lat' dir='ltr'><strong>duleum.</strong></span> 
     </span>
     <span class='ocr_line' id='line_1_34' title="bbox 120 4279 1287 4345; baseline -0.008 -12"><span class='ocrx_word' id='word_1_277' title='bbox 120 4299 140 4333; x_wconf 84' lang='lat' dir='ltr'><strong>e.</strong></span> <span class='ocrx_word' id='word_1_278' title='bbox 159 4283 312 4345; x_wconf 73' lang='lat' dir='ltr'><strong>boepitnlituti</strong></span> <span class='ocrx_word' id='word_1_279' title='bbox 328 4300 347 4328; x_wconf 80' lang='lat' dir='ltr'><strong>o.</strong></span> <span class='ocrx_word' id='word_1_280' title='bbox 422 4281 445 4328; x_wconf 92' lang='lat' dir='ltr'><strong>d.</strong></span> <span class='ocrx_word' id='word_1_281' title='bbox 467 4281 549 4342; x_wconf 64' lang='lat' dir='ltr'><strong>mogun-e</strong></span> <span class='ocrx_word' id='word_1_282' title='bbox 565 4302 584 4330; x_wconf 71' lang='lat' dir='ltr'><strong>c.</strong></span> <span class='ocrx_word' id='word_1_283' title='bbox 656 4298 677 4330; x_wconf 86' lang='lat' dir='ltr'><strong>e.</strong></span> <span class='ocrx_word' id='word_1_284' title='bbox 698 4295 827 4342; x_wconf 85' lang='lat' dir='ltr'><strong>numenque</strong></span> <span class='ocrx_word' id='word_1_285' title='bbox 842 4299 863 4329; x_wconf 75' lang='grc' dir='ltr'><strong>ο.</strong></span> <span class='ocrx_word' id='word_1_286' title='bbox 935 4280 951 4328; x_wconf 84' lang='lat' dir='ltr'><strong>t.</strong></span> <span class='ocrx_word' id='word_1_287' title='bbox 972 4279 1106 4328; x_wconf 74' lang='lat' dir='ltr'><strong>ubntubom</strong></span> <span class='ocrx_word' id='word_1_288' title='bbox 1122 4296 1142 4326; x_wconf 79' lang='lat' dir='ltr'><strong>c.</strong></span> <span class='ocrx_word' id='word_1_289' title='bbox 1214 4291 1235 4338; x_wconf 74' lang='lat' dir='ltr'><strong>g.</strong></span> <span class='ocrx_word' id='word_1_290' title='bbox 1257 4295 1287 4325; x_wconf 80' lang='lat' dir='ltr'><strong>on</strong></span> 
     </span>
    </p>
   </div>
   <div class='ocr_carea' id='block_1_7' title="bbox 119 4367 691 4531">
    <p class='ocr_par' dir='ltr' id='par_1_8' title="bbox 119 4367 691 4531">
     <span class='ocr_line' id='line_1_35' title="bbox 119 4367 243 4418; baseline -0.048 0"><span class='ocrx_word' id='word_1_291' title='bbox 119 4367 243 4418; x_wconf 76' lang='lat' dir='ltr'><strong>oouduxitt</strong></span> 
     </span>
     <span class='ocr_line' id='line_1_36' title="bbox 192 4457 691 4531; baseline -0.006 -15"><span class='ocrx_word' id='word_1_292' title='bbox 192 4464 217 4516; x_wconf 93' lang='lat'><strong>1.</strong></span> <span class='ocrx_word' id='word_1_293' title='bbox 243 4457 419 4531; x_wconf 82' lang='lat' dir='ltr'><strong>Sep.10,10.</strong></span> <span class='ocrx_word' id='word_1_294' title='bbox 508 4459 533 4514; x_wconf 78' lang='lat' dir='ltr'><strong>e.</strong></span> <span class='ocrx_word' id='word_1_295' title='bbox 558 4457 613 4514; x_wconf 82' lang='lat' dir='ltr'><strong>loo.</strong></span> <span class='ocrx_word' id='word_1_296' title='bbox 628 4459 652 4528; x_wconf 92' lang='lat'><strong>1,</strong></span> <span class='ocrx_word' id='word_1_297' title='bbox 665 4457 691 4513; x_wconf 87' lang='grc'><strong>8.</strong></span> 
     </span>
    </p>
   </div>
   <div class='ocr_carea' id='block_1_8' title="bbox 0 0 1587 4842">
    <p class='ocr_par' dir='ltr' id='par_1_9' title="bbox 0 0 1587 4842">
     <span class='ocr_line' id='line_1_37' title="bbox 0 0 1587 4842; baseline 0 0"><span class='ocrx_word' id='word_1_298' title='bbox 0 0 1587 4842; x_wconf 95' lang='lat' dir='ltr'><strong> </strong></span> 
     </span>
    </p>
   </div>
  </div>
 </body>
</html>
