3164 4842
393 337 456 385 vax
478 336 634 386 0111011
655 337 736 384 vrrs
758 337 979 386 1101111111
1209 319 1276 386 483

107 497 144 546 eo
166 478 313 544 defuncto
335 483 369 545 et
382 499 477 565 opere
491 479 591 565 petite
607 479 738 546 minime
753 479 889 566 explete,
912 477 957 544 ibi
972 477 1178 560 remansisse;
1200 481 1277 546 tunc

105 594 253 661 11111111
275 593 397 678 talium,
421 594 555 681 apposui
579 594 696 679 aliquid
712 595 864 679 animum,
887 593 995 660 volens
1011 593 1131 682 scilicet
1143 593 1276 682 implere

104 711 215 797 petita,
238 711 266 776 si
288 710 354 776 ulla
375 711 601 798 astipularetur
623 711 764 777 scientia
800 711 941 796 Cumque
961 711 1016 776 diu
1031 709 1111 776 velle
1126 709 1205 778 mibi
1220 711 1276 777 ad·

103 826 237 912 iaceret,
262 825 413 913 perlicere
436 833 542 894 autem
563 827 598 892 iu
619 847 670 894 me
692 847 757 894 101
779 827 969 910 invenirem,
993 825 1152 894 dicebam·
1174 825 1275 910 robis,

104 941 188 1028 quod
210 942 333 1026 vellem,
357 942 501 1029 quodque
523 943 695 1027 nequirem.
732 941 795 1009 Sed
818 963 884 1026 ros,
907 948 944 1008 ut
959 943 1056 1026 scitis,
1080 941 1190 1010 eadem
1208 961 1276 1009 cre·

104 1057 162 1124 bro
183 1059 358 1144 repetistis;
387 1059 542 1142 dicentes,
566 1059 595 1124 si
617 1058 695 1124 mihi
718 1058 935 1126 tautummodo
959 1058 1062 1125 sobda
1081 1059 1201 1126 inesset
1221 1079 1276 1124 vo-

102 1171 220 1258 luntas,
244 1174 413 1242 aDomino
437 1181 562 1242 caetera
582 1175 726 1262 prestari.
762 1173 991 1241 Exhortatione
1007 1175 1186 1241 huiuamodi
1201 1195 1276 1261 sepe

102 1289 264 1374 incitatus,
286 1290 583 1377 temptavitandem
597 1297 720 1357 nestros
735 1289 868 1377 implere
882 1297 1045 1376 precatus3
1070 1289 1228 1357 conlidens
1243 1291 1276 1357 in

104 1425 141 1472 eo
165 1425 260 1490 quam
283 1408 432 1490 maxime,
456 1408 509 1491 qui
532 1406 629 1473 dixit:
660 1408 764 1493 Aperi
786 1429 820 1472 oa
844 1421 941 1488 neam,
967 1421 997 1473 et
1020 1430 1074 1493 epo
1098 1407 1276 1494 adimplebo
1389 1497 1394 1514 ι

102 1523 187 1588 illud
194 1518 212 1603 ¹,
238 1523 364 1608 quique,
388 1524 469 1590 sicut
490 1523 525 1588 in
546 1522 656 1609 paucis
679 1541 754 1608 sepe
778 1523 942 1588 victeriam
957 1529 1103 1610 prestans
1118 1521 1164 1588 sic
1180 1521 1276 1589 etiam

102 1638 136 1704 in
163 1638 321 1724 imperitis
343 1639 490 1725 peritiam
512 1639 664 1722 tribuens,
687 1639 809 1722 gratiae
832 1659 907 1705 suae
929 1639 1104 1724 potentiam
1128 1638 1274 1705 ostendit.

193 1753 280 1822 Haec
302 1761 406 1822 autern
429 1755 500 1821 ideo
516 1753 656 1840 premisl,
679 1773 719 1820 11
735 1755 815 1839 quis,
839 1774 890 1820 me
905 1753 1038 1820 forsitan
1055 1757 1178 1820 tautum
1196 1773 1276 1840 opus

102 1870 186 1938 ultro
209 1870 382 1958 arripuisse
396 1889 454 1956 per
468 1871 681 1954 arrogantiam
697 1871 878 1955 arbitratus,
902 1870 1030 1954 diceret,
1054 1889 1188 1953 maguae
1204 1890 1276 1957 pre-

102 1987 292 2073 sumptionis
319 2005 389 2053 esse
417 2005 559 2052 causam:
588 1986 658 2070 ille,
688 2005 769 2073 quae
797 2006 816 2052 a
840 1987 980 2072 quolibet
1002 1991 1110 2052 sancto
1133 1986 1202 2050 rire
1226 1991 1276 2051 ut·

101 2123 237 2188 cumque
265 2102 383 2169 fuerint
408 2101 550 2189 prolata,
580 2102 620 2170 ab
643 2101 707 2169 ullo
731 2101 879 2188 deinceps
902 2103 993 2188 quasi
1017 2101 1220 2168 emendatore
1242 2101 1276 2167 in

102 2219 190 2286 aliud
217 2219 397 2299 trausierri3
426 2219 516 2303 quasi
544 2237 607 2285 101
639 2219 710 2304 ipsa
731 2223 913 2284 sanctorum
936 2218 1163 2304 prophetarum
1186 2237 1276 2284 sanc·

100 2335 287 2420 tissimaque
309 2333 466 2418 euangelii
489 2333 582 2417 dicta,
606 2335 714 2401 multis
739 2333 982 2402 obscuritatibus
1003 2335 1155 2416 involuta,
1178 2354 1275 2400 enon

100 2451 198 2518 nullis
228 2451 434 2538 scriptoribus
462 2449 495 2516 in
525 2449 619 2516 aliam
642 2449 782 2534 linguam
806 2451 856 2518 vel
880 2451 912 2517 iu
937 2451 1126 2538 apertiorem
1151 2455 1276 2517 seuten-

100 2569 181 2634 tiam
207 2567 327 2634 fuerint
352 2568 515 2634 translata.
551 2565 609 2633 His
632 2567 740 2651 itaque
763 2566 928 2653 prelibatis
951 2573 1061 2634 contra
1084 2567 1276 2634 detractores

101 2685 283 2766 universos,
312 2681 425 2769 quibus
454 2683 532 2750 nibil
562 2689 610 2750 est
638 2682 776 2766 dulcius,
806 2703 900 2768 quam
932 2683 1009 2749 elios
1038 2683 1178 2749 lacerare
1206 2683 1277 2749 aliis

100 2799 231 2885 laqueos
254 2819 371 2885 ponere
393 2800 425 2866 in
449 2799 501 2864 via
523 2817 586 2890 qna
607 2799 670 2885 ipsi
693 2798 805 2864 nolunt
825 2798 980 2882 incedere,
1004 2797 1068 2864 iam
1084 2798 1197 2865 deinde
1213 2797 1276 2864 lec-

100 2917 164 2983 tori
192 2915 331 3002 pandere
360 2915 468 3001 cupio:
500 2915 574 3000 quia
600 2914 633 2980 id
659 2914 739 2980 mibi
762 2914 900 2980 maxime
922 2915 983 2980 luit
1005 2914 1102 2980 studii
1123 2915 1157 2979 in
1180 2933 1275 3000 opere

101 3033 181 3114 1110,
209 3037 245 3098 11
271 3032 461 3098 sententiam
484 3030 615 3098 eandem
638 3029 742 3097 verbis
767 3029 977 3116 apertioribus
999 3029 1189 3116 proferrem,
1221 3050 1275 3095 ex-

101 3147 203 3236 ceptis
226 3147 285 3230 his,
309 3167 389 3231 quae
411 3145 470 3214 obb
493 3146 543 3212 sui
565 3145 781 3212 difficultatem
798 3151 830 3212 et
845 3145 1068 3212 obscuritatem
1083 3145 1274 3229 investigare

100 3265 228 3352 penitus
251 3263 388 3348 nequivi.
424 3262 459 3330 ln
483 3267 605 3330 tautum
630 3267 734 3328 antem
758 3261 901 3328 faciliora
923 3262 1093 3346 sequebar,
1116 3267 1167 3345 ut,
1192 3261 1275 3328 sicut

101 3379 230 3468 probari
251 3383 367 3466 potest,
390 3378 505 3446 alicubi
528 3378 637 3446 eadem
661 3378 756 3444 verba
777 3397 937 3464 ponerem.
972 3376 1053 3454 Quid
1076 3377 1160 3444 enim
1182 3377 1274 3444 nobis

100 3495 230 3580 intimis,
254 3497 307 3580 qui
330 3495 543 3581 spectaculum
558 3495 634 3561 tacti
649 3513 756 3560 sumus
772 3491 917 3576 mundo',
941 3492 1061 3560 nodosa
1076 3500 1110 3560 et
1122 3493 1275 3581 perplexa

101 3611 224 3679 oratio?
247 3610 394 3680 Habeant
415 3617 571 3678 amatores
594 3611 767 3696 sapientiae
791 3609 940 3676 secularis
962 3609 1111 3694 Tullium,
1134 3630 1191 3677 nos
1214 3611 1273 3675 im·

100 3728 197 3815 periti
212 3733 244 3794 et
258 3727 422 3811 ignobiles,
438 3727 578 3814 despecti
593 3733 626 3792 et
640 3723 902 3811 contemptibiles,
921 3745 1090 3811 sequamur
1102 3725 1272 3812 Christum,

101 3845 157 3932 qui
178 3863 243 3910 non
265 3843 467 3930 philosophos
490 3843 546 3912 sed
567 3843 739 3929 piscatores
763 3840 858 3925 elegit
880 3841 1060 3928 discipulos.

192 3959 278 4028 lutor
299 3959 377 4027 baec
400 3961 495 4027 etiam
516 3959 595 4026 illud
617 3964 726 4026 netum
748 3957 830 4024 facio
848 3957 1008 4024 dilectioni
1025 3962 1164 4026 vestrae:
1189 3959 1273 4042 quin,

102 4095 175 4144 cnm
197 4077 231 4142 in
254 4077 325 4162 ipso
346 4075 438 4160 libro,
462 4095 554 4161 quem
577 4095 628 4142 me
651 4073 822 4160 explanare
840 4075 976 4160 petistis,
999 4073 1189 4160 inspicerem
1203 4073 1274 4160 plu-

102 4193 187 4260 rima
215 4197 283 4260 tam
310 4191 534 4260 miraculorum
563 4211 657 4276 quam
680 4190 885 4282 epistolarum
907 4191 1045 4274 insignia
1066 4210 1129 4256 101
1152 4189 1272 4273 baberi,

174 4347 196 4382 a.
217 4333 488 4395 dicem-nequitu
503 4349 577 4380 mc.
654 4333 677 4380 b.
698 4333 727 4380 ob
742 4347 817 4379 aare.

175 4441 200 4496 1.
225 4437 443 4510 1111111.
533 4439 558 4493 1.
583 4435 731 4494 110111.
744 4437 771 4507 4,
784 4437 809 4490 0.

996 4531 1059 4586 er*
