3176 4846
181 465 250 520 1159

150 537 207 586 Nor.
216 537 271 586 Dee

213 1514 269 1563 Dec.

290 295 355 364 638
493 315 572 362 vrrs
596 313 749 362 sancum
771 313 1031 363 anonmrrsconr
1052 313 1248 363 noousunu

288 457 423 524 sentiam
443 455 545 544 ipsius
565 455 766 524 fruebantur·
787 455 930 522 tuitionis
954 455 1076 524 ducatu.
1167 455 1321 543 Implebat
1342 456 1450 542 itaque

288 573 476 641 venerabilis
491 571 693 657 llagnntinus
716 591 897 640 mensuram
920 572 1135 660 apostolicam,
1158 572 1279 640 factusb
1293 577 1382 638 tante
1399 571 1455 637 ad·
1580 571 1581 654 ἶ

288 691 447 758 versitatis
467 689 647 756 discrimine
665 689 769 756 actor*
785 689 949 776 apostolici
963 688 1062 769 verbi,
1087 687 1232 755 dicentis:
1258 689 1298 755 Si
1312 690 1457 754 emata-it

288 811 434 872 tamicae
451 821 532 888 aros,
556 808 627 872 cibo
642 807 750 883 illam
774 811 804 872 ei
819 810 895 888 satit,
916 819 1028 894 potam
1043 807 1085 872 do
1099 807 1151 871 itta·
1158 801 1177 870 ¹.
1211 805 1360 870 Animum
1378 822 1456 888 quo-

289 943 349 1007 que
372 921 491 1005 David,
520 921 769 988 Bethleemitidis
796 922 881 1005 regis
908 927 1002 1008 atque
1024 921 1190 1008 prophete,
1218 921 1357 987 induisse
1380 939 1456 986 con·

289 1037 422 1124 spicitur
450 1039 500 1104 vir
526 1039 586 1105 iste
615 1039 774 1122 egregium
804 1037 854 1105 oui
883 1057 954 1104 cum
983 1043 1213 1125 persecutorem
1242 1057 1349 1119 suum,
1379 1035 1456 1102 Saul

288 1154 510 1240 impiissimum
533 1173 649 1238 regem,
674 1153 828 1220 Dominus
849 1154 882 1219 in
897 1173 993 1220 manu
1010 1174 1066 1220 sua
1080 1154 1113 1219 in
1129 1153 1279 1240 spelunca
1292 1152 1456 1219 Odollam·

288 1269 480 1352 tradidisset
505 1270 645 1336 abscisal
668 1271 811 1337 clamidis
833 1271 950 1355 ipsius·
967 1266 1051 1353 om',
1074 1269 1175 1335 noluit
1197 1268 1364 1335 extendere
1385 1287 1457 1334 ma·

289 1403 364 1451 num
387 1385 420 1451 in
442 1386 557 1471 ipsum,
580 1385 702 1452 dicens:
727 1386 848 1452 Iudicat
869 1386 959 1451 Deos
981 1391 1062 1452 eaeo
1085 1400 1113 1452 te
1135 1399 1163 1452 et
1184 1378 1260 1451 me'.

377 1499 500 1580 Quanto
523 1507 628 1568 autem
652 1506 807 1589 apparatu
832 1501 1000 1586 quantove‘
1020 1501 1170 1588 tripudio,
1194 1501 1359 1587 postquain
1382 1518 1457 1585 pre·

290 1616 390 1683 sentis
412 1637 467 1682 sue
489 1637 596 1684 rumor
618 1622 723 1684 castra
739 1618 855 1684 cesaris
870 1618 956 1683 fama
972 1617 1115 1684 evolante
1129 1617 1290 1702 respersit,
1313 1622 1345 1681 et
1360 1635 1457 1700 quam

290 1730 517 1799 officiosissime
545 1734 585 1799 ad
608 1753 705 1799 unum
729 1733 854 1800 circiter
875 1733 999 1801 miliare
1020 1739 1189 1819 —preter
1210 1731 1283 1815 hos,
1314 1731 1367 1816 qui
1390 1731 1457 1818 pri-

290 1847 381 1914 dem⁸
404 1848 443 1914 ad
470 1869 566 1916 unam
594 1849 645 1916 vel
676 1849 811 1935 amplius
840 1849 956 1916 dietam
985 1847 1201 1915 occurreranth
1224 1883 1267 1894 --
1296 1847 1457 1934 principes

290 1983 397 2031 omues
424 1965 550 2032 obviam
573 1963 757 2049 Maguntino
779 1965 949 2052 procedere
972 1966 1010 2031 si‘
1034 1983 1176 2030 cerneres
1200 1967 1232 2030 et
1253 1964 1398 2030 certatim
1421 1963 1456 2029 in

289 2079 397 2147 oscula
423 2081 533 2148 rcere¹
561 2087 594 2148 et
622 2081 660 2147 ab
689 2099 742 2147 ore
770 2081 929 2147 numantia
958 2080 1095 2168 pendere
1123 2080 1296 2163 inviseres'‚
1331 2079 1456 2165 pulchri

290 2197 460 2283 spectaculi
481 2195 537 2263 illa
559 2197 625 2263 dies
647 2197 738 2264 ioret.
831 2196 972 2284 Stipatus
995 2197 1091 2279 igitur
1114 2193 1282 2262 hincinde
1304 2196 1457 2281 principi-

290 2313 358 2395 bus,
381 2313 520 2397 undique
542 2320 574 2380 et
595 2312 722 2380 fulcitus
746 2314 928 2400 proceribus
951 2317 983 2379 et
1006 2312 1075 2378 aliis
1100 2330 1231 2397 quorum
1254 2331 1318 2377 non
1334 2319 1384 2378 est
1398 2331 1457 2377 nu·

290 2449 411 2512 merus,
436 2429 541 2495 aulam
563 2429 759 2516 imperialem
782 2429 926 2516 preconis
949 2430 1007 2496 sub
1030 2447 1105 2494 voce
1127 2425 1329 2511 llaguntinus
1351 2428 1457 2511 ingre·

291 2545 385 2611 dtur.
421 2543 521 2611 Tante
542 2544 678 2632 presulis
701 2547 874 2612 reverentie
897 2545 1046 2611 maiestas
1068 2543 1241 2630 imperialis
1265 2545 1404 2628 assurgit
1425 2550 1457 2611 et

291 2659 461 2726 Teutonico
483 2671 594 2727 morem
616 2658 822 2727 resalutatum
845 2662 1007 2727 considere
1028 2660 1125 2726 iubet

378 2777 423 2842 At
444 2777 523 2862 ipse,
547 2775 690 2843 omuibus
714 2777 909 2864 principibus
932 2777 992 2842 sibi
1015 2774 1230 2842 constantibus
1253 2795 1367 2859 magno
1383 2774 1455 2842 dato

291 2892 427 2976 silentio,
450 2893 565 2960 iniurie
588 2913 643 2960 sue
667 2892 826 2978 querelam
849 2891 1047 2978 presentibus
1070 2891 1257 2958 adversariis
1281 2911 1388 2958 coram
1402 2893 1457 2958 de-

290 3010 421 3097 promit3
444 3009 656 3076 curiosissime
678 3009 856 3075 sciscitans:
881 3027 922 3073 au
945 3009 1060 3074 cesaris
1083 3007 1196 3074 throno
1220 3007 1277 3072 hec
1297 3013 1365 3073 tam
1381 3027 1457 3073 seva

291 3129 468 3190 emanasset
490 3126 655 3208 sententia,
679 3124 780 3209 quod'
795 3123 1016 3190 ministeriales
1041 3123 1090 3190 sui
1112 3143 1217 3190 coram
1239 3124 1336 3210 positi
1350 3123 1456 3191 sedem

291 3239 517 3324 llaguutinam
540 3243 645 3327 patria
667 3239 760 3308 rebus
783 3239 955 3307 ethonore
976 3241 1046 3326 ipso
1069 3238 1210 3326 depulso,
1233 3240 1341 3326 rapaci
1359 3241 1456 3306 sacri-
1577 3323 1579 3348 Ι

290 3355 373 3438 legio
394 3361 427 3422 et
447 3355 665 3423 latrocinanti⁰
687 3355 854 3442 mancida
876 3355 1057 3424 debuissent
1078 3355 1243 3437 invadere;
1274 3361 1306 3422 et
1328 3356 1456 3424 domum

292 3471 456 3556 orationis,
486 3473 591 3559 ipsum
616 3472 755 3539 tribunal
777 3471 838 3539 Dei
860 3473 1010 3555 viventis,
1041 3472 1222 3558 speluncam
1244 3471 1402 3540 latronum
1426 3477 1459 3540 et

293 3588 395 3653 omnis
417 3590 566 3675 spurcitie
586 3590 730 3656 lacunam
753 3587 901 3654 exhibere
923 3586 1118 3668 mandassem
1142 3595 1175 3654 et
1196 3609 1235 3654 an
1256 3591 1386 3657 servitio
1400 3611 1457 3658 suo

293 3704 377 3790 apud
398 3705 593 3790 imperialem
616 3705 817 3770 maiestatem
835 3703 869 3769 id
891 3703 1126 3790 promeruisset.

451 3819 541 3886 Talia
563 3820 725 3906 perstabat
746 3839 935 3904 memorans,
958 3819 1101 3904 fixusque
1122 3818 1297 3888 manebat⁴.

364 3991 385 4024 a.
404 3977 536 4026 furabantur
552 3979 573 4026 1.
638 3980 660 4026 b.
681 3979 755 4026 iactus
769 4003 793 4012 -
806 3983 869 4026 ector
884 3981 967 4038 scripsi
978 3997 1021 4038 pro
1037 3981 1101 4026 actus
1116 4003 1140 4012 -
1152 3981 1225 4027 lactor
1241 3982 1263 4038 1,
1280 3983 1302 4028 2.
1365 3995 1385 4028 e.
1408 3981 1457 4029 lic·

294 4056 340 4103 olle
354 4059 376 4114 1,
392 4057 474 4105 lleolle
490 4061 512 4104 2.
577 4059 599 4105 d.
620 4059 722 4106 abscisse
738 4063 759 4106 2.
826 4073 846 4105 e.
867 4077 910 4106 om.
927 4061 948 4106 2.
1016 4057 1182 4121 tquautoqna
1199 4062 1221 4107 2.
1282 4075 1304 4120 g.
1325 4062 1418 4121 predam
1434 4063 1458 4108 1.

293 4135 542 4186 beeomrsrerentl.
603 4139 762 4186 tsiddide'.
823 4139 948 4186 brurel.
1010 4139 1165 4188 tuumne.
1228 4139 1458 4198 mislaneret.

292 4230 316 4265 n.
337 4215 392 4276 orit
407 4219 429 4264 t.
507 4231 528 4265 o.
547 4217 694 4266 meumes
710 4221 732 4264 2.

293 4405 321 4460 Α
364 4321 598 4460 11.ΙΒοω.12,20.
680 4324 705 4377 2.
725 4323 821 4392 lReg.
834 4324 876 4392 24,
890 4325 914 4378 6.
996 4325 1021 4380 3.
1043 4325 1138 4394 IReg.
1152 4325 1195 4396 at
1209 4325 1251 4380 13.
1334 4326 1360 4382 4.
1379 4325 1458 4396 Vlrg.

320 4420 363 4461 eu.
413 4409 474 4463 650.
