3176 4846
300 259 366 326 626
502 277 582 324 vura
605 275 760 324 aasonnr
782 273 1042 324 nnenrnnrsoorr
1064 275 1261 324 noouarnsr

213 426 282 481 1158
300 439 360 504 qne
382 417 423 484 ad
444 418 649 502 regressionis
672 437 728 485 sne
750 419 943 504 presentiam
966 415 1004 484 ab
1028 411 1228 503 expeditione
1250 415 1373 482 distulit
1394 436 1464 502 pro·

300 535 500 620 sequendam.

388 650 449 717 Die
477 656 582 718 autem
610 650 798 733 egressionis
827 669 899 732 sue,
929 649 1089 714 secernitis
1115 648 1302 714 necessariis
1323 645 1466 714 fidelibus

300 766 382 849 suis,
409 771 446 832 ut
473 767 580 832 domui
602 785 658 832 sue
680 763 923 851 profioiseendus
946 764 1142 850 disponeret,
1172 764 1256 830 inter
1279 783 1388 829 omnes
1411 783 1467 830 no-

300 882 445 948 minatim
468 887 499 946 et
529 881 707 968 specialiter
733 880 814 948 filios
836 879 991 964 Mangoti,
1020 880 1108 945 ouius
1137 899 1234 966 supra
1255 879 1466 961 meminimus,
1572 861 1573 908 l

301 1003 333 1064 et
354 998 550 1084 prepositum
564 996 760 1064 Bureardum
783 997 838 1064 de⁸
854 995 1033 1079 leoheburg,
1058 1015 1166 1062 eorum
1190 993 1390 1078 avunculum,
1414 995 1468 1060 ad-
1572 985 1573 1002 ἶ

301 1118 442 1194 voearat;
469 1119 631 1198 tamquam
655 1133 723 1199 eos,
752 1112 865 1198 quibus
887 1111 1013 1179 omniab
1034 1111 1160 1180 fidebat.
1199 1111 1343 1196 Namque
1366 1110 1469 1176 eidem
1571 1117 1573 1172 ι

300 1228 459 1296 Buroardo
483 1229 658 1314 quendam⁶
681 1229 909 1297 nobilissimam
931 1227 1115 1311 Maguntine
1137 1227 1268 1294 eoelesie
1289 1227 1468 1314 prepositu-

300 1365 386 1429 ram,
415 1344 523 1410 Saneti
545 1344 632 1411 Petri
660 1345 805 1412 videlieet
836 1365 896 1429 que
925 1344 1018 1411 tertie
1045 1345 1132 1410 voeis
1159 1344 1278 1411 honore
1300 1342 1468 1428 prefulget,

301 1467 334 1527 et
361 1461 428 1527 eius
458 1459 530 1526 fidei
560 1460 750 1543 contulerat,
781 1466 813 1526 et
839 1461 878 1527 de
906 1460 1041 1528 soabello
1072 1460 1187 1546 pedum
1210 1479 1340 1526 suorum
1361 1461 1469 1545 ipsum

301 1577 362 1643 sibi
390 1576 597 1642 anrieulurem
624 1577 898 1662 collateralemque
920 1580 952 1643 et
973 1575 1145 1659 gloriosum
1167 1575 1352 1662 perimeret
1387 1573 1469 1640 Huie

300 1693 398 1778 igitur
427 1694 525 1760 vicem
556 1714 646 1760 suam
672 1694 706 1758 in
733 1691 950 1779 spiritualibus
979 1693 1082 1759 causis
1109 1698 1141 1758 et
1167 1690 1308 1758 iustitia‘¹
1331 1689 1470 1758 bannia

300 1808 429 1876 flumine
456 1808 566 1876 Werre
593 1809 627 1874 in
656 1813 754 1874 totam
782 1827 880 1892 nsque
909 1807 1132 1890 Franooniam,
1167 1807 1281 1874 deinde
1308 1806 1470 1872 civitatem

301 1923 516 2008 linguntinam
545 1923 607 1990 sibi
635 1925 763 2009 suisque
791 1923 976 2011 nepotibus,
1005 1923 1080 1990 filiis
1107 1923 1264 2007 Meugoti,
1297 1922 1381 1988 bona
1409 1921 1471 1988 lide

300 2061 400 2126 usque
423 2041 479 2106 ad·
501 2041 639 2107 reditum
662 2060 753 2106 suum
776 2041 941 2106 commisit
976 2039 1019 2106 Et
1041 2039 1127 2106 eum‘
1149 2047 1312 2124 tamquam
1334 2038 1469 2104 alterum

302 2178 336 2224 se
358 2157 464 2243 ipsum
487 2176 582 2242 super
604 2157 737 2223 iustitiis
760 2157 826 2222 suis
848 2155 1051 2242 disponendis
1073 2155 1215 2240 reliquit3
1240 2156 1291 2220 eui
1313 2155 1470 2222 omnimo·

259 2351 263 2360 1
301 2273 373 2338 dam
396 2271 580 2338 fidelitatem
603 2277 763 2357 tamquam
787 2273 913 2338 domino
936 2292 992 2338 suo
1014 2273 1168 2338 iurarunt.

390 2387 490 2471 Igitur
510 2387 729 2472 Maguntinus,
753 2390 811 2455 sub
835 2389 1047 2476 predictorum
1069 2387 1130 2454 lide
1153 2387 1246 2453 domo
1269 2385 1398 2452 civitate
1420 2406 1472 2452 re·

301 2524 433 2588 rumque
461 2524 589 2571 suarum
616 2525 693 2571 eura
719 2504 846 2588 relicta,
876 2507 909 2570 in
938 2503 1134 2574 nobilissimo
1156 2504 1346 2587 robustoque
1368 2502 1472 2568 milite

302 2627 432 2686 oenteno
456 2626 488 2687 et
510 2619 725 2704 quadrageno,
749 2641 808 2688 are
830 2621 936 2687 dioens
959 2621 1126 2705 fratribus,
1149 2621 1236 2704 regio
1260 2625 1418 2706 apparatu
1440 2625 1473 2686 et

302 2737 336 2801 in
358 2736 666 2819 religiosissimorum
687 2738 821 2803 fratrum
843 2737 1029 2822 frequentia,
1053 2743 1089 2803 ut
1110 2757 1171 2822 que
1193 2741 1267 2802 sunt
1286 2735 1406 2801 eesaris
1420 2753 1471 2802 ee·

247 2881 284 2912 un.
303 2853 368 2918 sari
399 2853 512 2919 reddat
545 2857 577 2918 et
612 2871 672 2937 que
706 2860 781 2919 sunt
807 2852 866 2919 Dei
895 2853 962 2919 Deo
972 2849 989 2936 ¹,
1025 2852 1149 2918 Italiam
1179 2871 1287 2919 versus
1316 2851 1471 2936 procedit

302 2966 441 3053 Eratque
465 2969 619 3034 exereitus
643 2969 710 3034 eius
732 2975 894 3053 tamquam
918 2970 1073 3035 exereitus
1095 2969 1189 3052 regis,
1213 2987 1291 3052 quos
1312 2967 1383 3052 ipse
1398 2986 1474 3052 pro-
1572 3047 1573 3060 1

302 3084 382 3170 priis
411 3084 544 3152 ducebat
570 3085 733 3171 expensis3
762 3105 803 3151 ne
825 3085 936 3171 rapine
958 3085 1092 3168 malum,
1122 3083 1262 3171 qualibet
1282 3083 1474 3149 necessitate
1572 3061 1573 3104 ³

303 3200 413 3282 eoaeti,
436 3201 641 3266 insumerent.
677 3201 842 3285 Dabatque
864 3202 897 3265 in
921 3202 1007 3266 omni
1030 3199 1217 3267 sufficientia
1238 3200 1380 3285 singulis.
1411 3199 1472 3279 Qui

304 3335 412 3382 omnes
435 3323 525 3382 erant
547 3323 738 3403 pugnatores
759 3317 970 3384 robustissimi
989 3317 1023 3381 in
1038 3316 1140 3402 clipeo
1154 3323 1187 3384 et
1200 3317 1302 3400 haste,
1324 3319 1359 3382 in
1373 3317 1476 3384 loriee

305 3438 337 3496 et
358 3431 474 3514 gladio,
498 3432 647 3517 pharetra
669 3439 701 3499 et
721 3453 806 3516 arou,
829 3431 927 3498 funda
942 3437 974 3498 et
988 3431 1110 3518 lapide;
1134 3431 1346 3518 gerebentque
1361 3453 1473 3500 omnes
1572 3467 1573 3476 ι

304 3548 568 3624 ferventissimam
590 3555 623 3616 ot
650 3548 775 3614 virilem
801 3552 932 3631 etatem,
961 3566 1069 3614 omnes
1096 3547 1198 3614 inoliti
1219 3549 1383 3616 iuventute
1404 3569 1472 3616 sua.

305 3663 503 3750 Dederatqne
537 3665 671 3730 domnus
698 3663 901 3748 Meguntinus
935 3663 1079 3730 omnibus
1107 3665 1141 3730 in
1168 3665 1343 3748 mandatis,
1377 3665 1473 3751 quod,

306 3780 388 3846 siout
409 3781 576 3865 diligerent
597 3801 750 3868 personas
773 3790 863 3846 suas⁸
886 3786 917 3846 et
939 3800 1007 3863 res,
1036 3799 1055 3845 a
1076 3799 1252 3867 pauperum
1274 3801 1309 3848 se
1331 3782 1473 3848 eontine-

305 3903 377 3964 rent
398 3899 535 3984 rapinis3
559 3916 620 3963 non
643 3897 738 3980 furta
761 3916 824 3962 non
846 3897 943 3980 rixas,
966 3915 1030 3962 uon
1046 3895 1284 3983 expoliationes,
1306 3897 1474 3984 nullasque

304 4014 388 4080 inter
411 4033 445 4079 se
468 4019 691 4100 attemptarent
713 4011 895 4080 discordias.

378 4171 399 4203 a.
421 4155 449 4202 de
463 4179 487 4187 -
501 4155 635 4202 svuneulum
651 4173 693 4200 om.
710 4155 732 4201 2.
824 4155 847 4201 b.
868 4153 972 4200 omnibus
988 4155 1010 4200 l.
1104 4167 1123 4200 e.
1138 4123 1257 4214 ¹quandam
1273 4157 1300 4212 l,
1321 4155 1435 4216 quondam
1450 4157 1472 4202 2.

306 4235 329 4282 d.
349 4237 439 4282 iustitie
455 4237 477 4281 1.
583 4249 602 4282 e
622 4247 695 4294 usque
715 4233 776 4280 bone
794 4232 840 4280 fide
862 4234 890 4280 ad
908 4235 973 4290 1‚t.
1075 4233 1091 4280 i.
1112 4247 1164 4280 eum
1185 4237 1268 4294 scripse·
1283 4253 1327 4294 pro
1347 4249 1388 4282 eos
1405 4237 1433 4292 1,
1449 4236 1471 4281 2
1572 4289 1573 4306 ζ

306 4328 327 4373 g.
348 4327 400 4361 ms
417 4315 508 4361 addidi.

378 4411 402 4463 1.
426 4408 520 4463 aaa.
534 4412 576 4477 se,
590 4411 633 4464 ιι.
