3148 4846
456 301 643 348 nrisromu
665 301 893 350 uocurrmsn
916 303 946 348 aa
1218 285 1282 352 3ῗῖ

120 436 182 510 32.
204 437 342 508 Quen
357 442 420 508 III
436 445 594 530 antipapa
615 444 819 531 Mogentiaoe
848 445 1022 512 obediencia
1045 445 1205 512 Rotbcrda‘
1228 469 1283 514 ar·

206 558 399 646 cba'epabcopi
419 559 537 624 solvat

206 689 377 775 themens)
400 691 566 784 opiscopus
589 713 697 759 servus
720 713 882 761 servorum
904 694 965 761 Dei
988 691 1193 777 Gtodeboldo)
1217 693 1284 761 Mo·
1308 703 1377 758 1099

117 807 248 890 gontino
270 807 447 896 preposito,
470 808 617 875 universo
639 829 763 894 quoque
784 809 868 877 clero
892 814 924 877 et
945 809 1072 897 populo,
1096 811 1230 878 salutem
1253 775 1384 880 ct1an

113 921 323 1008 'apostolicam
348 923 604 992 benedictionem.

12 1049 15 1056 '
207 1037 332 1116 Quanta
352 1039 402 1106 his
424 1041 618 1127 temporibus
641 1039 791 1108 aeclesiae
807 1044 929 1108 vescae
943 1040 1285 1128 calamitasingruerlt,

117 1159 195 1240 quot
222 1157 456 1242 persecutiones
485 1162 517 1224 et
544 1156 628 1223 mala
655 1156 896 1243 circumquaque
923 1157 1104 1244 pertulerit,
1133 1164 1286 1244 qnantum

118 1269 351 1338 aeclesiasticae
373 1271 558 1359 disciplinae
580 1273 669 1356 vigor
691 1273 724 1338 in
748 1291 785 1340 ea
807 1273 947 1360 perierit,
969 1272 1082 1357 legatis
1103 1275 1221 1341 nostris
1235 1293 1286 1341 rc-

105 1385 292 1472 ¹terentibus
321 1393 353 1454 et
380 1388 519 1456 maxime
541 1388 769 1456 inculcantibus
792 1395 987 1476 compertum
1011 1396 1067 1456 est
1104 1389 1205 1478 Super
1228 1389 1286 1458 hoc

118 1501 393 1571 vehementissime
415 1504 571 1587 dolemus;
594 1506 671 1572 satis
694 1525 860 1592 superque,
884 1506 968 1591 quod
983 1505 1069 1573 lesus
1091 1507 1189 1590 novit,
1212 1525 1286 1574 con-

119 1619 294 1685 trtstamur.
329 1619 395 1686 Nec
416 1620 481 1686 iam
500 1619 635 1708 amplius
650 1623 717 1710 pati
732 1641 899 1709 possumus
914 1623 1077 1706 intactum,
1101 1623 1184 1708 qnod
1198 1628 1288 1690 tanta

117 1735 278 1820 pacientia
297 1741 424 1820 tamque
439 1735 571 1822 prolixis
586 1736 720 1804 induciis
735 1735 886 1805 hactenus
900 1737 1079 1804 distulimus
1094 1739 1284 1825 inpunitum.

208 1849 338 1918 Poterat
366 1851 491 1936 quidem
518 1851 676 1936 sufficere,
708 1853 791 1938 quod
813 1854 927 1921 totiens
950 1853 1093 1940 repetitis
1115 1854 1286 1921 vocationi·

118 1965 194 2049 bus,
218 1966 374 2033 adinmtis
396 1967 491 2035 etiam
514 1969 713 2034 vocationum
734 1969 849 2052 causis,
871 1974 1031 2056 pastorem
1052 1967 1210 2036 veebum¹
1232 1989 1286 2036 vo-

118 2082 271 2150 cavimus.
307 2081 370 2150 Sed
400 2104 441 2151 ne
468 2083 562 2150 alicui
591 2083 754 2151 videamur
781 2085 967 2172 precipites,
995 2105 1059 2151 non
1082 2085 1169 2172 piget
1191 2086 1287 2154 etiam

118 2219 204 2266 nunc
227 2200 424 2266 camdenum
449 2219 560 2267 causas
583 2205 616 2268 et
637 2201 733 2287 ipsos,
755 2219 813 2286 per
836 2221 913 2289 quos
936 2207 1064 2268 vocatus
1086 2208 1144 2287 est,
1165 2202 1200 2268 iu
1221 2221 1288 2270 me·

119 2315 208 2382 dium
232 2315 394 2382 adducere.
485 2313 655 2403 Principio,
679 2316 717 2384 de
740 2318 921 2403 symoniaca
941 2318 1045 2386 heresi
1064 2318 1245 2402 infamatus,
1269 2338 1289 2384 a

118 2431 198 2497 viris
221 2431 376 2516 religiosis
398 2438 431 2498 et
453 2451 531 2518 quos
554 2432 593 2499 ad
615 2433 811 2500 uocationem
834 2435 1004 2500 auctoritas
1027 2434 1167 2502 admittit
1181 2435 1288 2501 multi·
1420 2459 1424 2468 ·

118 2547 201 2615 sarie
236 2567 330 2634 super
361 2547 420 2614 hoc
448 2549 626 2635 impetitus,
661 2568 719 2636 per
745 2548 905 2616 Romanae
935 2549 1086 2617 aeclesiae
1113 2550 1288 2622 cardinales

119 2661 301 2748 warinum,
331 2662 536 2731 Anastasium
564 2667 597 2732 et
617 2663 836 2732 Adalmcrium
860 2671 909 2732 est
929 2671 1068 2733 vocatus.
1102 2665 1146 2732 Et
1167 2671 1288 2754 postea,

119 2799 194 2848 cum
217 2781 325 2847 venire
346 2779 455 2864 nollet,
480 2780 519 2847 ab
541 2781 697 2868 episcopis
720 2780 869 2848 Romanis
891 2781 1034 2848 Tiedrico
1056 2780 1236 2848 Albanenee
1258 2787 1290 2850 et

117 2895 324 2983 Ruopperhto
347 2895 536 2979 Faventino,
560 2903 718 2983 postremo
742 2897 838 2963 etiam
861 2917 918 2984 per
940 2897 1104 2981 Hugonem
1129 2898 1210 2965 sacri
1233 2918 1289 2984 pa-

1 3019 2 3050 l
118 3012 195 3080 lacii
217 3012 383 3080 diaconum
406 3017 535 3079 vocatus
550 3018 607 3078 est
643 3011 700 3078 His
716 3013 860 3080 omnibus
875 3014 1086 3098 inoboediens,
1108 3033 1172 3080 non
1187 3013 1290 3080 solum

119 3147 187 3195 non
209 3129 306 3213 venit,
329 3149 438 3195 uerum
462 3129 571 3213 eciam,
595 3129 677 3194 vicia
699 3129 788 3195 viciis
807 3129 936 3214 addens,
958 3129 1092 3196 crimina
1105 3129 1289 3197 criminibus

120 3244 309 3328 cumulavit,
337 3246 521 3330 iniquitates
548 3245 768 3329 iniquitatibus
795 3245 917 3312 addidit
944 3251 990 3330 et,
1024 3251 1061 3312 ut
1086 3247 1148 3334 ipsi
1176 3245 1288 3314 melius

1 3419 2 3422 ,
120 3361 226 3444 scitis,
254 3361 409 3448 quaedam
438 3359 591 3444 sacrilega
613 3366 645 3427 et
667 3361 793 3428 divinae
814 3360 959 3445 religioni
982 3363 1109 3428 omnino
1132 3363 1291 3430 contraria

1 3553 2 3562 ἶ
120 3477 326 3564 perpetravit
362 3472 563 3544 Fidelitatem
586 3477 712 3564 quippe,
736 3497 830 3562 quam
848 3478 975 3544 domino
991 3475 1066 3546 suo'
1081 3479 1207 3564 iuravit,
1231 3479 1290 3546 mi·

120 3593 209 3660 nime
230 3593 425 3676 observavit3
450 3594 489 3659 ad
511 3592 656 3660 inimicos
679 3593 768 3677 regni
790 3598 823 3660 et
842 3593 1009 3662 sacerdotii
1023 3600 1056 3662 et
1069 3594 1196 3662 divinae
1210 3594 1289 3679 legis

121 3713 355 3797 contemptores
378 3729 412 3776 se
434 3709 539 3796 ipsum
562 3713 664 3775 tetum
682 3709 828 3791 contulit3
852 3711 884 3775 in
900 3710 1061 3777 dominum
1077 3731 1168 3777 suum
1183 3711 1289 3778 hostes

121 3845 202 3912 quos
230 3826 334 3913 potuit
359 3825 544 3909 concitavit,
573 3825 657 3892 vitae
680 3831 712 3892 et
733 3845 865 3894 coronae
888 3846 963 3893 suae
985 3826 1151 3894 insidiator
1172 3826 1288 3912 estut,

1 3947 2 3950 ’
123 3946 157 4010 et
188 3948 307 4028 quauta
339 3942 536 4026 malignitate
569 3940 669 4008 relmt
702 3941 850 4008 aduersus
879 3941 1050 4014 Dominum
1080 3948 1112 4010 et
1140 3943 1289 4010 adversus

197 4089 217 4123 ι.
241 4079 360 4136 Deceripea'
381 4095 410 4123 ea
433 4077 485 4123 cod.
506 4076 621 4138 quondam
641 4077 749 4122 ccclesiae
769 4078 793 4124 S·
811 4077 982 4124 Bartlulcmn'
1001 4079 1194 4134 beneolentem&
1216 4095 1237 4123 n.
1251 4077 1288 4134 64,

1 4209 2 4214 ,
122 4156 190 4203 laodic
205 4157 258 4204 tut.
274 4159 374 4206 civitatis
389 4159 497 4213 Francos.
512 4157 691 4210 membranaceo„
709 4159 730 4202 ia
747 4159 810 4204 cuiue
825 4157 884 4214 solio
901 4158 1022 4204 novissimo
1037 4159 1093 4204 baec
1109 4159 1206 4216 epletclc
1221 4173 1290 4202 mnu

123 4255 185 4284 cneo.
198 4239 339 4298 111posaa
358 4247 392 4284 eat
413 4253 461 4284 cum
483 4239 585 4284 mate
600 4223 655 4282 hoc:
676 4233 779 4296 Epistola
794 4235 917 4284 clementis
936 4249 1016 4296 papae.
1040 4237 1121 4284 Edidit
1135 4235 1224 4283 scone
1239 4237 1290 4283 cet

123 4325 188 4381 tngo
205 4317 294 4365 11115.

197 4406 221 4460 1.
245 4402 412 4460 Romardum
431 4402 673 4473 archiepiscopum.
763 4403 790 4458 2.
814 4401 940 4458 Heinrico
952 4401 999 4456 IV.
