3090 4848
350 277 376 326 e.
395 278 569 326 nosmnrm
592 279 636 326 nr
657 279 760 325 nunni
782 277 969 326 nrnsronan
995 276 1025 322 ra
1213 261 1275 326 119

123 433 187 489 una·
204 441 387 489 eoncessum
409 426 458 488 est
479 425 552 508 post
567 425 748 507 susceptum
763 419 975 488 ministerium
990 419 1176 486 adhacmre.
1213 417 1277 486 Sed
1304 424 1356 480 743

122 545 147 606 ct
164 538 218 604 isla
239 539 331 624 parvi
354 537 526 624 pendentes
550 541 645 622 atquo
667 535 815 602 Dominib
837 535 1035 604 iracundiam
1058 541 1276 622 provocantes,
1294 497 1373 558 ΛΡΜ

119 655 224 722 mdora
244 654 447 722 committunt
468 654 624 736 facinora,
654 653 730 720 dum
757 653 896 740 propriis
918 651 1065 719 manibus
1088 651 1276 720 christianos

23 775 26 888 p
120 775 198 855 abus
218 788 359 857 paganos
381 771 526 838 homines
549 774 678 850 necant3
703 775 735 836 et
756 767 794 835 fit
814 774 861 852 ut,
886 779 1037 854 quorum⁶
1060 768 1094 834 in
1117 769 1276 836 remissio-

22 889 24 978 ξ
117 905 178 952 nem
202 891 403 974 peccatorum
432 885 608 953 debuerunt
634 884 795 950 lavacrum
821 881 1083 970 regenerationis¹
1106 883 1277 971 inpendere

21 993 23 1046 l
118 1008 197 1086 aune
210 1001 331 1070 Christi
352 1006 551 1070 sacramenta
572 1002 690 1068 donare
705 1019 745 1066 ne
760 1001 793 1066 in
810 1007 973 1068 aetornum
988 1001 1140 1087 perirent,
1164 1019 1278 1068 eorun-

20 1105 21 1110 ’
116 1116 177 1183 dem
203 1117 365 1203 sacrilegis
387 1117 534 1185 manibus
557 1117 793 1201 extinguantur.
840 1115 917 1196 Quis
939 1118 1041 1201 enim,
1071 1115 1198 1202 sapiens
1220 1115 1276 1182 ha-

116 1232 181 1300 bens
201 1253 272 1318 cor,
303 1253 357 1302 eos
380 1233 527 1302 aestimet
548 1233 743 1317 sacerdotes,
772 1232 827 1317 qui
849 1251 951 1318 neque
975 1253 994 1299 a
1016 1232 1277 1299 fornicationibus

17 1373 19 1442 ι
115 1349 304 1418 abstineant*¹
326 1370 427 1436 neque
451 1351 490 1417 ab
514 1347 664 1417 effusione
689 1348 878 1432 sanguinum
902 1367 1014 1415 manus
1037 1353 1166 1415 serrant
1186 1349 1278 1416 inno·

17 1485 18 1492 ¹
113 1466 192 1532 rias?
218 1465 336 1545 Quisve
365 1485 472 1534 eorum
502 1463 664 1532 sacrificiis
687 1463 790 1532 Deum
814 1483 882 1531 esse
905 1464 1005 1530 credit
1026 1464 1201 1551 placatum,
1230 1465 1277 1532 di-

113 1585 191 1648 cente
205 1582 378 1670 propheta:
400 1584 511 1650 Virum
525 1586 717 1669 conquiram
733 1593 761 1648 ct
776 1582 920 1646 dolorm
935 1579 1191 1648 abominabitur
1206 1581 1277 1648 Do·

14 1737 15 1756 2
111 1695 231 1764 macae&
272 1697 328 1766 Isti
356 1719 503 1784 namque,
528 1703 563 1763 ut
584 1697 735 1784 praemisi
743 1707 763 1780 ⁹,
788 1715 828 1762 ns
851 1696 1062 1762 sacerdotium
1084 1697 1173 1781 iungi
1195 1697 1277 1784 pati-

111 1819 194 1882 antur
214 1835 321 1900 neqne
342 1815 450 1882 divina
471 1813 653 1897 contingere
674 1813 826 1896 misteria,
850 1830 1093 1880 commonemus.
1184 1812 1277 1891 Quic-

111 1931 178 2016 quid
198 1949 276 1999 uero
299 1929 400 2014 aliud,
430 1935 467 1996 ut
493 1929 613 1997 dictum
636 1933 702 2012 est,
732 1947 785 1996 ecs
808 1933 919 1995 contra
941 1928 1205 1997 aecclesiasticam
1227 1949 1277 1996 re-

109 2047 206 2130 gulam
229 2046 404 2115 excessisse
426 2046 616 2132 reppereris,
640 2063 776 2112 canones
799 2044 866 2112 sire
887 2044 1035 2111 instituta
1056 2051 1184 2132 patrum
1199 2065 1277 2134 prae

109 2163 247 2230 manibus
271 2161 385 2230 habeto
408 2167 455 2246 et,
484 2162 575 2229 iuxta
597 2161 681 2247 quod
703 2162 737 2228 in
760 2160 805 2228 eis
830 2161 958 2227 edoctus
980 2161 1093 2247 fueris,
1123 2163 1274 2231 discerne.

10 2352 11 2369 ,
189 2279 235 2348 Te
264 2273 386 2346 autem⁸
415 2277 466 2344 ut‘
489 2277 549 2344 tibi
576 2295 789 2346 successorem
817 2277 1007 2346 constituere
1036 2279 1145 2345 dixisti
1173 2285 1223 2347 et⁸
1245 2285 1277 2347 te

8 2474 9 2485 χ
107 2395 244 2464 uiuentel
267 2395 302 2462 in
325 2400 379 2462 tuo
400 2393 469 2461 loco
492 2393 627 2478 eligatur
650 2395 832 2482 episcopus,
862 2392 921 2461 hoc
949 2393 1037 2461 nulla
1058 2396 1181 2462 ratione
1203 2413 1277 2462 con·

107 2512 168 2579 cadi
194 2513 355 2600 petimen
386 2511 461 2595 quia
487 2515 598 2576 contra
625 2529 751 2577 omnem
774 2509 1038 2577 aecclesiasticam
1061 2511 1203 2596 regulam
1226 2512 1277 2580 rel

106 2627 248 2696 insdtuta
275 2631 403 2715 patrum
430 2647 500 2694 esse
521 2631 726 2693 monstratur.
766 2625 828 2694 Sed
851 2625 1012 2693 volumus:
1043 2632 1079 2694 ut
1101 2627 1160 2694 tibi
1182 2627 1275 2694 mini·

104 2747 177 2812 stret
198 2751 234 2812 et
257 2743 356 2811 sitin
378 2741 575 2826 euangelium
600 2740 718 2808 Christi
741 2741 882 2824 adiutor3
905 2741 1030 2810 dicento
1052 2744 1210 2830 apostolo:
1236 2745 1277 2813 Si

105 2865 170 2945 qua
192 2863 271 2928 hene
293 2863 537 2941 ministraverit,
566 2861 704 2946 prodam
726 2859 790 2926 aidi
810 2859 925 2924 bonum
955 2855 1124 2946 adquiret⁴.
1172 2859 1274 2926 Nimis

104 2975 184 3042 enim
210 2973 460 3062 reprehensibile
488 2993 526 3040 ac
554 2972 737 3042 detestabile
768 2993 837 3042 esse
859 2973 1063 3042 manifestum
1086 2980 1149 3061 cst,
1181 2980 1217 3042 ot
1243 2981 1275 3043 te

102 3091 244 3160 viventel
267 3091 327 3158 tibi
350 3089 446 3158 alium
471 3090 706 3157 substituamus.
800 3089 862 3156 Sed
877 3089 937 3158 hoc
952 3109 1203 3160 commonemus:
1229 3098 1274 3177 ot,

101 3208 252 3290 quamdiu
266 3213 300 3274 te
314 3207 421 3274 diuina
434 3205 564 3274 iusserit
578 3205 746 3272 clementia
759 3225 935 3292 superesse,
958 3207 1027 3274 sine
1041 3208 1275 3276 intermissione

101 3341 189 3391 orara
211 3343 257 3390 ne
279 3341 393 3408 cosma
416 3328 453 3388 ut
474 3322 532 3389 tibi
548 3321 634 3390 Dens
657 3321 746 3388 illum
765 3341 977 3390 successorem
992 3324 1152 3408 concedat,
1177 3325 1231 3410 qoi
1246 3325 1276 3391 ei

100 3441 201 3524 possit
225 3459 297 3506 esse
319 3437 484 3526 placabilis
508 3444 541 3504 et
562 3437 731 3525 populum,
761 3457 855 3523 quem
884 3438 924 3505 ad
947 3457 1036 3504 suam
1060 3440 1196 3523 gratiam
1218 3461 1275 3527 per

99 3559 171 3622 tuac
195 3555 380 3624 sanctitatis
401 3553 589 3642 industriam
615 3573 726 3620 vocare
748 3553 858 3638 uoluit,
880 3553 1204 3641 inreprehensibiliter
1226 3577 1275 3624 re-

99 3688 171 3753 gere
194 3670 306 3738 valeat
329 3677 423 3756 atque
446 3671 486 3737 ad
508 3671 595 3738 viam
616 3669 701 3738 ritas
724 3669 864 3738 elaboret
886 3670 1067 3758 perducere.
1100 3670 1182 3738 Nam
1197 3693 1275 3758 quo-

98 3787 189 3854 modo
215 3787 306 3872 haec,
329 3807 410 3873 quae
432 3786 615 3874 poposcisti,
643 3787 671 3852 si
694 3791 726 3854 et
746 3785 949 3872 voluerimus,
972 3787 1142 3856 concedere
1164 3809 1275 3876 possu-

167 3961 189 3994 a.
206 3965 267 3994 corr.
278 3951 302 3994 in
317 3961 386 3994 unm
398 3949 424 3996 C.
480 3947 503 3994 b.
519 3945 665 4004 &nerea
682 3945 776 3994 addidit
792 3945 821 3993 td
837 3963 917 3994 urnas
934 3951 1047 4011 corrigens
1063 3951 1086 3996 ia
1096 3951 1121 3996 C.
1181 3961 1202 3996 c.
1218 3967 1274 3996 corr.

96 4028 118 4071 b
134 4026 221 4086 quibus
240 4030 266 4075 ι’.
348 4026 372 4073 d.
392 4043 448 4074 corr.
466 4031 489 4074 in
504 4026 634 4074 abstineam
650 4029 677 4074 C.
756 4041 776 4073 a.
796 4028 917 4087 praemissi
932 4031 967 4074 Μ.
1046 4027 1062 4075 i.
1082 4027 1114 4075 'le
1134 4051 1158 4061 -
1175 4031 1202 4076 ut
1218 4047 1274 4077 corr.

97 4109 119 4153 ir
133 4106 169 4155 lla
186 4106 235 4154 hcc
250 4109 335 4163 antam
352 4106 413 4166 qnod
430 4109 457 4156 C.
534 4120 557 4166 g.
577 4123 634 4154 rm.
650 4109 673 4152 in
689 4107 715 4153 ut
731 4109 757 4154 C.
836 4107 859 4154 h.
880 4107 973 4155 iubente
990 4111 1024 4164 M,
1041 4125 1098 4154 corr.
1109 4111 1131 4156 tn
1146 4109 1237 4156 vivente
1249 4113 1274 4157 c.

166 4215 192 4268 1.
221 4211 262 4268 Gi.
282 4211 340 4267 iic
353 4212 417 4280 ab.
500 4213 526 4267 2.
550 4212 594 4266 Ps.
608 4211 633 4281 5,
647 4211 672 4266 7.
756 4211 782 4265 3.
809 4211 1273 4282 ,Dceoautem,qoodt1bisuc-

96 4314 237 4357 macram
257 4331 292 4342 -
311 4297 583 4370 irreprehensibiliter
603 4313 699 4369 regere
716 4299 824 4356 valeat*
844 4305 909 4356 sunt
926 4301 954 4357 in
972 4299 1095 4356 Gmtiard
1113 4299 1186 4356 decr.
1204 4302 1234 4356 P.
1247 4301 1274 4356 11

38 4439 46 4456 ,
97 4387 370 4460 c.v11q.1e.1r.
458 4389 484 4444 4.
509 4388 695 4460 lTimoth.3,
709 4387 751 4445 13.
