3110 4844
432 283 618 334 ammon
639 283 868 334 moeus’rmsr
892 285 920 332 ιι
1192 269 1257 336 m

96 429 192 492 mem
219 430 417 512 spernentes,
445 426 536 511 qussi
562 427 631 494 iera
656 427 758 494 bestia
780 427 878 494 vitam
900 431 1041 494 nestram
1063 425 1202 494 luseram
1224 433 1259 493 et
1293 435 1345 490 8⁷1

96 541 180 607 omni
202 541 388 608 austeritate
409 541 572 625 indignam
587 547 682 609 -ut
702 542 815 610 merito
838 547 970 629 pessunt
984 577 1026 588 -
1042 543 1162 626 garrire
1183 561 1258 609 oon·
1274 510 1329 570 Ψ·
1340 509 1370 558 ⁸⁰

96 662 278 739 mevernnt3
302 657 470 726 adieientes
492 659 623 745 iusuper
645 663 677 724 et
692 659 929 742 comminantes,
945 658 1030 744 apud
1043 677 1100 724 vos
1114 658 1154 725 de
1167 655 1258 724 neom

95 793 130 840 se
149 771 362 840 vindieaturos
391 779 424 840 et
452 773 491 850 de
514 773 614 858 gradu
636 774 809 862 episeopuli
831 774 1037 861 deposituros.
1082 771 1180 842 Nobis
1203 793 1258 840 au·

93 893 173 972 mm,
202 889 495 956 miseridordissima
518 889 578 956 Dei
607 892 711 974 grstia
732 889 927 958 emtodieute
947 909 1021 974 nos,
1048 909 1106 976 pro
1129 889 1259 956 minimo

94 1010 151 1088 est,
176 1004 215 1070 ab
237 1003 375 1071 humano
398 1004 449 1072 die
471 1004 634 1074 inuenit
670 1005 733 1074 Sed
755 1007 829 1092 quia
850 1025 976 1072 servum
999 1004 1061 1073 Dei
1082 1023 1145 1072 nen
1166 1024 1259 1091 opor

93 1125 139 1186 tet
165 1116 313 1204 litigari¹‚
341 1120 439 1186 immo
466 1122 542 1206 quia
569 1121 724 1190 Dominus
753 1121 846 1205 dioit,
875 1123 931 1207 qui
960 1120 1122 1189 seelesmm
1152 1121 1261 1188 audire

93 1235 298 1323 contempnit,
320 1253 379 1322 pro
401 1236 526 1304 ethnice
548 1233 754 1323 habendum,
777 1237 1011 1304 vmbosstiones
1033 1255 1143 1304 eorum
1157 1236 1261 1304 revin-

93 1369 164 1419 eere
186 1371 251 1418 non
270 1351 476 1438 invenientes,
500 1355 672 1420 seeundum
686 1358 875 1441 potestatem
889 1359 1041 1437 nostem,
1065 1371 1159 1439 quam
1174 1351 1262 1420 dedit

93 1467 185 1534 nobis
208 1466 362 1534 Dominus
384 1468 418 1534 in
441 1467 687 1538 uedliieationem
710 1476 744 1537 et
763 1488 827 1536 nen
849 1471 882 1536 in
910 1465 1183 1552 destruetionem‘,
1211 1487 1260 1536 se-

93 1603 261 1668 gregamus
285 1603 339 1651 eos
366 1585 406 1651 de
433 1590 523 1652 eoetu
550 1585 706 1668 fidelium3
736 1605 778 1652 ne
803 1584 942 1672 lapides,
970 1585 1004 1651 in
1032 1583 1144 1671 quibm
1171 1584 1261 1670 lepre

93 1719 300 1786 peneverans
322 1705 381 1784 est,
404 1699 433 1766 si
455 1702 537 1768 eruti
557 1721 622 1769 nen
643 1702 770 1786 fuerint,
793 1707 894 1768 totam
915 1701 1034 1769 issimi
1056 1699 1184 1768 domum
1206 1700 1261 1768 de-

93 1815 176 1882 strui
199 1819 232 1882 et
252 1816 286 1882 iu
308 1816 376 1883 loeo
398 1817 578 1884 immumo·
601 1815 739 1884 iseum.

184 1930 367 2018 Speusltter
399 1937 506 2000 muron
535 1933 696 2000 sensuali
723 1938 847 2000 vestrm
877 1933 917 2000 de
943 1931 1007 1998 illie
1035 1929 1156 1997 duobus
1184 1929 1261 2001 viris

93 2045 323 2132 sigrdieamus,
353 2067 449 2132 quam
478 2053 711 2135 presumpturos
741 2049 806 2116 sint
834 2054 866 2115 et
887 2047 1152 2135 prevaricatores,
1182 2065 1260 2132 quos

92 2161 154 2230 loe
183 2162 286 2230 anno*
313 2163 560 2232 dominationem
588 2166 726 2232 restem
753 2165 857 2232 adisse
885 2168 918 2230 et
943 2167 1049 2230 vestre
1076 2163 1262 2230 mmoriate

92 2277 255 2346 urentem
274 2280 432 2366 aeoepisee
445 2300 510 2362 npn
523 2301 638 2348 uxores
653 2281 709 2348 ssd
724 2280 904 2348 meretrices
920 2298 993 2346 sues
1007 2278 1153 2364 lebendi,
1174 2282 1262 2346 terte

92 2393 248 2463 relafione
270 2397 490 2483 oompsrimus.
524 2395 687 2482 Siquidem
708 2387 843 2465 feminas
865 2397 952 2483 ipsas
974 2395 1175 2463 beatissime
1195 2413 1262 2462 me
1354 2387 1356 2393 ’

92 2510 216 2578 moriae
239 2508 431 2594 S(elomen)⁸
447 2511 696 2580 Genetantiensie
719 2513 886 2600 episeopus
907 2515 965 2580 sus
979 2531 1076 2578 manu
1091 2510 1132 2577 ad
1145 2529 1261 2597 propo-

93 2627 193 2695 situm
214 2627 406 2712 virginitstis
429 2629 624 2696 eomeerauit
645 2633 677 2696 et
698 2629 767 2717 ipse
790 2628 836 2696 eis
858 2628 1017 2696 uelamina
1030 2626 1206 2708 benedixit3
1230 2631 1263 2693 et

93 2764 130 2810 eo
153 2748 320 2830 praesente
347 2743 524 2829 regularem
551 2745 649 2812 vitam
677 2745 838 2834 professae
867 2749 949 2810 sunt
995 2741 1039 2810 lit
1066 2747 1154 2808 unte
1181 2746 1262 2808 tem·

93 2879 173 2947 pore
199 2859 234 2925 iu
260 2859 452 2927 monasterio
482 2861 600 2946 positas
622 2861 724 2928 omnis
748 2860 918 2928 Germania
939 2859 1037 2925 norit.
1070 2857 1163 2924 Viros
1186 2876 1261 2942 ergo

92 2975 175 3042 tales
197 2975 396 3044 indemnatos
420 2976 613 3063 relinquero,
635 2977 684 3045 iae
708 2981 740 3044 et
760 2977 832 3042 iure
854 2974 1020 3042 sinebant?
1049 2993 1051 3000 ·
1101 2971 1262 3040 Audacter

93 3090 229 3158 dimmus
257 3091 312 3159 sed
339 3111 403 3159 non
431 3093 697 3181 pressumpterie:
728 3091 811 3178 quod
833 3093 937 3159 mum
958 3089 1063 3175 illum,
1092 3109 1185 3176 quem
1207 3088 1262 3156 de·

93 3227 201 3275 eessor
222 3213 342 3294 vester,
371 3209 420 3276 vir
442 3207 606 3297 apostolici
629 3208 744 3294 vigoris
769 3244 809 3254 -
834 3209 924 3274 iuxta
945 3226 1059 3274 nomen
1082 3221 1177 3272 suum·
1196 3205 1261 3272 vie·

93 3329 146 3391 tor
173 3323 362 3411 populorum
387 3363 426 3374 -
451 3324 652 3392 beatissimus
675 3317 849 3407 Nicoluus⁷,
879 3344 943 3390 non
966 3321 1118 3409 pecuniae
1141 3321 1261 3409 eupidi-

92 3445 160 3507 tate
191 3439 247 3507 ssd
277 3439 457 3506 omnimoda
485 3441 551 3508 eius
581 3441 715 3508 inlectus
737 3437 997 3523 rationabilitate,
1026 3441 1100 3525 post
1120 3444 1261 3506 noenum

92 3553 284 3640 legationem
306 3555 456 3641 absolvit,
487 3557 721 3624 evidentissime
743 3555 821 3623 ultio
845 3553 953 3622 divina
974 3553 1159 3641 perculerit3
1183 3553 1261 3620 edes

92 3677 129 3738 ut
150 3669 250 3738 filiam
280 3671 364 3756 eins,
393 3691 487 3757 quam
517 3671 694 3740 desudem
716 3671 847 3740 muliere
869 3675 1067 3757 susceperat,
1097 3669 1262 3736 subitanee

93 3807 180 3855 more
204 3793 237 3855 et
257 3787 423 3875 inopinata
443 3789 658 3875 praeveniret,
682 3793 714 3855 et
736 3788 846 3856 eadem
868 3787 968 3876 ipsius
991 3787 1121 3872 eoniux,
1145 3784 1261 3854 abillo

94 3902 227 3972 oonsilio
249 3901 443 3970 multimodis
466 3903 701 3972 infirmitatibus
717 3905 867 3986 consepta,
891 3908 1018 3991 postera
1032 3903 1083 3970 die
1097 3902 1192 3970 fuerit
1207 3921 1262 3970 ex·

95 4021 202 4088 tinote.
271 4019 389 4100 Quodsi
411 4019 555 4089 omnibus
577 4021 685 4108 pravis
707 4020 766 4088 hae
787 4019 1077 4087 inoommodissima
1090 4016 1262 4086 eemmodi·

166 4167 187 4201 ι.
207 4153 292 4201 mondo
309 4153 378 4201 codd.
455 4155 478 4202 b.
497 4154 542 4202 hoo
558 4169 616 4202 anno
632 4157 715 4214 scripsi
726 4171 769 4214 pro
784 4153 857 4200 horno
873 4153 944 4200 codd.

166 4243 192 4296 1.
217 4243 232 4295 1
246 4239 366 4296 Corinth.
379 4241 405 4312 4,
418 4239 448 4295 3:
470 4239 555 4310 „Mihi
573 4242 665 4296 autem
678 4255 728 4310 pro
740 4239 851 4298 minimo
863 4243 914 4310 est,
932 4243 964 4294 ut
975 4255 993 4294 e
1003 4235 1082 4294 vobis
1098 4237 1202 4294 iudicer
1214 4241 1262 4292 aut

96 4327 131 4384 ab
148 4326 268 4385 humano
286 4327 361 4385 die“.
436 4327 729 4400 aetimasset.
800 4331 826 4384 3.
851 4325 946 4384 Matth.
960 4329 1003 4398 18,
1016 4327 1059 4383 17.
1130 4327 1157 4383 4.
1180 4325 1261 4384 200-

95 4417 272 4490 fistulas
360 4419 387 4475 5.
409 4417 722 4488 dertusensem.
810 4417 882 4475 tl.
971 4415 1042 4474 dl.
