3164 4842
477 311 665 362 unuonrue
687 313 734 362 nn
756 313 784 362 e.
800 313 931 364 envnno
1219 296 1285 364 509

118 450 248 518 Christo·
272 453 424 540 propitio,
449 451 549 520 slins¹
572 455 748 542 disputabo.
784 453 924 542 Cumque
951 456 1031 524 nihil
1059 456 1133 524 inde
1160 457 1286 524 certis

118 586 275 654 quoquam
298 570 461 656 percipere
484 571 673 658 potuissem,
696 591 760 637 non
781 572 954 658 modicum,
976 573 1093 658 fateor,
1117 573 1284 640 contriste-

117 688 170 750 tus
197 704 277 751 sum.
313 682 376 752 Sed
397 685 498 770 Deus,
526 688 715 754 merentium
738 686 932 772 consolator,
961 687 1139 756 eonsolatne
1162 693 1212 756 est
1232 709 1284 756 me

116 819 176 886 per
203 801 359 884 quendem
387 802 589 886 monachum,
618 803 671 888 qui
694 801 734 870 de
755 805 945 872 monasterio
969 804 1137 872 eorundem
1160 810 1285 872 senmo-

116 935 188 980 rnm
211 915 244 981 in
268 917 427 984 eivitmem
450 918 572 986 abierat
586 955 627 965 -
644 919 742 985 distat
765 920 849 986 enim
871 919 930 986 hoc
952 921 1177 988 monesterium
1200 920 1284 988 haud

116 1031 244 1118 procul·
259 1031 299 1100 ab
321 1033 399 1100 urbe
414 1033 585 1102 &renunc
597 1069 638 1082 -
653 1034 803 1120 quosdam
826 1036 943 1102 enrioos
960 1056 1034 1103 suos
1049 1036 1198 1104 visitandi
1212 1057 1284 1120 gre-

116 1149 172 1214 tie
208 1147 305 1226 Quem
330 1169 397 1234 ego,
421 1150 604 1218 decivitate
620 1151 661 1216 ad
675 1152 901 1218 monasterium
916 1159 1136 1236 revertentem,
1160 1152 1284 1238 conspi-

117 1263 203 1331 ciens
230 1265 377 1347 conveni3
407 1271 501 1352 etque
531 1267 613 1334 inter
641 1273 766 1334 caetere
792 1268 1006 1336 collocutionis
1034 1275 1161 1336 noemae
1188 1268 1285 1336 uerba

117 1380 238 1465 aliquid
259 1380 338 1448 mihi
360 1381 400 1449 de
414 1383 481 1448 vita
495 1387 686 1464 sanctorum,
711 1384 739 1450 si
754 1385 829 1468 qnid
844 1390 961 1468 nosset
985 1385 1101 1453 referre
1116 1383 1283 1471 postulavi.

116 1497 162 1564 At
182 1497 253 1565 ille:
277 1497 422 1564 Crastino
444 1497 555 1583 inquid
577 1502 628 1564 die
646 1505 718 1566 oeni
732 1503 775 1566 ad
788 1505 1011 1568 monaste-ium
1025 1515 1175 1582 coneum,
1201 1501 1288 1568 etc'de‘

116 1637 213 1702 saper
233 1616 293 1680 dac
313 1638 349 1680 re
370 1618 436 1680 coti
456 1637 584 1702 compos
606 1617 758 1701 efficieris.
793 1617 864 1704 Epo
888 1621 971 1683 enim
993 1619 1208 1714 depromendo
1229 1618 1289 1684 sibe·

116 1733 230 1812 essuos,
256 1735 314 1818 qui
333 1735 406 1797 eico
428 1753 501 1796 eoos
522 1734 665 1798 indicare
680 1736 806 1820 poterit,
831 1737 917 1820 quod
932 1737 1068 1822 quaerre.
1103 1733 1182 1800 Eret
1196 1753 1286 1800 nem·

117 1865 178 1932 que
204 1846 243 1913 de
266 1845 388 1913 Gelliae
409 1845 570 1933 portibus,
597 1846 711 1914 Latino
734 1849 856 1935 eloquio
880 1850 1057 1937 exprimere
1080 1868 1142 1915 non
1166 1848 1285 1931 valens,

117 1961 201 2047 quod
224 1962 319 2030 volni.
404 1961 490 2030 Idem
514 1983 637 2048 qnoque
658 1963 776 2049 retulit,
800 1985 834 2032 se
857 1965 905 2032 bis
927 1985 1058 2032 numero
1081 1964 1121 2032 ab
1143 1963 1285 2032 hostibus

116 2083 256 2165 coptum,
278 2099 343 2146 nne
364 2079 491 2164 quidem
506 2081 574 2147 vioe
589 2101 609 2146 a
623 2079 723 2147 Denis
738 2082 770 2147 in
787 2080 900 2164 Gellia,
924 2081 1024 2148 altero
1037 2100 1112 2149 vero
1127 2081 1161 2146 in
1176 2080 1285 2147 eodem

116 2195 308 2262 monasterio
332 2195 372 2262 ab
387 2195 544 2280 Agerenis
566 2195 831 2284 conprehensum
856 2196 911 2264 sed
933 2217 990 2283 per
1005 2197 1065 2264 Dei
1087 2196 1221 2282 gretiam
1246 2196 1285 2262 eb

116 2313 258 2396 unisque
280 2311 457 2378 liberatum.
759 2313 762 2319 '

207 2426 358 2512 Sequenti
380 2428 486 2514 itaque
509 2427 560 2494 die
582 2425 668 2494 iliius
690 2425 960 2516 pollicitationem,
983 2435 1090 2496 utrum
1106 2449 1181 2496 vere
1203 2434 1287 2496 esset

116 2561 176 2610 neo
202 2563 258 2628 ne,
288 2543 454 2630 explorare
477 2542 585 2610 rolens
608 2564 740 2630 meoque
762 2543 917 2612 desiderio
941 2543 1122 2614 satisfecere
1144 2545 1285 2632 cupiens,

116 2660 244 2746 perrexi
277 2659 317 2725 ed
350 2660 594 2744 monasterium,
629 2679 692 2726 non
726 2681 842 2747 peuces
876 2661 994 2729 hebens
1025 2661 1148 2728 itineris
1176 2661 1283 2728 sotios

116 2773 245 2842 Fratres
279 2782 383 2843 antem
419 2775 504 2844 illius
533 2775 593 2842 iooi
620 2796 678 2843 nos
708 2777 842 2860 benigne
869 2777 1076 2863 suscipientes
1105 2777 1222 2862 neque*
1251 2778 1284 2842 in

115 2891 329 2980 praesentem
357 2891 479 2960 ebbetis
508 2892 577 2960 suih
600 2892 825 2979 perduxerunt
860 2893 975 2979 Aque
1001 2893 1098 2960 etiem
1121 2893 1284 2961 caritative

115 3009 264 3096 suscepti,
288 3027 396 3076 omnes
418 3009 452 3076 in
475 3009 664 3076 monasterio
687 3029 752 3076 une
773 3028 844 3075 cum
866 3009 920 3076 illo
943 3008 1152 3094 consedimus,
1175 3029 1284 3076 conse·

116 3122 262 3191 dentibus
291 3145 415 3211 quoque
445 3125 823 3192 perincommode
855 3125 994 3192 eiusdem
1023 3124 1084 3191 loci
1112 3124 1282 3193 monachia.

115 3239 240 3307 Deinde
261 3241 442 3328 requisitus,
465 3240 548 3309 unde
571 3259 672 3308 essem
689 3240 740 3308 vel
756 3242 795 3309 ob
811 3241 887 3328 quid
901 3241 956 3308 illo
972 3241 1139 3325 venissem,
1162 3246 1284 3308 utrum·

115 3375 177 3442 que
200 3375 306 3424 eorem
329 3358 473 3426 omnibns
497 3358 639 3444 exposui.
672 3357 760 3424 Tunc
781 3377 862 3424 unus
885 3377 925 3424 ex
946 3357 1123 3442 monachis,
1151 3359 1205 3443 qui
1228 3377 1284 3423 no-

115 3473 237 3540 biseum
260 3473 451 3559 residebunt
476 3474 626 3541 innuente
649 3473 711 3541 sibi
733 3472 855 3557 ebbate,
878 3473 959 3540 hene
981 3473 1058 3540 mihi
1081 3472 1194 3541 Latino
1218 3495 1284 3541 ser·

115 3609 209 3657 mone
230 3588 369 3657 reddidit
390 3590 583 3658 racionem‘:

206 3705 354 3774 Secesus'
368 3707 513 3794 inquiens
519 3707 536 3792 ¹,
560 3711 648 3774 cuius
665 3706 714 3774 ιη’
728 3711 825 3773 ermen
840 3709 920 3773 scire
934 3707 1122 3790 deriderw,
1141 3707 1285 3792 nonfuit

114 3827 240 3904 marre,
264 3826 319 3889 scd
342 3825 508 3910 confessor.
539 3823 715 3911 Despuat,
739 3824 832 3910 Ioppe
848 3837 985 3910 tempore
998 3825 1033 3889 de
1049 3824 1162 3890 hieale'
1175 3824 1283 3890 dobe'tu

115 3943 315 4022 amotores,
344 3943 443 4007 eitam
466 3963 642 4029 pacopcrem
668 3944 703 4006 de
731 3941 800 4006 tac*
828 3940 905 4006 erdo
934 3939 1087 4006 Rsoem
1115 3943 1283 4006 secumdum

188 4094 208 4128 ι
228 4079 290 4128 haud
304 4081 384 4143 procui
400 4099 443 4128 ors.
458 4083 496 4129 ed.
569 4082 592 4129 b.
614 4099 655 4129 om.
672 4083 708 4128 ed.
784 4095 804 4128 c.
824 4093 913 4142 qnoque
928 4081 1046 4128 nobiscnm
1062 4097 1104 4128 oss.
1116 4099 1136 4127 c.
1207 4081 1229 4127 d.
1250 4081 1283 4128 ita

113 4162 228 4224 incipient
244 4163 349 4210 addai.
410 4177 430 4210 c.
452 4164 474 4208 de
489 4165 591 4226 nnrgdre
606 4163 659 4210 cod.
670 4162 754 4208 addita
769 4171 834 4210 seete
849 4161 988 4222 Incipitritn
999 4161 1022 4208 Β.
1033 4160 1153 4208 Seueri.1.
1215 4161 1231 4208 f.
1247 4160 1281 4208 in·

113 4243 197 4303 quiem
217 4252 239 4288 st
257 4244 283 4289 tu
303 4244 368 4290 lineis
389 4242 504 4289 submotis
525 4251 635 4288 corrector
655 4243 726 4289 datar·
744 4243 827 4297 ruolrrr't,¹
848 4242 954 4302 inquiens
970 4257 1013 4288 cm.
1028 4242 1065 4287 ed.
1142 4253 1164 4300 g.
1186 4257 1242 4286 corr.
1259 4243 1281 4286 r'a

114 4321 252 4370 desiderati!
268 4323 320 4370 rod.
397 4321 421 4369 h.
440 4319 484 4370 Hit
499 4335 579 4384 nempe
594 4323 631 4370 ed·
708 4321 725 4370 i.
745 4323 785 4368 cred
801 4321 845 4369 hnc
860 4323 921 4368 tinea
934 4325 1013 4382 posita
1028 4329 1062 4368 est
1076 4323 1100 4368 dn
1116 4321 1168 4368 cod.

186 4420 211 4475 1.
234 4415 366 4476 V.indrn.
