3024 4864
265 264 330 331 252
508 283 534 329 e.
552 283 727 329 normann
749 283 793 329 nr
816 283 918 330 nunni
940 283 1127 331 nrmronnu
1150 284 1192 330 1o1

105 431 246 488 737-755
265 443 358 491 curae
380 424 536 507 regimina
556 423 762 506 gnbemanti·
784 423 963 510 Bonifatio,
992 425 1046 510 qui
1075 431 1108 492 et
1129 425 1356 513 almutium,
1386 447 1433 494 ar·

264 542 463 628 chiepiecopo
479 539 699 606 Torbtbelmns
723 537 906 627 episcopun¹
929 562 1038 609 servus
1059 561 1221 609 cervorum
1235 542 1297 609 Ilei
1317 544 1352 608 in
1372 543 1434 609 Do·

265 659 351 724 mino
374 657 518 724 salutem.

354 771 586 840 Desiderabilee
601 771 724 838 litteras
740 771 944 840 excellentiae
960 779 1084 840 vestrae
1099 775 1321 860 suscepturum.
1352 773 1436 852 Quas

265 889 457 973 relegentes,
486 887 688 971 cognovimus
711 893 799 954 tuam
822 889 999 975 piissimam
1021 889 1219 958 devotionem
1241 889 1437 955 ferventissi-

265 1025 414 1090 mumque
438 1023 587 1087 amorem,
611 1023 704 1087 quem
727 1004 824 1070 babes
844 1010 975 1091 propter
994 1005 1120 1072 beatam
1135 1005 1249 1070 uitam:
1272 1004 1337 1089 uti,
1361 1005 1437 1072 dex-

265 1127 349 1187 tera·
372 1120 502 1187 Domini
524 1125 723 1206 protegente,
754 1120 916 1187 meditaris
940 1120 991 1187 dic
1015 1141 1052 1187 ac
1073 1126 1180 1204 nocte,
1205 1120 1245 1186 ad
1266 1118 1364 1186 fidem
1386 1139 1438 1187 ca·

265 1238 415 1305 tholicam
438 1241 533 1320 atque
556 1235 760 1321 apostolicam
783 1257 841 1323 pro
867 1243 941 1303 tuae
962 1238 1085 1303 animae
1105 1236 1321 1322 redemptione
1342 1237 1440 1303 corda

265 1350 476 1439 paganorum¹
499 1350 658 1416 Saxonum
686 1353 855 1418 convertit
895 1352 971 1431 Quis
995 1353 1089 1436 enim,
1114 1351 1243 1418 audiens
1265 1350 1345 1418 haec
1366 1372 1439 1418 cua-

265 1470 327 1553 via,
351 1489 415 1534 uon
437 1445 595 1534 laetetur?
618 1466 694 1545 Quis
717 1487 781 1534 nou
805 1467 926 1535 exultet
948 1474 980 1536 ct
1001 1467 1136 1552 gaudeat
1157 1469 1191 1534 in
1213 1467 1261 1534 bic
1278 1467 1439 1555 operibus,

266 1586 340 1670 quia
362 1603 438 1668 gene
462 1589 571 1650 nostre
585 1581 710 1649 Christo
733 1585 943 1671 omnipotenti
966 1585 1023 1651 deo
1046 1583 1172 1651 credat?
1261 1582 1324 1651 Por
1345 1603 1439 1668 geru·

264 1701 331 1768 lum
354 1720 428 1766 uero
452 1700 579 1785 apicum
601 1704 727 1764 tuorum
751 1701 909 1766 modicum
933 1699 992 1767 tibi
1014 1699 1235 1766 munusculum
1257 1699 1315 1766 aed
1329 1700 1441 1784 magni

265 1815 394 1884 affectus
410 1817 525 1902 pignus
540 1815 739 1897 transmitto3
765 1815 858 1880 simul
875 1822 908 1882 et
921 1815 1075 1900 indicans,
1099 1816 1182 1902 quod
1197 1817 1314 1900 omnia,
1338 1816 1440 1902 cprrnre'¹

265 1953 285 1999 a
306 1932 464 2020 parvitate
487 1937 597 1998 noatm
619 1937 726 2018 petere
750 1931 898 2016 dignatus
921 1951 965 2016 cs,
988 1931 1196 1999 libentissime
1217 1931 1440 2019 suscepimue',

263 2049 323 2115 hoc
345 2055 404 2132 eat,
428 2049 510 2133 quod
534 2048 567 2113 in
591 2047 690 2114 sacris
714 2049 882 2114 mimarum
907 2047 1159 2114 celebritatibus¹
1182 2049 1268 2114 etin
1291 2048 1442 2114 cottidia-

264 2166 313 2231 nis
342 2165 489 2251 precibus
517 2169 590 2230 tuae
619 2165 796 2230 sanctitatis
824 2165 977 2231 memoria
1004 2164 1194 2246 celebratum
1224 2164 1384 2250 optanteo¹
1408 2169 1443 2231 et

264 2281 380 2347 obnixe
403 2280 619 2367 deprecantes,
641 2287 769 2347 nostrae
791 2281 973 2364 tragilitatis
996 2280 1128 2347 conscii:
1151 2280 1212 2346 hoc
1232 2279 1317 2348 idem
1342 2299 1363 2346 a
1385 2301 1444 2347 vc-

264 2401 458 2482 strepente,
490 2401 606 2480 quanto
630 2398 751 2462 meritis
774 2397 1010 2464 excellentiores
1039 2397 1130 2478 estis,
1161 2399 1249 2462 tauto
1272 2395 1358 2464 circa
1380 2416 1445 2464 noa

263 2513 434 2599 perfectius
464 2509 635 2577 observari.
674 2509 816 2579 Festinet
842 2513 940 2596 igitur
968 2517 1075 2580 vestra
1101 2511 1288 2596 celsitudo⁰‚
1318 2532 1445 2578 novum

264 2627 389 2694 Christo
413 2627 567 2714 populum
596 2647 780 2694 coacervare
809 2635 841 2695 et
863 2627 1018 2694 dedicere.
1065 2627 1210 2695 Profecto
1233 2628 1318 2693 enim
1341 2626 1446 2697 habe-

263 2745 305 2812 tio
329 2749 538 2831 protectorem
562 2743 691 2810 humani
715 2745 838 2827 generis
860 2745 1101 2831 redemptorem.
1114 2745 1275 2810 dominnm
1290 2747 1446 2811 nostrum

265 2859 367 2927 lesum
391 2859 550 2926 Christum
559 2869 580 2924 ⁰.
628 2859 780 2925 Fraterno
807 2861 914 2945 itaque
943 2859 1075 2927 affectu⁰
1097 2859 1270 2926 salutantes
1296 2867 1446 2927 uestram

265 2975 499 3060 excellentiam,
531 2981 562 3042 ct
584 2975 721 3041 divinam
746 2976 952 3063 deprecemur
975 2977 1090 3059 iugiter
1111 2975 1328 3059 clementiam,
1358 2995 1448 3061 quae

264 3111 320 3158 voe
356 3097 542 3176 vestrosque
576 3111 685 3158 omnes
715 3093 749 3157 in
779 3092 923 3158 omnibus
951 3091 1060 3158 bonis*
1088 3090 1237 3179 operibns
1265 3091 1449 3160 auxiliare*

265 3207 426 3292 dignetur,
454 3214 490 3274 nt
512 3226 584 3274 cum
607 3206 732 3274 Christo
755 3209 789 3273 in
811 3208 917 3274 futuro
939 3215 1065 3292 regnct'
1086 3207 1221 3275 saeculo.

337 3372 358 3404 a.
379 3358 517 3416 gubernante
535 3359 611 3405 MCV.
690 3359 711 3404 b.
733 3357 865 3417 Wyniridus
882 3363 915 3404 M.
994 3373 1014 3405 c.
1035 3359 1172 3418 suscipimus
1191 3359 1218 3404 V.
1294 3357 1318 3404 d.
1342 3377 1405 3407 corr.
1423 3365 1450 3408 r'n

265 3440 289 3484 et
305 3441 331 3485 C.
421 3452 441 3484 a.
462 3437 568 3483 dexterae
584 3439 642 3491 MV,
663 3455 718 3484 corr.
734 3441 757 3484 in
777 3439 856 3484 dextra
872 3442 899 3486 C.
988 3439 1003 3484 l.
1024 3451 1162 3497 paganarum
1180 3439 1206 3486 V.
1292 3451 1314 3496 g.
1338 3456 1402 3486 cerr.
1419 3444 1447 3487 ἰι

265 3519 395 3564 convortere
413 3519 439 3564 C.
529 3515 552 3562 h.
574 3531 605 3576 q:·
623 3521 657 3562 M.
746 3519 761 3564 i.
783 3519 919 3578 aurciplmus
939 3521 965 3564 V.
1051 3518 1074 3564 k.
1094 3517 1263 3565 celebritatibus
1283 3541 1307 3550 -
1327 3522 1451 3570 memoria

265 3613 309 3642 om.
321 3601 346 3644 C.
409 3596 424 3642 l.
441 3598 546 3656 optantur
558 3601 592 3642 M,
654 3611 683 3644 m.
700 3599 799 3659 requitur
814 3598 847 3644 uti
864 3598 887 3642 in
901 3600 961 3654 ΜΚ·
979 3599 1011 3644 uti
1028 3600 1122 3643 deletum
1138 3601 1204 3643 estin
1218 3601 1243 3645 C.
1305 3612 1329 3644 n.
1347 3618 1397 3646 om.
1412 3607 1453 3649 M.

265 3689 286 3721 o.
307 3675 387 3721 allecto
405 3677 439 3722 M.
502 3687 525 3734 p.
545 3691 589 3721 om.
606 3678 660 3723 MC.
724 3690 745 3736 q.
768 3695 824 3723 corr.
841 3681 863 3723 in
880 3677 987 3724 adiuvare
1005 3681 1030 3724 C.
1093 3691 1111 3723 r.
1132 3695 1188 3724 corr.
1205 3680 1227 3722 ia
1243 3679 1346 3734 regnetis
1364 3683 1396 3728 C.

337 3781 360 3832 1.
384 3779 589 3848 Leiceetrcnsie‚
609 3780 758 3836 737—764.
786 3783 820 3837 V.
841 3781 960 3837 Simeon.
978 3781 1170 3837 Duuelmcnais
1189 3781 1253 3835 hiat.
1272 3781 1360 3844 (idon
1376 3783 1454 3842 hiat.

264 3867 331 3922 Brit.
345 3867 438 3934 1659)
457 3869 523 3922 737:
549 3868 683 3938 „Hwicca
705 3873 733 3922 et
751 3870 866 3926 Toccc
888 3871 985 3925 biennis
1004 3876 1033 3926 et
1049 3869 1125 3925 ldidil
1143 3868 1241 3938 Anglia
1258 3873 1324 3926 aunt
1343 3887 1455 3930 conse

264 3957 333 4011 crati
345 3955 517 4028 antistites“;
537 3961 575 4026 (p.
588 3957 651 4024 663)
665 3958 730 4012 764ε
752 3999 765 4026 „
774 3959 917 4028 episcopua
930 3959 1092 4015 Merciorum
1103 3959 1194 4028 gentis
1206 3960 1316 4015 nomina
1328 3961 1428 4020 Totc
1436 3983 1458 4022 a

264 4044 410 4100 defunctus
428 4046 502 4100 eot“.
531 4043 572 4100 uf.
592 4045 709 4101 Nomina
725 4047 880 4114 praesulum
898 4048 1111 4116 Leogerenaium
1130 4049 1157 4102 in
1170 4049 1299 4104 Florentii
1310 4049 1456 4120 wigorn.

264 4133 383 4188 chronici
406 4134 571 4204 appendice,
598 4135 673 4189 unde
697 4135 808 4188 Tottam
833 4139 861 4188 et
883 4135 1068 4192 Torthelmum
1093 4138 1210 4192 cundem
1233 4135 1317 4192 fuisse
1344 4139 1458 4209 liquet.

266 4223 440 4294 „Torbthelm
465 4223 631 4294 epiecopus“
651 4229 767 4293 apparet
789 4223 871 4277 ctiam
889 4223 917 4278 in
934 4224 1035 4280 tabulis
1053 4241 1186 4282 annorum
1203 4225 1255 4281 742
1273 4229 1302 4280 ct
1321 4227 1377 4283 749
1401 4247 1458 4303 ap.

264 4311 379 4368 Kcmble
399 4311 492 4368 Codex
511 4313 622 4383 diplom.
642 4313 705 4368 aevi
723 4311 990 4383 Saxon.110t3,120
1009 4313 1043 4370 cl.
1061 4330 1088 4383 p.
1103 4316 1163 4369 109.

742 4439 955 4451 -υι--ι-ισ-ι-
