3176 4846
333 325 413 374 rins
436 326 590 374 sssocnr
612 325 873 376 sscmsrrscosr
895 327 1092 376 uocnsrnn
1229 311 1293 377 637

126 489 241 534 smum.
277 469 347 555 Epo
371 481 473 536 aeden
494 483 627 556 porcius
650 493 729 550 sum,
753 473 963 536 innocencium
978 493 1080 536 mecm
1097 475 1293 557 omninoque
1313 475 1383 532 1159

123 584 295 671 probare'3
330 597 360 650 et
391 607 498 650 coram
532 588 618 650 omni
644 589 776 672 impeto
805 609 876 652 eam
901 589 981 672 ipsis
1011 589 1193 653 contendere
1222 588 1292 653 colo
1317 549 1374 598 Μ’

124 702 243 766 iudicio
249 725 260 778 ,·
284 713 313 765 et
323 704 531 788 perscrutari,
556 703 634 786 quid
649 703 738 788 apud
750 705 918 788 imperium
931 701 1190 789 promeruerim',
1215 705 1293 790 queis

124 819 180 882 nsi
200 819 384 905 turpissimi
404 820 598 898 admoneare,
621 830 657 882 at
680 821 779 898 aiam,
804 821 994 905 imperatorne
1008 821 1220 906 mandatoque
1234 841 1291 884 uso

125 945 245 998 icntcm
267 937 493 1000 contumacium
515 937 549 998 s'n
571 956 620 998 me
638 948 905 1021 presumpserunt.

214 1047 424 1115 Gradiebatnr
446 1053 550 1115 eutem
574 1047 706 1116 domnus
729 1047 932 1132 dagarense
955 1051 1008 1116 via
1028 1049 1133 1133 regia3
1163 1049 1293 1135 cupiens
1309 1063 1430 1112 soenes

123 1165 279 1230 montium
302 1164 384 1230 lovis
406 1163 510 1230 editus
533 1163 724 1249 valliumque
746 1166 846 1251 ipsius
870 1165 1043 1252 anticipare
1064 1169 1225 1252 prerupto,
1251 1185 1293 1232 ne

124 1279 206 1346 forte
234 1280 373 1367 hiemps,
403 1301 463 1364 que
491 1285 567 1346 tunc
590 1281 730 1367 asperior
752 1281 968 1364 inhorruerat,
998 1299 1057 1366 que
1079 1280 1157 1348 hant
1179 1299 1292 1367 perum

124 1395 245 1462 nivales
275 1415 372 1480 aquae
400 1395 434 1463 in
460 1394 592 1479 glaciem
615 1396 679 1462 iem
702 1401 862 1480 coegerat,
890 1397 1059 1464 transitum
1080 1398 1187 1484 ipsum
1210 1396 1292 1464 lovis

124 1511 159 1577 in
181 1509 397 1578 difficultatem
421 1517 624 1578 converteret

212 1625 310 1694 Porro
338 1625 510 1694 adversarii
540 1627 605 1711 eui,
634 1631 743 1694 conta
770 1647 841 1694 enm
864 1648 921 1714 per
943 1627 1029 1694 invia
1052 1633 1084 1695 et
1106 1627 1291 1696 solitudines

124 1743 308 1829 compendio
332 1742 468 1827 quodam
491 1743 557 1826 uei,
581 1762 667 1810 more
689 1743 846 1810 lenonum
870 1743 971 1810 noctis
993 1743 1148 1830 profunde
1171 1745 1291 1810 inrum·

123 1863 253 1946 pentes·
277 1858 465 1943 silentium⁴,
494 1857 581 1926 bidui
609 1859 733 1926 itineris
758 1859 857 1926 ferme
880 1861 1017 1947 spatium
1039 1861 1145 1946 ipsum
1168 1879 1292 1946 preces·

124 1980 246 2056 sorant3
275 1975 417 2042 clanculo
447 1976 550 2062 preire
573 1979 737 2058 conantes,
767 1981 803 2041 ut
823 1976 941 2042 famam
963 1975 1064 2062 ipsine
1087 1975 1170 2062 apud
1191 1965 1315 2062 impe'

122 2095 261 2158 retorem
289 2095 447 2158 ettotam
477 2091 597 2158 curiam
625 2091 905 2158 commacularent·
931 2097 977 2175 et,
1010 2093 1113 2178 pretio
1141 2091 1291 2176 exhibito,

125 2206 246 2291 sliquos
267 2207 395 2274 iuterim
418 2207 478 2274 sibi
498 2212 718 2294 compararent
731 2207 879 2274 fautores.
915 2207 1088 2291 eernere,
1112 2207 1167 2294 qui
1182 2228 1291 2294 euper-

122 2321 172 2389 bis
194 2323 316 2390 resistit
337 2329 369 2391 et
390 2322 561 2390 humilibus
584 2323 638 2389 det
661 2324 795 2406 gretiam
804 2319 823 2407 ¹,
847 2343 953 2390 eornm
977 2323 1116 2409 nequitie
1137 2323 1291 2410 impetum

122 2439 193 2526 ipso
221 2439 255 2506 in
277 2440 389 2508 itinere
412 2440 616 2524 subuersans,
639 2440 729 2507 iuxta
752 2439 835 2524 qnod
858 2439 1011 2527 scriptum
1035 2444 1097 2507 est:
1128 2463 1241 2528 equam
1262 2455 1293 2508 et

123 2577 318 2623 memorem
336 2561 470 2644 proiecit
491 2561 525 2622 ia
547 2551 661 2638 more',
686 2577 705 2622 a
728 2556 862 2642 quodem
886 2561 1032 2640 megnete
1054 2557 1190 2640 regionis
1205 2555 1290 2624 illine

123 2673 224 2758 capti,
251 2672 371 2739 detenti
398 2679 430 2738 et
458 2673 498 2740 ad
527 2693 626 2756 suam,
651 2671 772 2738 scilieet
793 2671 950 2758 episcopi,
978 2675 1169 2759 presentiam
1191 2693 1290 2758 usquo

122 2787 317 2872 conservati,
346 2789 508 2875 ipsiusque
535 2788 690 2855 voluntati
717 2807 825 2855 omnes
855 2793 929 2854 sunt
950 2788 1059 2856 traditi
1083 2795 1115 2854 et
1136 2789 1170 2854 in
1192 2806 1288 2854 mauu

123 2925 183 2972 sua
203 2907 315 2992 positi;
346 2909 382 2970 ut
404 2906 449 2970 eis
472 2904 627 2987 redderet,
650 2902 820 2970 secundnm
844 2903 926 2988 quod
948 2903 1010 2990 ipsi
1032 2905 1289 2990 promeruissent.

121 3019 232 3088 Noluit
253 3027 358 3088 eutem
381 3019 641 3088 clementissimus
665 3018 771 3106 presul
787 3055 828 3066 —
846 3019 989 3104 quemvis
1011 3023 1101 3086 tante
1117 3019 1202 3086 mala
1217 3019 1290 3106 pro¹

122 3135 213 3204 bouis
242 3137 271 3203 ei
297 3137 519 3222 ingessissent,
550 3137 693 3221 quamvis
721 3141 843 3202 tautam
869 3136 1063 3221 impietatem
1088 3139 1120 3202 et
1141 3141 1206 3202 tam
1227 3136 1289 3203 im·

122 3261 267 3320 meuem⁸
287 3255 432 3340 rapinam
461 3251 722 3339 tyrannidemque
751 3249 853 3318 edhuc
882 3251 915 3317 iu
944 3251 1089 3319 domum¹¹
1111 3251 1173 3319 Dei
1195 3257 1228 3320 et
1253 3253 1289 3320 iu

121 3368 227 3456 ipsum
251 3373 447 3453 exercerent,
477 3369 520 3435 et'
544 3370 636 3436 domo
660 3367 764 3454 petria
786 3367 977 3454 propriaque
999 3367 1073 3434 sede
1095 3387 1166 3435 eum
1189 3387 1289 3457 expu-

121 3485 234 3554 lissent
248 3523 291 3534 —
306 3485 408 3553 noluit
428 3486 462 3552 iu
486 3505 538 3552 eos
561 3503 689 3551 manum
712 3483 846 3566 inicere3
870 3503 934 3550 non
951 3501 1119 3569 carcerem,
1143 3505 1206 3552 non
1220 3485 1288 3552 vin-

121 3601 209 3686 cula,
238 3621 302 3668 nou
324 3601 422 3668 ullam
444 3602 628 3669 custodiam.
665 3599 727 3666 Sed
749 3600 949 3668 vehementer
970 3599 1120 3685 indoluit,
1144 3604 1218 3687 quia
1237 3621 1287 3669 re-

120 3719 201 3785 tenti
225 3737 261 3784 ac
282 3718 428 3805 impediti
448 3718 592 3784 fuissent.
628 3717 723 3783 lussit
745 3737 798 3783 eos
820 3716 927 3784 illesos
948 3735 985 3784 oc
1001 3716 1117 3784 liberos
1132 3717 1229 3803 obire,
1251 3723 1288 3785 ut

121 3839 248 3920 ceptum
275 3840 386 3901 conus
410 3833 563 3901 iustitiam
592 3839 856 3920 prosequerentur
883 3834 953 3900 iter.
1045 3833 1191 3901 Ceterum
1212 3835 1285 3920 ipsi,

119 3949 294 4037 nusquamk
315 3951 412 4018 tutos¹
435 3971 469 4018 se
495 3951 562 4016 fore
588 3949 767 4034 credentes,
798 3949 837 4016 ad
866 3949 1066 4037 imperatorie
1094 3969 1193 4035 usque
1214 3969 1286 4037 pre·

193 4177 215 4212 a
234 4135 332 4226 probare
348 4181 392 4211 om.
408 4166 429 4210 1.
490 4163 513 4210 b.
532 4165 706 4224 promeruerunt
719 4165 743 4210 u.
804 4175 825 4210 e.
845 4163 978 4224 inrepentes
994 4163 1016 4210 1.
1077 4161 1101 4210 d.
1123 4161 1248 4210 solennium
1264 4163 1287 4210 1.

121 4259 142 4292 e.
162 4245 320 4292 conculcarent
335 4247 357 4292 2.
436 4243 455 4291 i.
475 4243 554 4290 brol.
637 4243 835 4302 pimmeuaml.
917 4243 1029 4291 ndomo
1046 4244 1067 4299 1,
1083 4244 1106 4290 t.
1185 4243 1200 4290 i.
1221 4243 1286 4290 eci.

120 4323 145 4372 k.
165 4337 280 4385 nuquam
296 4327 317 4372 2.
395 4324 493 4372 litato!
509 4341 551 4372 οι.
569 4326 590 4372 1.

194 4429 374 4500 umes
463 4427 694 4499 summe
