3024 4864
321 310 382 377 196
566 329 1185 381 s.nos1rsrrrursusurrrr1srosss
1208 335 1238 382 es

316 490 387 536 rum
415 489 546 555 operum
573 471 727 557 optimam
749 470 882 558 adipisci
904 475 1090 540 mereamini
1112 475 1146 540 in
1168 473 1353 541 caelestibus
1373 472 1454 556 regnis

316 585 505 673 portionem,
529 605 623 671 quam
646 588 851 673 praeparavit
873 587 959 655 Deus
982 589 1185 674 diligentibus
1208 611 1251 656 se.

406 701 570 768 Admoneo
598 721 669 785 vos,
699 703 855 769 carissimi
878 701 952 770 filii:
981 711 1151 792 praecepta
1170 705 1299 772 Domini
1321 703 1458 784 cusbdite,

317 821 350 884 et
370 817 551 884 testimonia
574 823 607 884 et
629 818 768 885 iustitias
788 819 856 886 eius
872 839 1084 907 quascumque
1098 822 1261 909 praecepit
1274 821 1375 904 facite,
1395 817 1459 903 qnod

317 933 433 1000 honum
458 938 490 999 et
510 932 663 1020 placitum
686 941 734 1001 cst
757 940 831 1002 ante
846 935 1034 1021 Dominum,
1057 943 1094 1004 ιιι
1116 937 1195 1005 bene
1217 939 1260 1004 sit
1280 936 1380 1017 robis3
1399 931 1461 998 nihil

318 1047 403 1115 aliud
432 1049 610 1136 credentes,
641 1051 703 1117 uisi
732 1052 816 1136 quod
838 1050 992 1118 Dominus
1024 1052 1057 1119 in
1085 1054 1293 1120 sacrosanctis
1316 1048 1462 1134 euangeliis

315 1163 439 1232 locutus
461 1170 510 1232 est
532 1171 565 1232 et
586 1171 767 1233 sannionum
790 1186 946 1234 canonum
969 1189 1006 1235 ac
1028 1170 1240 1256 probabilium
1256 1169 1410 1236 continent
1421 1165 1463 1231 de

317 1285 412 1347 crata.
451 1279 522 1346 Non
546 1282 787 1350 accommodetis
811 1301 902 1350 aures
925 1283 1014 1350 falsis
1038 1284 1251 1352 sacerdotibus
1275 1291 1330 1352 aut
1349 1283 1403 1366 his,
1423 1280 1465 1364 qni

317 1396 482 1463 mendacia
504 1397 708 1482 adnuntiant,
733 1398 786 1483 qui
809 1399 940 1466 veniunt
963 1401 1003 1465 ad
1026 1419 1082 1466 vos
1104 1400 1139 1466 in
1160 1402 1277 1488 vestitu
1299 1401 1408 1482 orium,
1427 1397 1465 1462 in-

317 1518 367 1578 tus
401 1517 506 1579 autem
535 1517 609 1580 sunt
635 1513 703 1600 lupi
731 1535 862 1602 rapaces
873 1511 889 1581 ¹.
938 1514 1000 1584 Sed
1028 1517 1134 1603 potius
1163 1517 1227 1584 illis
1255 1516 1386 1598 credite,
1415 1512 1466 1597 qui,

317 1628 401 1694 viam
424 1629 544 1712 regiam
566 1630 765 1714 incedentes,
790 1631 995 1698 orthodoxam
1020 1637 1054 1698 et
1074 1632 1259 1700 catholicam
1281 1631 1376 1700 fidem
1395 1627 1468 1695 robis

317 1725 535 1830 praedicantes
571 1744 825 1812 adnuntiant-
849 1752 885 1812 ut
913 1748 1098 1834 obsequium
1128 1753 1268 1816 vestrum
1295 1741 1468 1833 acceptabile

317 1881 386 1928 esse
407 1861 588 1928 inveniatur
609 1862 644 1927 in
667 1866 838 1948 conspectu
860 1862 990 1930 Domini
1012 1864 1113 1930 nostri
1134 1866 1336 1931 —odientes
1358 1861 1470 1941 malum,

316 1977 407 2044 iusta
434 1977 569 2065 apostoli
600 1998 723 2062 vocem,
755 1978 941 2046 adherentes
971 1985 1076 2046 autom
1105 1977 1221 2064 bono’3
1252 1982 1470 2047 contemnentes

317 2115 364 2178 ea,
389 2114 469 2179 quae
492 2094 584 2160 huius
607 2093 723 2160 saeculi
746 2099 830 2180 sunt,
856 2100 888 2161 et
910 2093 1077 2180 diligentes
1101 2118 1148 2181 ea,
1172 2118 1251 2183 quae
1266 2095 1329 2163 Dei
1347 2099 1425 2176 sunt,
1444 2095 1472 2155 ut

316 2210 476 2296 praetiosa
497 2208 574 2276 fides
597 2213 704 2277 vestm
727 2207 844 2278 clareat
866 2212 899 2277 in
923 2211 1043 2278 cunctis
1068 2217 1099 2280 et
1120 2213 1205 2280 bona
1227 2217 1334 2279 vestra
1360 2227 1474 2278 couver-

318 2325 398 2391 satio
425 2326 459 2391 in
482 2325 577 2392 caelis
601 2330 632 2392 et
654 2327 687 2392 iu
710 2327 804 2393 terris
827 2327 978 2432 laudabili
1007 2329 1101 2394 fama
1148 2327 1218 2396 Non
1248 2329 1335 2396 enim
1363 2329 1473 2410 ignora·

317 2442 369 2525 tis,
394 2459 474 2526 qaae
497 2442 656 2528 scriptura
678 2442 778 2508 dicat:
803 2443 969 2511 Abrabam
992 2448 1127 2514 credidit
1148 2447 1234 2528 Deo,
1259 2459 1286 2512 et
1308 2457 1477 2533 reputans

318 2569 362 2624 est
383 2559 436 2623 illi
456 2560 501 2624 ad
521 2561 675 2625 iustitiam
683 2553 705 2624 ³.

405 2672 569 2741 Admoneo
593 2693 658 2758 vos,
682 2673 889 2759 dilectissimi,
913 2675 1017 2744 Deum
1040 2679 1162 2762 timere,
1187 2676 1367 2744 sacerdotes
1391 2675 1478 2740 hono

316 2787 450 2876 rifieare,
473 2789 640 2857 reddentes
664 2790 709 2856 eis
733 2789 874 2857 debitum
897 2794 1089 2875 sanctitatis3
1113 2783 1165 2876 ut,
1195 2793 1284 2860 vobis
1309 2765 1480 2860 adiuvanti-

317 2908 391 2992 bus,
419 2907 482 2994 ipsi
503 2905 717 2972 inconturbati
739 2905 865 2972 valcant
888 2912 981 2992 atque
1005 2909 1107 2975 securi
1130 2907 1283 2976 salutaria
1304 2907 1480 2998 praedicare

319 3021 514 3106 stragulam
538 3027 631 3105 atque
654 3021 795 3105 vigorem
818 3021 1046 3091 eclesiasticum
1069 3045 1271 3109 conservare,
1300 3024 1350 3091 ita
1372 3029 1409 3090 ut
1428 3021 1482 3088 cle

318 3139 376 3205 rici
401 3158 509 3204 omnes
533 3137 598 3203 suis
622 3135 805 3204 subiaceant
827 3138 982 3226 episcopis
998 3146 1030 3207 et
1045 3140 1163 3208 abillis
1179 3139 1354 3208 doceantur
1369 3155 1484 3208 sacram

318 3253 517 3341 scripturam.
563 3252 771 3340 Praeceptum
799 3253 917 3342 quippe
945 3261 994 3323 est
1021 3257 1214 3324 aDomino:
1246 3259 1384 3325 Reddite
1413 3275 1485 3343 quoe

318 3385 392 3438 sant
413 3374 549 3437 caesaris
573 3373 710 3450 caecari,
735 3383 764 3436 et
787 3393 867 3457 quae
889 3371 956 3438 Dei
977 3387 1050 3441 sant
1071 3375 1142 3440 Deo
1150 3370 1171 3439 ⁴.

407 3485 626 3573 Apostolicum
648 3489 851 3574 praeceptum
875 3485 962 3554 vobis
986 3489 1116 3556 mando:
1141 3495 1177 3556 ut
1197 3487 1301 3555 nullus
1318 3485 1486 3556 saecularis

319 3601 467 3670 clericum
490 3603 524 3668 in
546 3621 637 3668 suum
661 3601 845 3688 obsequium
868 3601 997 3687 habeat3
1022 3605 1077 3672 sed
1099 3605 1157 3690 illi,
1181 3607 1269 3673 cuius
1292 3603 1489 3688 signaculum

318 3719 352 3784 iu
375 3719 479 3806 capite
500 3716 604 3801 habet,
627 3724 733 3784 mente
756 3717 914 3785 deserviet
936 3725 968 3787 et
982 3721 1085 3805 corde,
1109 3721 1259 3789 educatus
1275 3722 1309 3788 in
1325 3721 1391 3807 his,
1416 3735 1492 3807 quae

320 3855 339 3901 a
362 3855 417 3902 suo
440 3833 633 3921 praecipitur
656 3833 814 3920 episcopo.
898 3835 1091 3904 Detestabile
1115 3841 1163 3904 est
1186 3839 1270 3905 enim
1293 3843 1326 3904 et
1349 3837 1492 3924 iniquum

319 3970 413 4038 opus:
436 3950 586 4017 clericum
608 3949 642 4016 in
664 3949 748 4017 ludis
770 3950 922 4036 inveniri,
952 3957 1006 4018 aut
1028 3972 1100 4019 cum
1123 3953 1342 4039 acceptoribus
1368 3953 1422 4020 rel
1444 3973 1494 4018 re·

318 4066 497 4134 nationibus
520 4065 633 4150 degero
656 4067 771 4150 vitam3
796 4067 955 4153 tantisque
971 4067 1103 4135 scenicis
1119 4070 1222 4136 causis
1239 4071 1434 4155 sauciatum,
1457 4065 1496 4134 ad

316 4183 535 4270 episcopatum
556 4187 612 4248 aut
634 4183 856 4269 presbiterium
878 4183 929 4251 rel
952 4183 1113 4270 quodlibet
1135 4184 1330 4252 sacerdotale
1355 4187 1496 4253 officium

388 4339 632 4410 triennale.
729 4343 755 4398 2.
779 4342 857 4399 Rom.
877 4343 919 4414 12,
932 4343 957 4398 9.
1056 4345 1082 4400 3.
1106 4341 1206 4400 Ganos.
1219 4341 1306 4416 15,e;
1333 4343 1497 4415 Roma&

317 4427 342 4484 4.
366 4428 462 4485 hlatth.
475 4431 519 4500 22,
533 4430 576 4483 21.
