3144 4852
310 303 390 352 vrrs
413 305 567 352 annosos
589 303 851 352 ancnmrrscosr
873 303 1069 354 mosomum
1205 287 1269 354 671

103 445 173 512 teat
198 467 248 512 me
269 446 485 532 profundum,
514 469 615 534 aequ
635 459 747 534 arpent
768 469 863 534 super
884 469 933 512 me
950 459 1065 534 puteus
1089 469 1122 514 oe
1144 442 1270 524 aarum¹3
1298 454 1368 510 1160

101 583 141 626 aa
162 563 289 647 quando
311 566 420 649 rapiat
441 576 475 628 ut
498 564 543 630 loo
564 566 704 629 unimam
725 586 836 644 auom,
861 565 937 630 dom
958 587 1023 630 aaa
1045 576 1089 628 eet
1111 566 1169 649 qai
1184 565 1269 630 radi·
1287 528 1336 576 Μ’
1347 529 1382 652 Ἃ,

100 689 176 758 aaut,
200 699 300 764 aeque
323 683 380 764 qui
400 679 522 744 salvum
535 673 671 764 samad,
694 682 760 745 ur'ea'
781 693 825 760 tu,
849 681 974 746 domine
989 679 1078 746 Deua
1100 701 1196 760 mres,
1220 702 1268 745 ee-

101 795 238 858 ouadum
258 817 371 860 aenaea
387 809 483 862 mum.
517 796 605 882 napo
621 798 663 862 sit
677 797 747 861 Ιαω
763 809 828 877 aaa,
852 797 1001 876 Domine,
1025 799 1060 862 io
1074 819 1139 872 aur
1163 809 1191 860 et
1204 797 1270 862 iam

100 912 224 996 maipa
245 913 385 976 aninum
406 933 507 976 meam
529 924 559 977 et
575 933 637 998 per
653 913 799 998 palatum
820 915 962 978 manati
980 935 1030 978 ote
1042 913 1105 996 sco
1124 913 1168 978 ad
1182 924 1270 978 mm

98 1029 276 1112 percrepare
294 1027 443 1113 plotium,
467 1027 607 1094 calcator
628 1030 748 1093 maadi.

190 1139 253 1208 Sed
274 1160 345 1208 com
368 1140 426 1210 heo
441 1141 583 1226 dixisset,
607 1161 705 1228 prope
721 1148 846 1228 portam
861 1143 964 1210 astitit
977 1141 1099 1210 sedens.
1169 1142 1269 1208 Tena-

100 1255 212 1324 brosue
233 1257 351 1344 quippe
370 1258 473 1342 turbo,
497 1279 537 1325 ex
557 1259 713 1326 densitate
732 1259 830 1326 iorni·
845 1258 1060 1345 progrediens,
1083 1259 1130 1326 ita
1143 1277 1269 1326 ornnem

100 1373 323 1441 absentaverat
343 1372 456 1458 locum,
481 1374 565 1460 quod
588 1395 628 1441 ox
650 1373 770 1461 pallore
790 1375 963 1458 nigredinis
980 1378 1167 1462 apparentes
1183 1380 1269 1441 tene

100 1489 156 1556 bre
190 1491 317 1556 omnino
352 1496 482 1576 possent
515 1487 665 1578 palpari⁸.
711 1489 918 1569 Quamobrem
949 1489 1143 1574 Magantini,
1177 1494 1268 1576 porta

100 1606 236 1672 torrium
263 1605 375 1672 relicta
403 1606 560 1690 custodia,
589 1626 609 1673 a
637 1607 717 1674 iacie
745 1605 827 1690 ignis
856 1607 999 1674 exterriti
1030 1611 1121 1672 exuo
1142 1625 1268 1674 murum

98 1721 203 1788 locum
219 1742 345 1789 ornnem
359 1722 541 1804 cinxerunt3
557 1743 682 1790 ornnem
698 1722 830 1804 aditum,
846 1722 991 1789 semitam
1007 1743 1141 1805 omnem,
1158 1741 1267 1788 omnes

100 1837 235 1923 denique
262 1838 359 1904 rimas
388 1843 420 1904 et
448 1838 595 1922 angulos,
623 1859 663 1906 ne
692 1839 807 1906 domno
837 1837 983 1924 episcopo
1007 1837 1159 1904 evadendi
1180 1836 1267 1904 locus

100 1953 239 2038 adesset,
271 1954 404 2020 sollicite
434 1955 722 2042 perscrutabantur.
812 1953 855 2020 Et
885 1960 958 2040 post
982 1953 1162 2040 paululum,
1196 1973 1266 2020 cnm

97 2068 242 2155 flamma,
275 2071 354 2136 furni
386 2071 540 2138 densitate
573 2072 707 2153 reiecta,
741 2088 865 2137 omnem
899 2069 1011 2136 adem
1039 2069 1101 2137 loci
1129 2069 1267 2136 tenebris

100 2185 305 2270 denudasset,
334 2187 462 2271 quidam
485 2187 575 2254 miles
599 2207 639 2254 ex
665 2186 762 2273 ipsis,
793 2185 1079 2254 truculentissimus
1102 2191 1268 2272 tyrannus,
1329 2231 1336 2252 .

99 2301 306 2387 Helmgarus*
328 2303 465 2388 nomine,
488 2303 620 2370 vaedtns
642 2303 725 2370 ferro
749 2308 781 2369 et
803 2301 960 2368 accinctus
982 2301 1088 2385 gladio
1108 2302 1267 2386 iamenu,

98 2418 182 2486 furia
203 2419 345 2486 invectus
366 2419 453 2484 intra
474 2419 603 2486 ecclesie
625 2419 746 2501 ianuas,
772 2419 813 2486 ad
833 2439 905 2486 eum
919 2419 1113 2486 sciscitatum
1129 2419 1266 2502 advenit,

99 2535 221 2602 dicans:
248 2536 327 2618 Quae
351 2558 381 2600 ee
405 2535 717 2623 coinquinatorum
731 2537 779 2602 ibi
792 2537 883 2622 opio?
949 2533 1144 2603 Venerabilis
1161 2539 1266 2602 eutem

100 2651 266 2736 episcopus
296 2649 393 2716 nichil
420 2651 592 2738 respondit
683 2652 729 2717 At
756 2651 809 2718 ille
838 2651 916 2718 diris
945 2651 1085 2718 mandat
1111 2650 1265 2732 hiatibua3

99 2767 211 2850 denuo,
236 2768 306 2852 quie
329 2773 413 2834 osset
435 2771 467 2834 et
489 2767 564 2852 quid
579 2767 625 2834 ibi
640 2774 757 2851 agaret,
780 2767 899 2834 fumoso
914 2766 1032 2834 lanato
1045 2771 1263 2853 percunctans

98 2881 196 2962 Quam
220 2883 364 2970 protinus
387 2884 528 2967 agnitum
544 2883 733 2950 vociferared
749 2883 830 2950 sicut
845 2883 1032 2970 arrepticius
1047 2883 1147 2970 cepit:
1171 2885 1262 2965 ane,

98 3001 188 3066 ecoe!
208 3000 273 3066 Hic
295 3003 359 3066 eat!
379 3000 516 3080 Camila,
541 3003 656 3066 curram
678 3001 781 3084 inquit
803 3002 938 3068 cantu!
958 3000 1023 3066 Hie
1046 3001 1108 3066 oct!
1127 2997 1170 3066 Et
1192 3018 1264 3065 cnm

97 3135 207 3182 omnes
229 3123 366 3200 ruerent,
389 3116 453 3200 illo,
477 3115 669 3183 terribilibus
691 3115 789 3181 oculis
811 3115 916 3202 ipsum
938 3116 1075 3200 intuens,
1097 3113 1263 3182 homicidis

98 3231 243 3300 munibus
271 3232 381 3300 christi
403 3231 533 3298 Domini
560 3231 707 3298 verticem
732 3236 900 3300 auectam
921 3251 986 3300 non
1008 3230 1262 3314 contremiscens,

96 3348 222 3432 cignaos
245 3348 345 3434 ipsius
368 3367 462 3416 canos
476 3341 516 3414 ¹ot
530 3347 632 3414 omnis
647 3348 845 3414 venerantia·
860 3347 970 3434 plenos
984 3347 1154 3416 temeraria
1166 3367 1264 3416 manu

96 3463 284 3532 deiectione‘
305 3465 469 3532 demonico
491 3464 627 3552 arripnit
648 3469 680 3530 et
701 3483 790 3546 mox,
813 3463 848 3530 in
868 3463 974 3550 iprum
995 3464 1130 3548 urnam,
1153 3483 1263 3533 samm

96 3580 270 3667 impietatis
299 3601 354 3648 sua
382 3580 522 3664 gladium
550 3601 607 3666 par
635 3580 736 3667 ipsius
764 3579 978 3646 sacratiminra
998 3584 1161 3666 tempora¹
1182 3578 1261 3646 fixit

96 3695 156 3764 (ini
184 3702 309 3764 sunaus
337 3697 501 3784 episcopus
524 3715 596 3764 curn
618 3693 771 3783 profunde
792 3693 911 3762 inflicto
933 3694 1063 3764 volnera
1085 3695 1261 3779 inchoaret,

96 3817 266 3899 antequam
293 3818 389 3900 caput
415 3813 565 3897 erigeret,
595 3812 674 3878 alter
701 3809 836 3878 terribili
862 3811 928 3878 ictu
956 3812 1038 3880 inter
1066 3811 1166 3880 sima*
1189 3810 1263 3878 colli
1292 3835 1294 3843 ·
1410 3825 1420 3840 ·

95 3928 270 4018 capitisque
290 3929 397 4017 ipsum
419 3929 588 4017 percussit3
612 3928 664 3996 oni
685 3928 787 3996 denuo
802 3926 974 3996 inclinavit
1056 3927 1119 3996 Sed
1132 3928 1260 3996 interim

167 4148 188 4180 a
209 4134 268 4182 euml
285 4137 306 4182 1.
402 4133 425 4181 b.
445 4133 618 4192 sangenon.
716 4146 735 4179 ο.
755 4133 830 4193 inquit
847 4133 926 4180 dioenu
942 4134 964 4179 1.
1062 4131 1225 4180 droaliararl
1239 4133 1262 4180 1.

95 4227 115 4260 e.
136 4215 275 4262 reverentiae
291 4216 314 4261 1.
390 4213 407 4262 1.
428 4213 561 4262 donecdone
579 4215 601 4260 1.
678 4225 698 4272 ς.
720 4215 824 4274 tympora
840 4215 862 4260 1.
931 4211 955 4260 h.
976 4225 1064 4260 somma
1078 4214 1100 4259 1.

167 4319 191 4373 1.
216 4317 261 4374 Ps.
275 4319 317 4388 68,
331 4319 379 4374 16:
400 4317 482 4390 „Non
499 4332 544 4374 me
562 4317 756 4387 demergat-
774 4331 806 4373 os
824 4315 936 4373 suunt
1007 4318 1033 4374 1.
1057 4317 1102 4374 Ps.
1115 4318 1141 4387 t,
1153 4317 1184 4372 ³:
1206 4331 1262 4388 „ne

92 4407 249 4478 qnando-
261 4409 368 4464 adram
385 4405 499 4464 twiat‘t
588 4408 613 4464 3.
637 4404 679 4464 cf.
698 4406 785 4464 lixod.
799 4407 841 4478 10,
854 4408 898 4464 11.
