3110 4844
288 239 354 306 ibt
628 255 815 304 nrrsronsr
837 254 1066 304 uoeuurnrsn
1089 255 1118 302 u

200 407 269 470 100⁷
287 396 384 464 velim
412 395 511 463 nolim
539 395 726 464 inerrabile·
748 397 841 462 modo
870 395 979 462 iudicii
1001 395 1098 462 vestm
1121 411 1255 461 examen
1277 391 1443 460 tremebun-

287 513 347 580 due
362 512 542 599 suscipiam.
570 511 659 590 Quod
675 513 744 597 etsi,
761 512 898 599 peccatis
913 511 991 578 mihi
1008 509 1215 592 obstantibus,
1231 507 1444 594 prescientiae'*

288 633 413 699 restrae
434 647 568 698 censura
589 648 640 695 me
658 647 727 696 non
748 628 853 695 toloni
868 628 1040 710 contingat,
1063 625 1186 708 saltem,
1211 623 1299 692 vebis
1314 622 1369 690 tali
1382 629 1446 689 tun·

288 745 392 812 tilium
415 765 466 812 me
488 745 700 831 scriptitasse,
726 745 760 810 in
784 749 945 831 posterum
967 741 1126 810 iactitabo.
1160 742 1206 808 At
1229 741 1257 807 si
1278 739 1358 806 forte
1379 739 1447 804 ado

287 861 416 928 lationis
440 881 460 926 a
482 861 591 946 quovis
613 866 720 945 noter,
750 860 830 928 nihil
852 879 923 926 mea
944 861 1086 926 interest.
1121 857 1237 936 Quanti
1260 875 1333 940 ergo
1355 854 1447 938 vobis,

289 997 347 1064 per
373 997 425 1046 me
456 975 585 1044 extolli?
614 996 707 1062 quem
736 983 866 1045 eotenus
888 975 1055 1060 utrobique
1077 972 1163 1041 Deus
1186 974 1256 1060 ipse
1278 991 1335 1060 per
1357 975 1450 1038 semet

289 1090 516 1162 honorificarit.
551 1091 660 1176 Neque
682 1093 783 1177 enim,
808 1092 867 1159 etsi
889 1097 1086 1178 peccatorem
1108 1110 1161 1157 me
1182 1109 1289 1174 gemo,
1311 1088 1378 1156 oleo
1400 1086 1450 1153 ad·

290 1208 475 1274 sentationis
498 1206 676 1275 venerabile
699 1207 801 1294 capud
824 1212 965 1274 vestrum
980 1208 1167 1294 inpinguare
1181 1205 1252 1271 uolo
1268 1211 1324 1273 ant
1337 1209 1449 1292 potero.

377 1323 620 1392 Potentissimae
645 1324 784 1408 primum
806 1323 866 1391 Dei
890 1325 1002 1410 pietati
1024 1323 1142 1407 gratias
1165 1342 1223 1410 pro
1245 1321 1370 1388 viribus·
1387 1340 1450 1404 ago,

290 1440 375 1525 quod
394 1438 646 1507 benedictionum
662 1459 790 1508 sumum
806 1460 915 1508 omnes
931 1439 1179 1522 aecclesiasticos
1194 1438 1309 1522 gradm
1324 1436 1453 1504 mundae

291 1576 403 1623 manus
418 1561 541 1626 vestae
556 1556 747 1643 inpositione
762 1555 981 1639 indignissimo
996 1555 1075 1620 mihi
1090 1554 1231 1622 conferre
1243 1552 1452 1636 dignatusest

273 1674 279 1684 '
381 1671 558 1758 Caeterum,
582 1677 673 1760 pater
696 1671 839 1755 amande,
864 1671 939 1757 quia
961 1672 1139 1757 epistolaris
1163 1670 1300 1739 brevitas
1324 1689 1375 1738 me
1390 1687 1454 1734 onr-

291 1789 352 1855 sim
375 1788 513 1876 pandere
537 1793 637 1872 vetet,
661 1787 745 1873 quod
767 1788 878 1871 gestio,
901 1786 1074 1854 scolasticis
1098 1786 1337 1872 allegationibus
1358 1789 1455 1850 matu·

291 1905 420 1972 ritatem
455 1910 590 1974 vestram
624 1923 758 1988 gravare
792 1924 911 1971 vereor.
965 1901 1028 1970 Sed
1054 1904 1116 1970 iam
1147 1903 1308 1972 sanctitati
1338 1906 1455 1968 restrae

292 2020 425 2107 supplex
448 2021 617 2106 intimabo,
641 2021 716 2108 quid
740 2020 844 2088 velim.

380 2135 531 2204 Recolens
554 2138 777 2224 paternitatem
802 2141 949 2220 vestram,
974 2140 1094 2220 quanta
1115 2135 1154 2202 ab
1177 2135 1271 2202 inicio
1294 2132 1456 2200 sedulitate

292 2251 466 2320 excoluerit
495 2255 649 2319 amaverit
677 2259 708 2320 et
730 2259 881 2320 venerate
903 2253 946 2318 sit
967 2251 1051 2319 huno
1073 2269 1270 2318 communem
1293 2254 1458 2336 patronum

292 2374 436 2436 nostnrm
459 2369 595 2436 amioum
617 2369 679 2436 Dei
701 2368 889 2452 Nazarium,
918 2386 1074 2453 quamque
1095 2369 1148 2455 pie
1171 2385 1295 2452 semper
1318 2363 1458 2432 omnibus

293 2482 457 2551 eventibus
483 2487 601 2552 nostris
629 2487 791 2572 prosperis
819 2469 870 2552 vel
898 2483 1038 2550 adversis
1067 2481 1152 2550 illins
1179 2487 1327 2568 respectu
1349 2478 1458 2548 conde-

294 2600 495 2685 scenderitis,
524 2601 553 2667 si
583 2601 658 2686 quid
685 2602 778 2667 modo
807 2601 932 2668 favente
954 2600 1022 2668 Deo
1050 2599 1169 2666 laetum
1196 2597 1287 2664 nobis
1311 2595 1459 2676 arriserit,

294 2715 383 2783 robis
407 2717 526 2804 pariter
540 2717 835 2786 communicandum
850 2716 1039 2798 censuimus,
1062 2721 1107 2799 ut,
1131 2716 1212 2783 siout
1225 2713 1460 2781 tribulationum

294 2833 410 2918 fuistis,
434 2834 503 2902 sitis
526 2835 686 2920 particeps
709 2839 742 2900 et
764 2831 1029 2914 consolationum
1052 2837 1164 2917 utpute
1185 2830 1274 2898 ouius
1294 2829 1417 2897 meritis
1432 2831 1461 2894 et

296 2959 441 3037 coeptum
468 2950 502 3016 id
531 2949 738 3016 adscribimus
766 2955 799 3016 et
821 2947 1035 3034 peragendum
1056 2952 1162 3015 vestra
1185 2947 1373 3014 auctoritate
1394 2963 1461 3031 spe-

296 3085 404 3132 ramus
426 3067 460 3131 in
474 3064 620 3132 Domino.
700 3065 796 3132 Novit
818 3065 969 3132 sanctitas
993 3069 1098 3132 restra
1119 3063 1158 3130 de
1181 3063 1240 3130 hoc
1257 3062 1367 3132 eodem
1382 3079 1462 3128 mur·

297 3182 359 3248 tire
380 3180 498 3250 Christi
517 3181 669 3250 Nazario:
693 3183 803 3267 quanti
826 3201 922 3268 penes
946 3180 1049 3248 Deum
1071 3180 1178 3246 meriti
1199 3198 1324 3266 semper
1347 3179 1391 3244 sit
1411 3176 1462 3243 de-

299 3296 445 3380 claratus,
467 3299 667 3382 maximeque
689 3297 800 3364 diebus
818 3297 867 3364 his
884 3297 984 3366 felicis
1000 3296 1168 3366 sacerdotii
1183 3295 1296 3376 vestri3
1319 3293 1427 3380 nilque
1445 3311 1464 3358 a

299 3413 524 3480 veterioribus·
546 3413 645 3482 doctis
674 3418 781 3499 preter
809 3413 892 3480 solas
920 3413 1063 3479 missales
1091 3411 1248 3478 orationes
1271 3410 1463 3480 elaboratum

300 3527 391 3596 nobis
413 3549 452 3595 ve
474 3527 634 3612 relictum,
658 3549 719 3614 quo
742 3529 792 3597 vel
814 3529 948 3598 lectione
970 3529 1021 3595 vel
1042 3533 1137 3595 cantu
1160 3527 1254 3613 digne
1275 3527 1379 3615 possit
1400 3525 1464 3593 eiras

300 3641 468 3726 singularis
490 3646 643 3711 memoria
664 3665 722 3732 per
745 3644 926 3712 aecclesiam
944 3644 1104 3712 celebrari.
1143 3643 1245 3710 Huius
1260 3645 1308 3710 rei
1322 3641 1465 3709 molestia

300 3758 442 3826 maxima
469 3760 619 3846 parvitati
647 3781 736 3827 meae
765 3766 798 3827 et
825 3761 899 3828 olim
930 3765 1039 3848 ceptae
1070 3767 1102 3827 et
1123 3781 1249 3848 semper
1272 3759 1465 3826 desideratae

301 3875 564 3964 peregrinationis
587 3897 683 3943 causa
705 3877 811 3942 extitit
834 3914 875 3923 —
901 3897 993 3962 quam
1018 3897 1077 3943 nco
1098 3896 1154 3944 vos
1177 3877 1340 3944 dominum
1362 3893 1466 3943 meum

301 3991 490 4058 omnimodis
523 3991 653 4060 latuisse
686 4013 758 4060 reor
781 4014 840 4059 -ε
869 3995 897 4060 si
920 3992 1040 4079 aliquid
1071 3993 1154 4060 forte
1187 3993 1373 4080 disponente
1399 3990 1465 4058 Deo

301 4109 426 4195 uspiam
450 4107 489 4175 de
512 4109 629 4177 sanctis
653 4108 719 4176 eius
741 4109 924 4175 martiribus
947 4109 1064 4196 scripto
1087 4109 1138 4176 rel
1160 4108 1261 4176 relatu
1283 4105 1465 4191 investigari

302 4224 478 4312 contigerit.
523 4223 614 4293 Unde
641 4225 717 4292 dnm
739 4243 989 4311 quaquaversum
1012 4245 1067 4312 spe
1089 4225 1242 4293 bustrata
1263 4223 1342 4292 nihil
1363 4221 1465 4311 proie-

375 4381 396 4415 ι.
414 4366 565 4415 inenarrabile
583 4387 602 4415 ι.
678 4368 701 4415 b.
721 4367 852 4427 presentiae
867 4383 888 4414 ο.
964 4381 985 4415 e.
1005 4367 1034 4415 rb
1048 4367 1195 4416 interimibns
1211 4385 1232 4415 e.
