3176 4846
323 305 403 354 vrrs
427 305 581 354 essonm
602 303 864 354 nncnmrrsoosr
885 303 1081 352 moousrnrr
1218 284 1285 354 625

116 446 274 534 imperiali
296 447 451 532 attritum,
474 445 673 535 pretendens.
708 446 754 512 At
774 445 958 532 imperator,
982 445 1094 530 eniens,
1118 465 1186 512 rem
1200 445 1284 512 mili·
1303 453 1373 510 1158

116 568 214 630 mrem
244 564 362 630 virtute
389 564 487 630 animi
515 563 615 648 magis
644 563 814 650 procedere
842 581 937 646 quem
966 562 1086 628 viribus
1114 562 1256 648 eorporis
1265 557 1283 645 ¹,

116 699 376 766 eogrrosoensqne,
399 681 502 746 virum
524 680 632 766 ipsum
653 678 783 746 oonsilio
807 683 840 746 et
862 678 948 744 omni
970 678 1088 745 uirtute
1111 676 1231 744 divitiis
1247 697 1284 744 ae

116 795 278 864 bonesmte
311 797 394 864 inter
429 815 536 862 omnes
571 795 661 879 regni
690 795 850 882 prinsipes
878 813 947 861 esse
976 793 1285 878 excellentissimum,

116 911 216 980 noluit
238 912 338 1000 ipsius
367 931 474 980 oerore
501 911 670 999 presentia.
704 909 907 994 bis-guntinus
935 911 1059 995 itaque,
1088 909 1286 996 imperialem

116 1028 226 1096 videns
248 1028 411 1116 prevalere
434 1028 632 1111 senentiam,
655 1033 837 1110 uergentem
855 1027 905 1093 sui
921 1026 1012 1113 qussi
1028 1025 1142 1096 oblitus
1158 1031 1284 1111 etatem,

116 1151 152 1214 nt
172 1146 222 1212 vir
244 1146 396 1212 virtutum
420 1144 561 1212 omnium
584 1162 701 1227 gnarus
725 1177 766 1190 -
791 1163 849 1228 pro
871 1143 989 1209 bonore
1012 1141 1073 1210 Dei
1097 1148 1129 1210 et
1152 1141 1284 1228 Magan-

116 1262 182 1328 tine
204 1260 349 1342 eoolasie;
372 1264 405 1328 et
426 1265 461 1328 ut
483 1280 546 1348 pax
570 1261 653 1326 inter
675 1278 808 1342 regnum
830 1263 863 1326 et
884 1257 1105 1344 sacerdotium,
1129 1279 1190 1345 qne
1211 1265 1286 1326 tune

116 1377 304 1463 quibusdem
326 1375 558 1460 emergentibus
581 1375 685 1442 oensis
708 1374 879 1440 admodum
901 1379 970 1440 erat
992 1374 1110 1461 elapsa,
1133 1375 1286 1442 reforme-

116 1500 236 1575 retur·;
269 1497 437 1580 possetque
471 1491 512 1558 ad
539 1491 665 1578 imperii
692 1491 829 1574 gretiam
857 1488 1107 1558 Mediolanenses
1138 1511 1287 1559 rerooere

116 1609 292 1692 oonoordia
314 1630 355 1675 ne
376 1614 467 1676 tanta
488 1607 620 1674 civitas*
642 1607 841 1694 deperditum
863 1607 925 1673 iret
945 1641 986 1652 -—
1009 1607 1130 1692 statuit,
1153 1618 1204 1674 se·
1227 1609 1287 1674 im·

115 1724 287 1813 parielibus
310 1725 527 1811 obtemperare
549 1724 718 1790 mandatis.

203 1840 247 1906 Et
275 1841 349 1927 qnia
370 1839 573 1924 Magantinus
596 1839 686 1926 postd
708 1840 932 1925 imperatorem
956 1838 1102 1925 prinoeps
1129 1844 1178 1905 est
1195 1839 1287 1925 prin-

115 1957 238 2044 oipnm,
266 1962 302 2022 ut
330 1956 501 2024 seeundum
523 1955 707 2040 Magantiue
736 1953 865 2020 eoolesio
894 1953 1069 2020 deoentiam
1100 1954 1139 2020 ad
1162 1958 1287 2021 tantum

116 2073 243 2160 imperii
266 2074 426 2156 negotium
450 2093 483 2138 se
506 2078 614 2159 posset
637 2070 813 2155 accingere,
842 2069 924 2136 sieut
945 2069 995 2138 ius
1018 2069 1159 2153 gentium
1181 2069 1287 2155 babet,

118 2188 352 2274 abiegnntinis
380 2189 499 2255 civibus
521 2193 588 2255 tam
610 2189 659 2254 in·
682 2185 939 2253 ministerialibus
962 2206 1057 2270 qnam
1079 2186 1286 2270 burgensibus

118 2305 276 2392 stipendia
299 2303 411 2372 militie
434 2305 602 2391 deposuere
625 2303 723 2389 oepit3
752 2321 929 2389 proponens
953 2302 1014 2386 eis,
1044 2301 1127 2386 quod
1150 2337 1193 2348 -
1216 2320 1287 2368 oum

117 2421 371 2507 frequentissime
394 2441 451 2508 pro
474 2419 593 2486 honore
616 2419 745 2486 eoelesie
768 2423 800 2484 et
822 2419 919 2484 totius
942 2417 1080 2484 civitatis
1103 2419 1226 2502 magnis
1240 2419 1287 2484 le-

119 2538 261 2606 borasset
287 2537 472 2625 impendiis,
502 2537 568 2602 sive
597 2537 630 2602 in
657 2533 815 2622 imperiali
843 2534 909 2600 sive
937 2534 970 2600 in
995 2533 1167 2620 apostoliea
1189 2535 1287 2619 euna,

117 2655 185 2722 sive
212 2659 323 2721 eontra
348 2653 454 2720 hostes
483 2652 612 2720 eoolesie
635 2687 677 2698 —
702 2649 781 2717 nibil
812 2650 968 2733 exegisset
990 2649 1029 2717 ab
1052 2651 1108 2716 eis.
1198 2649 1289 2718 Post-

118 2790 214 2856 quam
240 2790 314 2836 varo
337 2790 428 2857 opem
453 2789 491 2834 ex
514 2767 645 2834 oonsilio
668 2764 930 2853 subpeditetionis
955 2766 1059 2832 animo
1082 2766 1193 2833 libenti
1215 2787 1288 2853 spo-

118 2887 305 2974 ponderunt,
329 2885 457 2972 quidam
471 2883 631 2950 Amoldus
654 2881 881 2966 ministerialis,
905 2881 993 2948 onius
1017 2887 1085 2948 erat
1103 2881 1289 2969 prenomon‘

117 3002 227 3086 Rufus,
251 3022 323 3070 oum
345 3001 385 3068 ad
408 3001 513 3087 ipsum
527 2999 658 3066 uerbum
673 2998 836 3084 petitionis
850 2997 999 3082 uenisset,
1023 2997 1126 3064 medio
1142 3017 1287 3085 prorum·

117 3139 197 3206 pens
219 3117 441 3201 multitudinis,
465 3115 570 3183 aiebat
590 3151 632 3162 —
653 3115 734 3180 forte
758 3134 797 3180 ex
819 3113 1001 3200 privilegio*
1024 3133 1082 3200 per
1104 3109 1288 3180 Albertum¹

117 3233 239 3302 uiribus
261 3253 424 3318 tenesmo,
454 3231 555 3319 qnod'²
579 3229 727 3314 allegavit
742 3265 783 3276 —
801 3231 886 3316 ipsos
910 3229 949 3296 de
971 3229 1039 3296 iure
1061 3228 1141 3296 nibil
1163 3230 1286 3314 debere,

116 3349 197 3418 nibil
219 3349 334 3418 domno
357 3351 503 3436 episeopo
528 3369 567 3416 ex
589 3348 711 3416 iustitie
733 3346 857 3412 debere.
892 3345 982 3412 Unde
1006 3367 1025 3412 a
1047 3347 1166 3412 onnotis
1190 3346 1286 3414 etiam

116 3466 237 3534 eivibus
266 3466 407 3532 animum
434 3463 592 3534 tribuendi
613 3485 676 3532 non
699 3464 767 3531 sine
790 3482 905 3546 magno
928 3461 1068 3548 episeopi
1090 3461 1287 3529 incommodo

115 3583 285 3650 rsuooevit
321 3580 516 3648 Venerabilis
544 3601 618 3648 vero
646 3580 789 3667 pontifex
813 3613 854 3624 -
879 3577 954 3662 quia
981 3577 1048 3644 dies
1077 3579 1287 3665 expeditionis

116 3699 287 3784 instabant
311 3717 369 3766 nso
392 3703 516 3785 poterat
539 3718 578 3764 ex
598 3697 743 3779 induciis,
766 3693 879 3780 quibus
895 3693 1066 3781 culpabiles
1082 3693 1287 3762 conveniendi

115 3816 231 3898 forent,
254 3814 418 3899 legittimis
441 3815 488 3880 nti
511 3813 620 3881 diebus
636 3849 676 3860 -
695 3818 817 3879 tentam
841 3832 897 3878 sne
918 3810 1047 3878 lesionis
1071 3811 1219 3876 iniurium
1234 3829 1287 3874 us·

190 3979 211 4013 e.
230 3965 392 4012 reformerdtur
407 3967 429 4012 1.
506 3965 528 4011 b.
550 3978 575 4012 se
592 3965 649 4012 add.
666 3965 688 4012 1.
766 3977 785 4010 e.
806 3977 831 4010 ee
847 3977 890 4010 on.
907 3964 928 4010 2.
1006 3961 1030 4008 d.
1052 3964 1106 4022 post
1120 3983 1143 3992 —
1156 3959 1286 4018 Hnguutlne

116 4063 161 4093 οι.
178 4047 199 4092 2.
278 4060 299 4092 e.
319 4045 344 4092 ln
360 4063 403 4092 οι.
419 4046 441 4091 2.
519 4045 534 4091 l.
557 4047 606 4091 eret
621 4057 663 4104 per
677 4057 760 4091 nomen
776 4047 825 4090 eret
840 4043 904 4090 ruins
921 4044 943 4101 1,
959 4045 1008 4090 erat
1023 4054 1160 4101 praenomen
1175 4039 1248 4086 Ruina
1264 4041 1287 4086 1.

114 4139 138 4186 3.
159 4125 283 4186 previlegio
300 4127 322 4172 1.
400 4123 423 4171 lu
445 4123 507 4184 qnod
522 4141 565 4170 on.
582 4126 603 4172 1.

189 4231 215 4286 1,
244 4227 346 4286 Salusti
369 4227 486 4285 Catilina
502 4228 529 4283 1:
558 4227 641 4298 „vine
663 4227 784 4298 eorporis
805 4242 842 4284 en
864 4227 966 4284 virtute
990 4224 1073 4280 animi
1095 4239 1139 4278 res
1161 4222 1287 4278 militaris

113 4319 206 4390 magis
228 4316 421 4389 pressiores&
511 4317 536 4372 2.
561 4317 595 4373 V.
614 4315 756 4372 Adelberti
772 4317 786 4371 1
808 4314 929 4371 tabulam
955 4330 999 4384 ep.
1017 4313 1115 4370 Gudsn
1133 4312 1200 4370 Ood.
1219 4311 1284 4383 dipl

113 4409 128 4465 1
143 4409 292 4465 117-121.

162 4503 240 4557 Jurra'.
257 4507 400 4552 bibliothece
414 4506 453 4551 lll.
1035 4501 1072 4556 40
