3142 4848
338 288 365 336 e.
382 288 559 338 soumsrn
580 289 625 338 nr
647 289 750 337 nunni
772 287 959 338 sereremus
987 289 1008 335 1.
1025 289 1040 334 2
1229 271 1268 338 31

94 430 226 496 tremite
248 428 393 516 tendunt,
417 430 500 498 siout
520 429 701 518 predicetur
723 430 867 514 egregius
891 434 923 497 et
943 449 1000 497 vos
1015 427 1194 498 electionis¹
1210 430 1272 498 sle-
1291 437 1433 494 eto-‘105

93 549 209 628 gunter
224 549 410 612 attestatur:
428 547 470 613 Si
481 551 622 615 noverim
637 569 758 614 onmem
770 547 943 634 profetiam
959 561 987 614 et
1002 550 1108 613 orosio
1118 550 1270 628 rorterio,

92 665 124 726 εἰ
145 661 281 728 habeam
295 663 405 746 fidem,
429 666 476 730 ito
497 676 533 730 et
553 676 670 730 montes
693 663 893 748 transferam,
919 677 947 730 et
969 667 998 728 se'
1020 664 1181 730 tradidero
1201 685 1270 728 eor·

89 799 155 864 pres
178 801 284 844 metm
305 792 341 845 ut
362 781 502 860 ardeam,
527 783 689 848 raritatem
713 792 816 844 osteo
838 801 902 844 roo
925 779 1065 860 habeam,
1089 779 1172 844 nteit
1192 779 1273 844 miti

86 889 254 980 prodest².
288 893 332 960 Et
353 899 388 960 ut
410 894 514 961 brevis
537 895 712 962 sententias
732 889 891 961 clustello'
907 898 1020 960 eunots
1034 893 1270 978 concludantur,

90 1009 218 1076 trustra
241 1009 279 1076 de
302 1008 363 1076 fide
385 1010 539 1077 catholieo
561 1010 698 1077 inaniter
721 1009 885 1095 glorietur,
909 1010 962 1095 qui
986 1008 1102 1094 dogma
1124 1014 1156 1076 et
1177 1029 1270 1094 regu·

89 1123 162 1192 lum
185 1125 288 1192 suncti
309 1123 396 1192 Petri
418 1145 482 1192 nou
505 1131 652 1194 sectetur.
699 1125 950 1192 Fundamentum
981 1125 1099 1215 quippe
1122 1124 1271 1192 eeclesiae

90 1249 127 1308 et
150 1238 387 1308 firmamentum
410 1239 500 1326 tidei,
527 1241 748 1330 prinoipsliter
770 1242 804 1308 iu
826 1239 951 1308 Christo
975 1246 1008 1308 et
1030 1245 1213 1326 sequenter·
1236 1239 1270 1307 in

89 1355 192 1423 Petro
216 1355 412 1442 oollooetum,
435 1377 633 1444 nequaquem
654 1357 873 1444 ingruentibus
896 1361 1120 1444 tempestatum
1135 1355 1270 1423 turbini-

90 1473 157 1540 bus
180 1472 400 1540 nutabundum
423 1473 598 1560 vacillabit,
627 1475 673 1542 its
702 1473 847 1561 spostulo
869 1473 1106 1561 promulgante:
1136 1473 1269 1539 Foede

88 1603 236 1656 mestrem
257 1591 348 1656 ods'od
367 1613 458 1657 remo
476 1604 581 1678 potest
600 1613 718 1680 perere
734 1603 842 1678 preter
863 1593 915 1672 id,
947 1592 1033 1678 qood
1052 1592 1192 1677 positum
1214 1602 1269 1670 est,

91 1708 186 1794 quoe
208 1719 253 1772 ee
274 1706 362 1772 reses
385 1702 551 1774 eutem.
597 1705 691 1773 Petro
715 1712 821 1774 autem
849 1706 966 1774 veens
994 1706 1041 1772 m
1068 1689 1269 1792 petrosum

91 1820 250 1888 eeclesiae
273 1822 394 1888 sanxit:
423 1821 473 1889 To
495 1845 526 1889 es
548 1825 674 1906 Petrus,
699 1837 728 1891 et
750 1845 849 1911 supro
872 1823 953 1890 tore
972 1836 1098 1910 petram
1121 1822 1269 1907 stricato

92 1939 262 2006 encleticum
281 1933 411 2004 meem‘.

93 2150 131 2222 2.
164 2150 351 2218 Aldlelmss
374 2151 471 2218 atem
492 2151 782 2218 Metenesbeoieose's
806 2151 995 2239 Sipopytlsoe
1016 2151 1135 2232 scribit,
1159 2153 1269 2238 porti·

153 2269 253 2350 ficem
278 2271 478 2348 concessisse,
506 2281 542 2334 set
562 2268 717 2334 messarim
740 2269 896 2355 quaedam
918 2268 1102 2354 baptizetur.
1149 2267 1268 2348 Monet,

164 2396 276 2449 tractet
298 2384 417 2450 litteras
440 2381 593 2450 divinar.
1006 2380 1041 2464 (S
1057 2383 1111 2466 57,
1135 2379 1175 2448 W
1193 2383 1269 2464 156)

185 2515 420 2584 Dilectissimae
443 2521 538 2603 stqus
559 2517 776 2584 amantissime
793 2516 893 2584 sorori
909 2513 1035 2584 etmihi
1050 2516 1173 2582 sineere
1189 2515 1270 2583 osri-
1287 2521 1429 2578 675-‘105

92 2633 172 2700 tntis
188 2629 304 2699 affeetu
318 2633 516 2700 venerandos
530 2632 717 2700 Aldhelmue
732 2632 878 2720 supplex,
893 2631 1023 2716 indigno
1039 2630 1162 2698 sbbotis
1177 2649 1269 2698 voes-

93 2747 171 2816 solo
192 2747 337 2833 functus,
361 2747 394 2814 ‘m
416 2747 553 2816 Domino
576 2747 719 2816 salutem.

185 2862 364 2948 Gognoeost
384 2870 491 2932 uestra
514 2863 655 2949 almitas,
679 2865 718 2931 de
741 2863 898 2951 baptismo
922 2863 1038 2930 sororis
1060 2882 1112 2930 me
1134 2863 1268 2930 interro-

93 2999 186 3066 gasse
209 2979 402 3066 pontificem
449 2980 509 3061 Qui
529 2978 691 3048 lieentism
713 2979 816 3064 dedit,
844 2979 1002 3066 bsptizsri
1024 2978 1129 3046 illem·
1152 2979 1268 3046 euneti-
1376 2959 1378 2966 ¹

94 3096 283 3182 monialem,
312 3097 368 3165 sed
395 3102 503 3164 tamen
530 3096 613 3164 olsm
641 3101 674 3164 et
700 3095 843 3164 latenter.
891 3093 1000 3162 Saluto
1030 3102 1062 3161 te
1090 3094 1268 3180 diligenter,

95 3211 314 3299 oSigegyth,
344 3231 383 3279 ex
411 3213 524 3280 intimo
554 3212 657 3280 sordis
680 3211 838 3294 oubioulo;
873 3209 1016 3278 subnixis
1039 3210 1185 3298 preoibus
1214 3211 1269 3277 ob·

96 3349 240 3396 somnust
274 3333 312 3395 nt
346 3327 479 3396 sdsidus
511 3329 740 3416 seripturarum
774 3327 979 3395 meditatione
1012 3331 1151 3394 mentem
1180 3331 1269 3393 tusm

96 3463 250 3532 oosnpsre
273 3464 338 3512 non
360 3445 504 3530 desistes,
528 3449 682 3530 quatenus
704 3443 899 3532 psalmigrafi
915 3443 1105 3510 sententium
1120 3441 1268 3530 oonplsss

95 3560 244 3628 dioentis:
268 3561 311 3628 Io
334 3561 399 3648 lepe
421 3565 487 3628 eius
509 3563 710 3628 meditabitur
731 3563 783 3628 die
805 3585 843 3627 oe
864 3554 979 3628 roote⁸.
1014 3558 1057 3626 Et
1078 3559 1163 3626 idem
1183 3557 1269 3646 peul-

95 3677 188 3744 mists
217 3677 280 3743 hoo
307 3677 384 3742 item
414 3681 549 3744 teststur
581 3677 703 3744 disens:
741 3677 846 3761 Quom
878 3677 986 3743 dolos
1009 3677 1165 3762 faustos
1192 3679 1269 3742 mss

1 3795 2 3800 ’
96 3794 221 3882 eloquio
244 3787 319 3860 tres'
343 3797 375 3860 et
396 3792 528 3879 reliquo
620 3792 807 3860 Orstionum
828 3811 904 3860 sero
926 3811 1069 3860 messum
1092 3796 1128 3858 ut
1150 3812 1269 3858 memo-

94 3930 143 3976 res
166 3910 236 3976 sint
257 3929 368 3976 omues
391 3927 530 3993 sorores,
553 3929 611 3996 per
634 3907 795 3976 Christum
818 3907 1005 3996 suppliciter
1026 3907 1170 3990 obesors3
1194 3908 1270 3994 quio

95 4025 168 4093 dicit
191 4023 372 4112 spostolus:
401 4025 540 4092 Multum
566 4026 649 4094 salet
671 4028 848 4114 deprecatio
871 4027 949 4092 iusti
969 4017 1132 4092 emmae.
1179 4023 1268 4107 Vols,

163 4175 185 4207 ι,
206 4163 344 4220 uouentem
361 4159 389 4208 V.
466 4157 488 4206 b.
509 4177 539 4206 ex
556 4161 581 4209 V
588 4161 645 4208 sse.
670 4163 777 4208 meo:
792 4157 850 4206 ltsm
866 4157 970 4219 epistole.
1047 4170 1067 4205 o.
1087 4157 1151 4205 illurn
1169 4157 1195 4206 7.

162 4259 187 4312 1.
207 4255 237 4312 S.
250 4255 363 4310 Paulus.
449 4256 475 4310 t.
495 4253 644 4311 lOorinth.
658 4255 701 4325 13,
713 4256 739 4310 t.
752 4256 778 4310 3.
864 4255 890 4310 3.
909 4252 1059 4310 sorollsu’o.
1142 4251 1168 4307 4.
1189 4249 1268 4306 lco

95 4343 170 4400 riom
188 4346 275 4414 3,11.
380 4343 644 4414 domnolum.
744 4343 920 4412 s.1>s.1,s.
1020 4342 1045 4397 1.
1068 4339 1268 4410 Ps.118,108.

95 4432 273 4502 theom-t,
289 4433 331 4488 16.
