3148 4846
358 275 565 324 emmenum
585 276 665 324 vrrs
687 276 715 326 s.
730 275 907 326 normann
928 275 1005 326 oar.
1020 277 1043 324 v
1215 257 1281 328 dtl

116 409 350 502 mrstib'onis
371 415 604 486 multitudinem
619 417 737 505 pabulo
752 424 898 486 semmae
911 416 1280 505 manutenentes
1299 428 1352 486 tta

117 529 257 618 (lemque
279 532 487 600 desiderande
509 539 655 620 repente·
677 539 814 602 mentem
836 539 1027 621 spontaneus
1050 535 1154 621 operis
1171 554 1281 620 seque-

115 651 203 714 retur
224 646 351 718 effectus
375 656 407 718 et
425 651 535 718 votiva
546 651 794 738 praedistinutae
809 649 970 718 dootnuae
983 648 1049 734 lux,
1072 649 1198 718 domino
1213 649 1281 720 Deo

116 762 327 851 dispensante,
349 765 544 852 duresceret,
567 765 733 856 Garlique⁸
755 767 843 834 ducis
865 766 994 850 gloriosi
1015 785 1109 853 super
1129 763 1282 835 Fresoaas

114 879 297 948 roboratum
320 887 403 950 esset
423 883 608 970 imperium,
631 884 696 950 ium
718 882 832 951 bucina
853 881 996 950 cadesds
1018 881 1106 950 verbi
1126 882 1283 968 increpuit

116 1001 157 1080 tt
180 996 432 1082 praedicatorum
454 999 639 1067 adveniente
660 999 790 1086 superni
811 999 892 1066 roris
913 997 1093 1078 fertilitate,
1117 1017 1177 1064 vox
1199 999 1281 1065 into·

115 1111 185 1178 uuit
211 1111 288 1196 Dei,
324 1119 356 1182 et
381 1115 463 1182 ism·
490 1135 549 1202 per
570 1113 823 1198 willibrordum,
851 1115 956 1182 virum
983 1113 1210 1198 venerabilem,
1245 1131 1282 1182 aa

115 1233 334 1315 cooperatores
358 1231 425 1298 eius
447 1235 639 1318 propagatus
661 1237 711 1298 est
731 1249 844 1298 sermo.
891 1229 954 1297 Sed
975 1231 1051 1316 quia
1070 1229 1190 1298 messal
1213 1229 1282 1315 qui·

115 1343 187 1412 dem
213 1345 315 1412 multe
339 1347 500 1434 operarios
522 1348 626 1414 messe
646 1343 782 1433 paucoe¹
803 1351 972 1431 cerneret·,
1001 1351 1127 1414 sanctus
1149 1345 1200 1414 hio
1222 1343 1283 1412 Dei

114 1459 251 1527 bmulus
282 1468 465 1548 cooperator
494 1463 589 1530 etium
616 1463 718 1530 factus
746 1469 795 1530 est
823 1483 880 1550 per
909 1469 973 1530 tres
1000 1463 1155 1530 instanter
1184 1481 1282 1530 mos
1300 1471 1442 1528 'lle-lfa

114 1574 310 1644 willibrordi
332 1577 573 1666 archiepiscopi3
603 1579 800 1664 multumque
826 1579 860 1645 in
882 1577 1008 1646 Christo
1029 1576 1192 1662 laborans,
1218 1595 1283 1644 nou

113 1711 247 1780 parvum
275 1692 411 1761 Domino
439 1693 606 1782 populum,
635 1694 802 1762 desnuctis
830 1694 1031 1762 delubrorum
1057 1693 1140 1760 fenis
1168 1697 1203 1759 et
1227 1713 1282 1760 ex·

113 1809 241 1876 annone
264 1810 484 1878 aecclesiarum
507 1810 662 1895 oratoriis,
689 1810 831 1898 praefato
853 1798 1008 1898 pontificir
1030 1808 1204 1896 opitulante
1227 1807 1282 1876 ed·

114 1925 252 2012 quisirit

203 2040 283 2110 cun
308 2061 384 2108 vero
406 2061 547 2110 summus
570 2040 622 2109 hio
643 2046 809 2110 senuerat¹
829 2041 973 2129 pontifex
995 2040 1160 2110 etaetatis
1182 2040 1282 2128 pluri-

113 2157 174 2226 mis
197 2156 405 2241 gravabaturh
428 2157 529 2241 anuis,
553 2157 706 2243 decrerit,
729 2158 825 2226 otiam
848 2163 1034 2242 suggerente
1055 2156 1281 2244 discipulorum

114 2279 222 2358 coetu,
258 2278 294 2341 ut
321 2272 471 2341 solacimn
500 2273 582 2341 tanti
608 2274 786 2342 ministerii*
820 2294 896 2342 suae
923 2273 1101 2361 decrepitae
1128 2274 1282 2342 senensi

112 2389 314 2476 praevideret
335 2395 368 2457 et
388 2387 513 2456 fidelem
541 2389 580 2457 de
608 2409 707 2476 parve
735 2391 976 2474 congregatione
1002 2389 1105 2458 uirum
1135 2389 1281 2474 elegerat,

113 2506 169 2592 qui
189 2510 279 2572 tauto
302 2524 447 2592 praeesse
469 2506 623 2591 potuisset
637 2505 763 2593 populo.
798 2507 970 2592 Accitoque
985 2505 1043 2574 hoo
1056 2505 1136 2574 Deil
1150 2505 1280 2588 famulo,

113 2621 246 2690 salutari
268 2641 340 2689 eum
361 2621 568 2690 instructione
589 2622 768 2690 admonuit:
792 2630 828 2690 ut
850 2622 1038 2710 episcopalis
1061 2622 1178 2710 quippe
1199 2621 1282 2706 regi·

112 2738 209 2808 niuis
232 2738 405 2824 euedperet
426 2739 569 2822 gadum,
592 2738 634 2806 et¹
649 2738 690 2806 ad
705 2738 875 2823 regendum
890 2739 952 2806 Dei
966 2737 1117 2825 populum
1133 2737 1193 2804 sibi
1208 2735 1281 2804 sub·

113 2853 245 2922 vmiret
291 2852 351 2932 Qui
373 2854 478 2938 otiam,
501 2853 662 2922 humiliter
683 2859 814 2940 repente
835 2873 1003 2941 respuens,
1025 2853 1155 2920 minime
1177 2871 1212 2920 se
1234 2852 1282 2922 di-

112 2988 212 3054 gnum
234 2989 303 3037 esse
324 2971 524 3057 episcopatus
546 2969 647 3054 mado
665 2969 835 3052 referebet3
860 2974 901 3054 et,
923 2969 1040 3038 nasibi
1055 2974 1163 3038 tautae
1179 2968 1282 3052 digni

112 3085 191 3154 tutis
211 3086 374 3171 fatigium
396 3085 624 3154 adolesoentiae
646 3085 748 3154 adhue
762 3085 798 3153 in
813 3087 904 3154 annis
920 3087 1089 3154 constituto
1103 3085 1280 3173 inponeret,

113 3200 300 3288 deprecatus
323 3208 385 3284 est;
410 3207 451 3288 et,
475 3203 625 3288 quoniam
647 3202 898 3288 quinquagesimi
918 3203 994 3270 anni
1007 3203 1098 3270 iuxta
1113 3201 1281 3270 canonicae

111 3317 311 3388 rectitudinis
333 3338 477 3386 normam
500 3317 634 3386 necdum
661 3317 755 3406 plene
781 3319 936 3406 reciperet
963 3323 1117 3404 aetatam
1147 3323 1281 3386 tmtntu

113 3439 177 3516 est;
206 3439 242 3500 ut
271 3435 357 3502 omni
386 3455 420 3502 se
448 3435 574 3522 penitus
602 3433 812 3503 excusationis
840 3435 1099 3519 tergiversatione
1126 3435 1166 3502 ab
1187 3433 1280 3504 buius

112 3549 255 3635 gradvs¹¹¹
282 3549 466 3620 celsitudine
499 3549 679 3618 declinaret
724 3548 907 3620 Praedictue
940 3552 1047 3638 itaque
1079 3555 1146 3620 taur
1177 3551 1281 3617 sancti

111 3666 293 3752 praeconii·
315 3667 458 3754 pontifex
479 3665 612 3754 placidis
633 3665 723 3732 illum
745 3665 849 3734 verbis
871 3668 1056 3756 increpavit,
1083 3671 1116 3735 et
1137 3665 1281 3751 diligenti

112 3801 187 3852 sum
208 3801 285 3852 cura
306 3782 347 3850 ed
368 3783 461 3852 huius
483 3783 637 3870 propositi
658 3783 792 3867 gradum
813 3783 992 3870 instigavit,
1015 3783 1186 3872 populique
1207 3782 1280 3850 sub·

186 4035 208 4070 a.
228 4024 322 4084 repente
337 4024 363 4072 F.
455 4022 478 4070 b.
499 4040 556 4070 sorr.
572 4025 595 4072 te
611 4021 730 4082 tuosque
745 4025 778 4081 A;
800 4022 917 4084 Garolique
933 4025 961 4070 Β.
1054 4035 1074 4070 a
1095 4021 1237 4070 etiamen.
1253 4025 1279 4070 F.

113 4101 137 4152 d
157 4107 378 4162 maurannetus
393 4103 423 4160 A,
439 4105 467 4151 B.
544 4117 565 4150 e.
585 4102 692 4150 mmebat
707 4106 735 4151 A.
812 4102 829 4149 i
849 4103 957 4164 pontifice
972 4106 1000 4151 A.
1077 4115 1099 4160 g.
1121 4101 1235 4151 annuat
1249 4104 1278 4160 A,

112 4185 221 4232 mouet
235 4185 263 4232 B.
345 4182 368 4230 b.
389 4185 520 4244 mutuetur
533 4185 563 4230 A.
643 4184 659 4230 i.
680 4182 792 4232 ministeri
807 4187 833 4242 F,
853 4182 974 4230 ministerii
988 4184 1022 4240 A,
1036 4183 1065 4230 B.
1146 4181 1169 4230 lu
1190 4179 1281 4230 uuor

110 4280 155 4324 pro
170 4263 215 4312 hoe
231 4261 280 4320 dei;
296 4262 340 4311 hoe
355 4263 380 4311 di
394 4267 429 4321 A,
443 4262 497 4310 huic
512 4262 550 4312 dal
565 4265 593 4311 B.
653 4261 670 4310 l.
691 4281 734 4313 ou.
752 4266 776 4311 F.
837 4275 868 4310 m.
889 4263 960 4322 gradu
976 4265 1002 4310 F.
1063 4274 1087 4308 n.
1106 4260 1175 4324 paoni
1189 4264 1215 4310 F.

186 4379 212 4434 1.
235 4376 331 4434 meu
344 4377 426 4450 aar.
