3142 4848
293 317 320 366 s.
337 317 514 366 normann
534 319 580 367 nr
601 319 704 368 uunnr
725 318 913 368 urrerem
940 318 977 367 ro.
990 319 1018 366 ιι
1199 303 1240 370 61

94 456 175 543 septis
199 455 385 525 demonibus
413 463 446 525 et
471 458 545 544 igne
571 457 754 544 flagrante·‚
782 458 917 542 rideret,
953 479 1049 543 quam
1077 461 1242 547 proprium
1261 466 1402 523 ult-718

91 590 196 658 eorpus.
240 571 285 638 Et
305 572 421 640 fratres
444 574 511 640 eius
534 593 718 658 oonsermn,
748 595 825 660 quos
848 575 981 642 intuitus
1004 580 1053 642 est
1076 577 1241 660 exsequias

90 686 213 772 eorporis
239 688 290 754 sui
316 687 487 756 elementer
517 688 679 772 exhibere,
714 689 785 756 ideo
813 689 1008 776 perhorruit,
1046 691 1121 776 quia
1146 691 1243 758 invisi

89 802 212 887 eorporis
235 821 344 870 euram
359 811 500 888 egerunt.
584 804 690 871 Iussus
710 810 817 872 tamen
833 805 872 872 ab
888 804 1019 889 augelis,
1042 806 1145 892 primo
1162 806 1244 873 dilu-

89 915 146 982 aulo
165 916 248 984 redit
271 919 311 986 ad
334 939 458 1006 eorpus.
500 918 560 998 Qui
582 920 685 1006 primo
708 919 868 1003 gallicinio
891 919 1017 987 exiebat
1039 920 1078 988 de
1101 939 1241 1008 eorpore.

89 1029 222 1098 Redivivo
250 1033 374 1102 alutemb
395 1033 429 1100 in
451 1053 583 1121 oorpore
604 1033 700 1121 plena
721 1036 900 1122 septimana
921 1035 1000 1102 nihil
1023 1035 1150 1102 omnino
1174 1055 1243 1102 oor·

87 1147 232 1232 poralibus
255 1149 354 1216 oeulis
377 1149 484 1217 ridere
506 1150 620 1238 potuit,
643 1150 699 1218 sed
714 1150 806 1235 oouli,
831 1151 962 1218 resiois⁸
977 1151 1075 1239 pleni,
1097 1151 1243 1237 frequen·

88 1267 127 1328 tor
146 1263 298 1347 sanguine
321 1264 529 1332 stillaverunt

159 1377 202 1445 nt
224 1383 337 1464 postes
358 1379 397 1446 de
412 1379 595 1466 presbytero
610 1379 763 1462 relegioso
779 1384 811 1446 et
825 1380 999 1466 peooatrioe
1013 1379 1145 1447 muliere
1161 1380 1244 1448 siout

86 1491 162 1560 siah
184 1493 307 1577 angelis
329 1495 565 1562 manifestabam
591 1499 655 1579 est,
682 1496 745 1578 ita,
774 1494 838 1561 illis
867 1493 1101 1581 profitentibus,
1132 1516 1241 1563 verum

86 1627 142 1674 mse
167 1609 326 1695 probavit
417 1609 617 1696 Subsequens
653 1615 759 1677 autem
793 1614 825 1676 et
853 1609 934 1676 oitus
965 1609 1110 1677 seelerati
1139 1607 1242 1695 regis'

85 1725 184 1808 exitus
207 1725 345 1811 quaeda
360 1724 414 1791 illo
429 1725 500 1792 visa
513 1725 642 1792 fuerunt
657 1744 733 1792 vera
747 1745 827 1809 esse,
850 1725 960 1812 prooul
976 1725 1069 1792 dubio
1085 1726 1240 1812 probarit.

157 1838 262 1906 Multa
284 1840 348 1906 alia
370 1840 473 1907 ethis
496 1841 615 1907 similia
635 1841 791 1909 referebat
814 1839 874 1908 sibi
890 1847 1017 1908 ostensa
1030 1841 1137 1925 fuisse,
1162 1860 1243 1926 quaa

83 1953 115 2019 de
133 1957 288 2022 memoria
308 1954 463 2022 labefacta
477 1976 536 2042 per
551 1956 695 2023 ordinem
708 1956 866 2023 reeordari
882 1955 1062 2024 nullatenus
1077 1957 1241 2043 potuisset

81 2066 117 2134 bl
135 2069 277 2156 ditabat,
306 2091 341 2138 se
368 2075 441 2158 post
467 2072 545 2138 istas
573 2070 734 2140 mirabiles
763 2071 901 2138 visiones
923 2076 990 2138 tam
1012 2077 1155 2140 tenacem
1176 2093 1243 2140 me-

82 2185 189 2252 moriae
211 2205 279 2253 non
301 2185 410 2270 fuisse,
433 2191 469 2252 ut
491 2191 564 2253 ante
586 2186 700 2254 iuerat

157 2299 250 2368 Haeo
280 2300 406 2368 autam‘
427 2306 459 2367 te
486 2299 653 2385 diligenter
680 2299 842 2385 flagitante
865 2301 993 2387 scripsi,
1022 2312 1118 2388 quae·
1140 2303 1243 2372 tribus

79 2434 192 2482 meeum
222 2416 387 2501 relegionis
416 2421 448 2483 et
474 2415 567 2483 valde
589 2417 821 2484 venerabilibus
846 2417 997 2483 iratribus
1020 2418 1054 2484 iu
1078 2437 1243 2486 commuue

79 2531 273 2600 audientibus
296 2531 457 2618 exposuit3
481 2530 536 2616 qui
557 2532 636 2598 mihi
651 2533 686 2599 iu
700 2531 759 2599 hoo
774 2531 892 2618 soripto
908 2531 1152 2620 adstipulatores
1167 2532 1244 2602 fide·

78 2643 117 2712 len
136 2651 238 2714 ustos
262 2667 331 2714 esse
354 2645 567 2713 dinoscuntur.

156 2761 257 2844 Vale;
279 2781 372 2830 verae
393 2761 483 2845 uirgo
505 2761 590 2828 vitae
612 2767 650 2828 ut
671 2767 703 2828 et
725 2762 814 2828 vivas
838 2761 1007 2846 angelieas,

155 2883 248 2946 reato
271 2877 332 2944 rite
355 2881 387 2946 et
407 2897 535 2944 rumore
556 2897 669 2961 regnes
692 2897 818 2964 semper
840 2877 874 2944 in
898 2877 1024 2945 aethere

155 2991 348 3062 Obristum‘.

80 3174 132 3248 ll.
153 3180 284 3247 Daniel
298 3183 463 3268 episeopus
485 3180 695 3248 Viennenses
720 3178 932 3266 Wynfritham
941 3180 1161 3268 presbyteram
1177 3203 1242 3246 oon-

154 3298 255 3362 ae'bus
278 3298 500 3362 emmenum.
996 3291 1032 3374 (S
1048 3295 1101 3379 33,
1124 3293 1193 3362 WG
1212 3295 1242 3377 1)

154 3427 319 3496 Piissimis
343 3448 380 3496 ao
401 3427 653 3498 clementissimis
675 3426 818 3511 regibus,
846 3426 977 3494 ducibus
999 3427 1172 3512 universis,
1194 3448 1244 3496 re·
1262 3435 1316 3492 718

76 3542 304 3612 remotissimis
333 3549 365 3610 et
393 3543 605 3611 dileetissimis
628 3543 802 3630 episeopis,
832 3541 994 3625 relegionis
1023 3561 1082 3608 neo
1102 3562 1166 3610 non
1189 3542 1244 3610 ab·

75 3655 209 3744 batibus,
242 3658 444 3746 presbiteris,
475 3663 506 3725 at
532 3657 728 3745 spiritalibus
755 3655 829 3724 filiis
853 3656 970 3725 Christi
992 3657 1119 3726 nomine
1142 3657 1244 3724 oonsi-

74 3778 170 3857 malis
193 3768 356 3843 Daniel'¹¹
375 3771 437 3842 Dei
458 3773 649 3842 famulorum
670 3771 817 3840 famulus.

136 3939 158 3972 ι
178 3925 298 3984 nummu
316 3925 344 3970 V.
420 3922 444 3970 b.
463 3921 524 3971 rr.
601 3937 621 3972 e.
640 3923 857 3978 initiamenta
874 3922 1034 3970 brodelee.
1107 3921 1130 3968 d.
1145 3925 1245 3985 aequarer

74 4015 124 4062 que
139 4007 223 4054 1107.
295 4017 316 4049 ο.
336 4001 398 4064 quod
414 4005 453 4057 n,
471 4006 633 4064 aeneaque
651 4005 679 4052 7.
740 4001 756 4048 1
777 3999 830 4060 xp'rr‘n
847 4002 925 4049 1107.
987 4013 1008 4059 g.
1028 4017 1058 4047 es
1074 4003 1103 4048 11
1117 4001 1244 4058 dle-68,

76 4084 106 4131 Cn
119 4085 255 4140 ele-52,
272 4083 306 4132 Ch
320 4081 474 4140 los-1080,
493 4085 517 4129 V
527 4083 655 4130 leo-no.
682 4085 736 4130 Cum
753 4081 787 4128 lu
803 4081 957 4128 lemmatibus:
972 4079 1076 4140 Epistola
1087 4079 1189 4128 Danielis
1204 4083 1244 4137 n,-

73 4161 168 4222 bpisiola
181 4162 292 4211 Danielis
307 4161 419 4222 episcopi,
435 4163 513 4208 sonmo
529 4161 643 4210 Boulisiio
656 4161 680 4208 iu
693 4161 798 4207 omnibus
810 4161 886 4206 musis
898 4159 1064 4207 oboediendum
1077 4161 1125 4216 Ca,·
1142 4159 1245 4219 Epistola

75 4239 167 4292 dimitiis
183 4243 308 4304 episeopis
323 4240 420 4288 duribus
435 4241 523 4288 diretta
539 4242 586 4300 σὸς
601 4241 659 4288 Item
674 4239 772 4300 epistola
786 4239 893 4286 Danihell
910 4241 938 4287 7.
1015 4239 1038 4288 h.
1054 4237 1152 4286 Danihel
1168 4241 1203 4286 Μ.

136 4351 162 4404 1.
187 4345 328 4404 Goolrodi.
418 4345 444 4400 2.
468 4360 512 4417 ep.
530 4344 724 4406 vintoniensis,
740 4344 894 4399 roo-rto.
925 4341 1060 4398 Chronica
1081 4341 1117 4396 de
1134 4341 1245 4400 hlaibos

77 4434 235 4506 (ldiubnrgi
256 4434 326 4490 1835
343 4448 371 4504 p.
383 4433 412 4502 4)
431 4433 498 4490 746:
520 4432 610 4506 „ohne
626 4432 724 4489 Daniel
742 4432 888 4502 episeopus
904 4429 1116 4487 Winoestriae“.
