<?xml version="1.0" encoding="UTF-8"?>
<!DOCTYPE html PUBLIC "-//W3C//DTD XHTML 1.0 Transitional//EN"
    "http://www.w3.org/TR/xhtml1/DTD/xhtml1-transitional.dtd">
<html xmlns="http://www.w3.org/1999/xhtml" xml:lang="en" lang="en">
 <head>
  <title>
</title>
<meta http-equiv="Content-Type" content="text/html;charset=utf-8" />
  <meta name='ocr-system' content='tesseract 3.04.00' />
  <meta name='ocr-capabilities' content='ocr_page ocr_carea ocr_par ocr_line ocrx_word'/>
</head>
<body>
  <div class='ocr_page' id='page_1' title='image "./bibliothecareru03jaffgoog_0067.png"; bbox 0 0 3142 4848; ppageno 0'>
   <div class='ocr_carea' id='block_1_1' title="bbox 346 297 1267 362">
    <p class='ocr_par' dir='ltr' id='par_1_1' title="bbox 346 297 1267 362">
     <span class='ocr_line' id='line_1_1' title="bbox 346 297 1267 362; baseline 0.004 -4"><span class='ocrx_word' id='word_1_1' title='bbox 346 309 372 358; x_wconf 87' lang='lat' dir='ltr'>s.</span> <span class='ocrx_word' id='word_1_2' title='bbox 389 309 566 360; x_wconf 77' lang='lat' dir='ltr'>noumnuu</span> <span class='ocrx_word' id='word_1_3' title='bbox 586 313 631 360; x_wconf 85' lang='lat' dir='ltr'>nr</span> <span class='ocrx_word' id='word_1_4' title='bbox 652 313 755 360; x_wconf 82' lang='lat' dir='ltr'>uuum</span> <span class='ocrx_word' id='word_1_5' title='bbox 775 312 961 362; x_wconf 78' lang='lat' dir='ltr'>rrrsuonnu</span> <span class='ocrx_word' id='word_1_6' title='bbox 982 311 1028 360; x_wconf 84' lang='lat' dir='ltr'>eu</span> <span class='ocrx_word' id='word_1_7' title='bbox 1224 297 1267 362; x_wconf 78' lang='lat'>47</span> 
     </span>
    </p>
   </div>
   <div class='ocr_carea' id='block_1_2' title="bbox 1 448 1169 3908">
    <p class='ocr_par' dir='ltr' id='par_1_2' title="bbox 1 448 1119 654">
     <span class='ocr_line' id='line_1_2' title="bbox 1 448 1063 538; baseline 0.002 -20"><span class='ocrx_word' id='word_1_8' title='bbox 1 455 2 518; x_wconf 85' lang='lat' dir='ltr'>l</span> <span class='ocrx_word' id='word_1_9' title='bbox 97 448 251 516; x_wconf 83' lang='lat' dir='ltr'>salutatus</span> <span class='ocrx_word' id='word_1_10' title='bbox 273 450 480 537; x_wconf 80' lang='lat' dir='ltr'>supplicibus,</span> <span class='ocrx_word' id='word_1_11' title='bbox 569 453 807 538; x_wconf 84' lang='lat' dir='ltr'>Aetbilwalde·‚</span> <span class='ocrx_word' id='word_1_12' title='bbox 831 475 903 522; x_wconf 88' lang='lat' dir='ltr'>cum</span> <span class='ocrx_word' id='word_1_13' title='bbox 925 454 1063 521; x_wconf 87' lang='lat' dir='ltr'>vocibus.</span> 
     </span>
     <span class='ocr_line' id='line_1_3' title="bbox 184 565 1119 654; baseline 0.003 -22"><span class='ocrx_word' id='word_1_14' title='bbox 184 565 263 634; x_wconf 85' lang='lat' dir='ltr'>Tete</span> <span class='ocrx_word' id='word_1_15' title='bbox 284 566 389 634; x_wconf 89' lang='lat' dir='ltr'>Herus</span> <span class='ocrx_word' id='word_1_16' title='bbox 410 568 445 634; x_wconf 89' lang='lat' dir='ltr'>in</span> <span class='ocrx_word' id='word_1_17' title='bbox 468 569 613 636; x_wconf 90' lang='lat' dir='ltr'>omuibus</span> <span class='ocrx_word' id='word_1_18' title='bbox 703 569 823 636; x_wconf 90' lang='lat' dir='ltr'>clarum</span> <span class='ocrx_word' id='word_1_19' title='bbox 846 570 965 637; x_wconf 86' lang='lat' dir='ltr'>crearit</span> <span class='ocrx_word' id='word_1_20' title='bbox 988 570 1119 654; x_wconf 86' lang='lat' dir='ltr'>actibus,</span> 
     </span>
    </p>

    <p class='ocr_par' dir='ltr' id='par_1_3' title="bbox 94 682 1002 766">
     <span class='ocr_line' id='line_1_4' title="bbox 94 682 1002 766; baseline 0.007 -20"><span class='ocrx_word' id='word_1_21' title='bbox 94 682 197 748; x_wconf 84' lang='lat' dir='ltr'>forma</span> <span class='ocrx_word' id='word_1_22' title='bbox 220 687 253 748; x_wconf 91' lang='lat' dir='ltr'>et</span> <span class='ocrx_word' id='word_1_23' title='bbox 275 683 346 750; x_wconf 88' lang='lat' dir='ltr'>visu</span> <span class='ocrx_word' id='word_1_24' title='bbox 368 683 503 766; x_wconf 88' lang='lat' dir='ltr'>virilem,</span> <span class='ocrx_word' id='word_1_25' title='bbox 593 686 676 752; x_wconf 86' lang='lat' dir='ltr'>iacto</span> <span class='ocrx_word' id='word_1_26' title='bbox 699 691 732 753; x_wconf 93' lang='lat' dir='ltr'>et</span> <span class='ocrx_word' id='word_1_27' title='bbox 754 687 837 752; x_wconf 88' lang='lat' dir='ltr'>dieto</span> <span class='ocrx_word' id='word_1_28' title='bbox 862 687 1002 754; x_wconf 79' lang='lat' dir='ltr'><strong>senilem.</strong></span> 
     </span>
    </p>

    <p class='ocr_par' dir='ltr' id='par_1_4' title="bbox 1 797 1169 1004">
     <span class='ocr_line' id='line_1_5' title="bbox 1 797 1169 894; baseline 0.004 -31"><span class='ocrx_word' id='word_1_29' title='bbox 1 863 2 894; x_wconf 11' lang='lat' dir='ltr'>p</span> <span class='ocrx_word' id='word_1_30' title='bbox 95 797 197 864; x_wconf 90' lang='lat' dir='ltr'>Tuam</span> <span class='ocrx_word' id='word_1_31' title='bbox 218 799 379 884; x_wconf 70' lang='lat' dir='ltr'>primaml</span> <span class='ocrx_word' id='word_1_32' title='bbox 401 801 609 888; x_wconf 79' lang='lat' dir='ltr'><strong>propaginem</strong></span> <span class='ocrx_word' id='word_1_33' title='bbox 698 822 755 889; x_wconf 92' lang='lat' dir='ltr'>per</span> <span class='ocrx_word' id='word_1_34' title='bbox 778 802 967 887; x_wconf 80' lang='lat' dir='ltr'>profundam</span> <span class='ocrx_word' id='word_1_35' title='bbox 989 802 1169 886; x_wconf 80' lang='lat' dir='ltr'>indaginem</span> 
     </span>
     <span class='ocr_line' id='line_1_6' title="bbox 94 915 888 1004; baseline 0.005 -24"><span class='ocrx_word' id='word_1_36' title='bbox 94 915 220 997; x_wconf 73' lang='lat' dir='ltr'>curiose</span> <span class='ocrx_word' id='word_1_37' title='bbox 243 916 387 981; x_wconf 75' lang='lat' dir='ltr'>conicere</span> <span class='ocrx_word' id='word_1_38' title='bbox 476 917 591 982; x_wconf 88' lang='lat' dir='ltr'>mentis</span> <span class='ocrx_word' id='word_1_39' title='bbox 615 923 709 1002; x_wconf 89' lang='lat' dir='ltr'>atque</span> <span class='ocrx_word' id='word_1_40' title='bbox 731 917 888 1004; x_wconf 88' lang='lat' dir='ltr'>inspicere</span> 
     </span>
    </p>

    <p class='ocr_par' dir='ltr' id='par_1_5' title="bbox 1 1030 1109 1235">
     <span class='ocr_line' id='line_1_7' title="bbox 1 1030 1047 1100; baseline 0.003 -5"><span class='ocrx_word' id='word_1_41' title='bbox 1 1039 2 1046; x_wconf 77' lang='grc'>’</span> <span class='ocrx_word' id='word_1_42' title='bbox 94 1030 201 1096; x_wconf 92' lang='lat' dir='ltr'>nullus</span> <span class='ocrx_word' id='word_1_43' title='bbox 223 1030 311 1097; x_wconf 82' lang='lat' dir='ltr'>valet</span> <span class='ocrx_word' id='word_1_44' title='bbox 331 1030 509 1100; x_wconf 89' lang='lat' dir='ltr'>volucribus</span> <span class='ocrx_word' id='word_1_45' title='bbox 601 1033 716 1099; x_wconf 92' lang='lat' dir='ltr'>summi</span> <span class='ocrx_word' id='word_1_46' title='bbox 738 1033 799 1100; x_wconf 86' lang='lat' dir='ltr'>celi</span> <span class='ocrx_word' id='word_1_47' title='bbox 820 1034 879 1100; x_wconf 94' lang='lat' dir='ltr'>sub</span> <span class='ocrx_word' id='word_1_48' title='bbox 901 1032 1047 1100; x_wconf 91' lang='lat' dir='ltr'>nubibus.</span> 
     </span>
     <span class='ocr_line' id='line_1_8' title="bbox 95 1146 1109 1235; baseline 0.003 -24"><span class='ocrx_word' id='word_1_49' title='bbox 95 1146 232 1230; x_wconf 82' lang='lat' dir='ltr'>Tamen,</span> <span class='ocrx_word' id='word_1_50' title='bbox 257 1146 414 1231; x_wconf 85' lang='lat' dir='ltr'>adgressi,</span> <span class='ocrx_word' id='word_1_51' title='bbox 438 1149 560 1231; x_wconf 84' lang='lat' dir='ltr'>gaudiis</span> <span class='ocrx_word' id='word_1_52' title='bbox 650 1147 809 1234; x_wconf 90' lang='lat' dir='ltr'>loquimur</span> <span class='ocrx_word' id='word_1_53' title='bbox 831 1168 944 1235; x_wconf 88' lang='lat' dir='ltr'>perum</span> <span class='ocrx_word' id='word_1_54' title='bbox 967 1148 1109 1234; x_wconf 85' lang='lat' dir='ltr'>trepidis.</span> 
     </span>
    </p>

    <p class='ocr_par' dir='ltr' id='par_1_6' title="bbox 183 1261 1028 1347">
     <span class='ocr_line' id='line_1_9' title="bbox 183 1261 1028 1347; baseline 0.004 -20"><span class='ocrx_word' id='word_1_55' title='bbox 183 1261 317 1328; x_wconf 89' lang='lat' dir='ltr'>Summo</span> <span class='ocrx_word' id='word_1_56' title='bbox 341 1261 452 1330; x_wconf 89' lang='lat' dir='ltr'>Satura</span> <span class='ocrx_word' id='word_1_57' title='bbox 475 1263 591 1331; x_wconf 90' lang='lat' dir='ltr'>sobolis</span> <span class='ocrx_word' id='word_1_58' title='bbox 681 1270 768 1332; x_wconf 90' lang='lat' dir='ltr'>satus</span> <span class='ocrx_word' id='word_1_59' title='bbox 791 1265 879 1331; x_wconf 90' lang='lat' dir='ltr'>fuisti</span> <span class='ocrx_word' id='word_1_60' title='bbox 901 1264 1028 1347; x_wconf 84' lang='lat' dir='ltr'>nobilis,</span> 
     </span>
    </p>

    <p class='ocr_par' dir='ltr' id='par_1_7' title="bbox 94 1380 909 1467">
     <span class='ocr_line' id='line_1_10' title="bbox 94 1380 909 1467; baseline 0.002 -23"><span class='ocrx_word' id='word_1_61' title='bbox 94 1397 250 1460; x_wconf 84' lang='lat' dir='ltr'>generosa</span> <span class='ocrx_word' id='word_1_62' title='bbox 270 1380 455 1464; x_wconf 88' lang='lat' dir='ltr'>progenitus</span> <span class='ocrx_word' id='word_1_63' title='bbox 545 1381 719 1466; x_wconf 79' lang='lat' dir='ltr'>genetrice,</span> <span class='ocrx_word' id='word_1_64' title='bbox 743 1381 909 1467; x_wconf 84' lang='lat' dir='ltr'>expeditus</span> 
     </span>
    </p>

    <p class='ocr_par' dir='ltr' id='par_1_8' title="bbox 1 1494 992 1580">
     <span class='ocr_line' id='line_1_11' title="bbox 1 1494 992 1580; baseline 0.001 -20"><span class='ocrx_word' id='word_1_65' title='bbox 1 1575 2 1580; x_wconf 5' lang='grc' dir='ltr'>ἵ</span> <span class='ocrx_word' id='word_1_66' title='bbox 97 1499 235 1578; x_wconf 83' lang='lat' dir='ltr'>statura,</span> <span class='ocrx_word' id='word_1_67' title='bbox 260 1494 352 1562; x_wconf 84' lang='lat' dir='ltr'>vnlde</span> <span class='ocrx_word' id='word_1_68' title='bbox 375 1495 514 1562; x_wconf 78' lang='lat' dir='ltr'>stabilis⁸</span> <span class='ocrx_word' id='word_1_69' title='bbox 604 1501 689 1564; x_wconf 92' lang='lat' dir='ltr'>statu</span> <span class='ocrx_word' id='word_1_70' title='bbox 711 1502 744 1564; x_wconf 92' lang='lat' dir='ltr'>et</span> <span class='ocrx_word' id='word_1_71' title='bbox 764 1498 867 1564; x_wconf 86' lang='lat' dir='ltr'>forma</span> <span class='ocrx_word' id='word_1_72' title='bbox 890 1495 992 1580; x_wconf 83' lang='lat' dir='ltr'>egilis.</span> 
     </span>
    </p>

    <p class='ocr_par' dir='ltr' id='par_1_9' title="bbox 1 1609 1073 1814">
     <span class='ocr_line' id='line_1_12' title="bbox 1 1609 1073 1698; baseline -0.001 -22"><span class='ocrx_word' id='word_1_73' title='bbox 1 1665 2 1668; x_wconf 14' lang='grc' dir='ltr'>η</span> <span class='ocrx_word' id='word_1_74' title='bbox 96 1609 207 1698; x_wconf 85' lang='lat' dir='ltr'>Gapud</span> <span class='ocrx_word' id='word_1_75' title='bbox 229 1611 421 1678; x_wconf 88' lang='lat' dir='ltr'>candescens</span> <span class='ocrx_word' id='word_1_76' title='bbox 444 1611 583 1678; x_wconf 88' lang='lat' dir='ltr'>crinibus</span> <span class='ocrx_word' id='word_1_77' title='bbox 673 1612 803 1696; x_wconf 87' lang='lat' dir='ltr'>cingunt</span> <span class='ocrx_word' id='word_1_78' title='bbox 825 1611 932 1698; x_wconf 89' lang='lat' dir='ltr'>capilli</span> <span class='ocrx_word' id='word_1_79' title='bbox 953 1611 1073 1676; x_wconf 90' lang='lat' dir='ltr'>nitidis.</span> 
     </span>
     <span class='ocr_line' id='line_1_13' title="bbox 96 1725 1043 1814; baseline 0.001 -22"><span class='ocrx_word' id='word_1_80' title='bbox 96 1725 218 1794; x_wconf 88' lang='lat' dir='ltr'>Lucent</span> <span class='ocrx_word' id='word_1_81' title='bbox 239 1726 300 1793; x_wconf 90' lang='lat' dir='ltr'>sub</span> <span class='ocrx_word' id='word_1_82' title='bbox 321 1728 425 1795; x_wconf 85' lang='lat' dir='ltr'>fronte</span> <span class='ocrx_word' id='word_1_83' title='bbox 446 1727 577 1813; x_wconf 84' lang='lat' dir='ltr'>lumina,</span> <span class='ocrx_word' id='word_1_84' title='bbox 666 1727 724 1794; x_wconf 85' lang='lat' dir='ltr'>lati</span> <span class='ocrx_word' id='word_1_85' title='bbox 747 1748 804 1794; x_wconf 90' lang='lat' dir='ltr'>ceu</span> <span class='ocrx_word' id='word_1_86' title='bbox 825 1747 883 1814; x_wconf 91' lang='lat' dir='ltr'>per</span> <span class='ocrx_word' id='word_1_87' title='bbox 905 1726 1043 1794; x_wconf 88' lang='lat' dir='ltr'>culmina</span> 
     </span>
    </p>

    <p class='ocr_par' dir='ltr' id='par_1_10' title="bbox 1 1843 1128 2163">
     <span class='ocr_line' id='line_1_14' title="bbox 1 1843 972 1928; baseline -0.001 -18"><span class='ocrx_word' id='word_1_88' title='bbox 1 1915 2 1918; x_wconf 50' lang='lat'>,</span> <span class='ocrx_word' id='word_1_89' title='bbox 97 1843 174 1910; x_wconf 85' lang='lat' dir='ltr'>caeli</span> <span class='ocrx_word' id='word_1_90' title='bbox 195 1843 391 1911; x_wconf 87' lang='lat' dir='ltr'>candescunt</span> <span class='ocrx_word' id='word_1_91' title='bbox 412 1843 515 1910; x_wconf 84' lang='lat' dir='ltr'>aalide</span> <span class='ocrx_word' id='word_1_92' title='bbox 603 1843 682 1910; x_wconf 88' lang='lat' dir='ltr'>clari</span> <span class='ocrx_word' id='word_1_93' title='bbox 703 1843 834 1928; x_wconf 89' lang='lat' dir='ltr'>fulgoris</span> <span class='ocrx_word' id='word_1_94' title='bbox 859 1843 972 1910; x_wconf 85' lang='lat' dir='ltr'>sidera</span> 
     </span>
     <span class='ocr_line' id='line_1_15' title="bbox 98 1957 1128 2044; baseline -0.002 -18"><span class='ocrx_word' id='word_1_95' title='bbox 98 1957 202 2026; x_wconf 86' lang='lat' dir='ltr'>Gerae</span> <span class='ocrx_word' id='word_1_96' title='bbox 223 1958 377 2043; x_wconf 78' lang='lat' dir='ltr'>gemellae</span> <span class='ocrx_word' id='word_1_97' title='bbox 399 1959 531 2026; x_wconf 90' lang='lat' dir='ltr'>collibus</span> <span class='ocrx_word' id='word_1_98' title='bbox 621 1959 835 2044; x_wconf 84' lang='lat' dir='ltr'>glomerentur</span> <span class='ocrx_word' id='word_1_99' title='bbox 856 1979 929 2026; x_wconf 90' lang='lat' dir='ltr'>cum</span> <span class='ocrx_word' id='word_1_100' title='bbox 951 1957 1128 2041; x_wconf 69' lang='lat' dir='ltr'>mollibus⁶‚</span> 
     </span>
     <span class='ocr_line' id='line_1_16' title="bbox 97 2075 974 2163; baseline -0.002 -21"><span class='ocrx_word' id='word_1_101' title='bbox 97 2076 325 2163; x_wconf 87' lang='lat' dir='ltr'>pedetemptim</span> <span class='ocrx_word' id='word_1_102' title='bbox 347 2095 506 2162; x_wconf 88' lang='lat' dir='ltr'>purpureo</span> <span class='ocrx_word' id='word_1_103' title='bbox 597 2076 700 2161; x_wconf 80' lang='lat' dir='ltr'>pictae</span> <span class='ocrx_word' id='word_1_104' title='bbox 722 2076 793 2142; x_wconf 83' lang='lat' dir='ltr'>fuco</span> <span class='ocrx_word' id='word_1_105' title='bbox 817 2081 849 2142; x_wconf 92' lang='lat' dir='ltr'>et</span> <span class='ocrx_word' id='word_1_106' title='bbox 870 2075 974 2158; x_wconf 87' lang='lat' dir='ltr'>niueo,</span> 
     </span>
    </p>

    <p class='ocr_par' dir='ltr' id='par_1_11' title="bbox 1 2190 1024 2393">
     <span class='ocr_line' id='line_1_17' title="bbox 1 2190 911 2284; baseline -0.001 -26"><span class='ocrx_word' id='word_1_107' title='bbox 1 2255 2 2284; x_wconf 24' lang='grc' dir='ltr'><strong>ἶ</strong></span> <span class='ocrx_word' id='word_1_108' title='bbox 97 2211 168 2258; x_wconf 84' lang='lat' dir='ltr'>rosa</span> <span class='ocrx_word' id='word_1_109' title='bbox 190 2190 291 2258; x_wconf 87' lang='lat' dir='ltr'>veluti</span> <span class='ocrx_word' id='word_1_110' title='bbox 313 2191 434 2258; x_wconf 88' lang='lat' dir='ltr'>rutilis·</span> <span class='ocrx_word' id='word_1_111' title='bbox 523 2191 628 2258; x_wconf 88' lang='lat' dir='ltr'>radiet</span> <span class='ocrx_word' id='word_1_112' title='bbox 649 2190 742 2258; x_wconf 87' lang='lat' dir='ltr'>valde</span> <span class='ocrx_word' id='word_1_113' title='bbox 763 2190 911 2258; x_wconf 89' lang='lat' dir='ltr'>flosculis.</span> 
     </span>
     <span class='ocr_line' id='line_1_18' title="bbox 97 2305 1024 2393; baseline -0.002 -19"><span class='ocrx_word' id='word_1_114' title='bbox 97 2309 197 2376; x_wconf 83' lang='lat' dir='ltr'>Amce</span> <span class='ocrx_word' id='word_1_115' title='bbox 221 2307 403 2375; x_wconf 86' lang='lat' dir='ltr'>auscultant</span> <span class='ocrx_word' id='word_1_116' title='bbox 424 2309 539 2375; x_wconf 88' lang='lat' dir='ltr'>omnia</span> <span class='ocrx_word' id='word_1_117' title='bbox 631 2307 736 2374; x_wconf 88' lang='lat' dir='ltr'>Verba</span> <span class='ocrx_word' id='word_1_118' title='bbox 758 2327 798 2375; x_wconf 89' lang='lat' dir='ltr'>ax</span> <span class='ocrx_word' id='word_1_119' title='bbox 821 2327 875 2374; x_wconf 90' lang='lat' dir='ltr'>ore</span> <span class='ocrx_word' id='word_1_120' title='bbox 897 2305 1024 2393; x_wconf 89' lang='lat' dir='ltr'>prodita</span> 
     </span>
    </p>

    <p class='ocr_par' dir='ltr' id='par_1_12' title="bbox 1 2419 1124 3908">
     <span class='ocr_line' id='line_1_19' title="bbox 1 2419 942 2509; baseline -0.001 -19"><span class='ocrx_word' id='word_1_121' title='bbox 1 2419 2 2454; x_wconf 64' lang='lat'>¹</span> <span class='ocrx_word' id='word_1_122' title='bbox 98 2425 170 2490; x_wconf 86' lang='lat' dir='ltr'>almi</span> <span class='ocrx_word' id='word_1_123' title='bbox 194 2426 259 2492; x_wconf 91' lang='lat' dir='ltr'>oris</span> <span class='ocrx_word' id='word_1_124' title='bbox 281 2425 449 2491; x_wconf 87' lang='lat' dir='ltr'>innumera</span> <span class='ocrx_word' id='word_1_125' title='bbox 536 2429 697 2509; x_wconf 88' lang='lat' dir='ltr'>nequeunt</span> <span class='ocrx_word' id='word_1_126' title='bbox 718 2423 780 2490; x_wconf 85' lang='lat' dir='ltr'>feri</span> <span class='ocrx_word' id='word_1_127' title='bbox 802 2443 942 2490; x_wconf 89' lang='lat' dir='ltr'>munera.</span> 
     </span>
     <span class='ocr_line' id='line_1_20' title="bbox 97 2537 1080 2625; baseline -0.006 -17"><span class='ocrx_word' id='word_1_128' title='bbox 97 2542 196 2608; x_wconf 85' lang='lat' dir='ltr'>Adest</span> <span class='ocrx_word' id='word_1_129' title='bbox 218 2540 371 2608; x_wconf 79' lang='lat' dir='ltr'>verbosae</span> <span class='ocrx_word' id='word_1_130' title='bbox 392 2539 548 2624; x_wconf 79' lang='lat' dir='ltr'>fulgidum</span> <span class='ocrx_word' id='word_1_131' title='bbox 637 2539 767 2625; x_wconf 80' lang='lat' dir='ltr'>sophiae</span> <span class='ocrx_word' id='word_1_132' title='bbox 789 2539 896 2605; x_wconf 90' lang='lat' dir='ltr'>lumen</span> <span class='ocrx_word' id='word_1_133' title='bbox 918 2537 1080 2605; x_wconf 82' lang='lat' dir='ltr'>lucidum‘.</span> 
     </span>
     <span class='ocr_line' id='line_1_21' title="bbox 96 2653 1120 2742; baseline -0.006 -17"><span class='ocrx_word' id='word_1_134' title='bbox 96 2657 224 2742; x_wconf 79' lang='lat' dir='ltr'>lienus,</span> <span class='ocrx_word' id='word_1_135' title='bbox 248 2677 363 2724; x_wconf 90' lang='lat' dir='ltr'>manus</span> <span class='ocrx_word' id='word_1_136' title='bbox 386 2655 561 2737; x_wconf 89' lang='lat' dir='ltr'>mirabiles;</span> <span class='ocrx_word' id='word_1_137' title='bbox 651 2654 787 2722; x_wconf 93' lang='lat' dir='ltr'>multum</span> <span class='ocrx_word' id='word_1_138' title='bbox 809 2655 906 2742; x_wconf 90' lang='lat' dir='ltr'>pedes</span> <span class='ocrx_word' id='word_1_139' title='bbox 928 2653 1090 2740; x_wconf 88' lang='lat' dir='ltr'>placibiles</span> <span class='ocrx_word' id='word_1_140' title='bbox 1098 2662 1120 2735; x_wconf 77' lang='lat'>⁶,</span> 
     </span>
     <span class='ocr_line' id='line_1_22' title="bbox 93 2770 1030 2857; baseline -0.005 -16"><span class='ocrx_word' id='word_1_141' title='bbox 93 2776 189 2843; x_wconf 86' lang='lat' dir='ltr'>tibiae</span> <span class='ocrx_word' id='word_1_142' title='bbox 213 2793 310 2842; x_wconf 88' lang='lat' dir='ltr'>cursu</span> <span class='ocrx_word' id='word_1_143' title='bbox 333 2777 458 2856; x_wconf 87' lang='lat' dir='ltr'>teretes,</span> <span class='ocrx_word' id='word_1_144' title='bbox 547 2771 634 2838; x_wconf 76' lang='lat' dir='ltr'>tamh</span> <span class='ocrx_word' id='word_1_145' title='bbox 657 2771 769 2854; x_wconf 83' lang='lat' dir='ltr'>fortes,</span> <span class='ocrx_word' id='word_1_146' title='bbox 793 2777 830 2838; x_wconf 92' lang='lat' dir='ltr'>ut</span> <span class='ocrx_word' id='word_1_147' title='bbox 852 2770 1030 2857; x_wconf 76' lang='lat' dir='ltr'>sonipedes*</span> 
     </span>
     <span class='ocr_line' id='line_1_23' title="bbox 94 2886 1009 2979; baseline -0.008 -20"><span class='ocrx_word' id='word_1_148' title='bbox 94 2913 168 2979; x_wconf 84' lang='lat' dir='ltr'>repe</span> <span class='ocrx_word' id='word_1_149' title='bbox 191 2893 370 2977; x_wconf 87' lang='lat' dir='ltr'>sequuntur</span> <span class='ocrx_word' id='word_1_150' title='bbox 393 2889 535 2956; x_wconf 88' lang='lat' dir='ltr'>cursibus</span> <span class='ocrx_word' id='word_1_151' title='bbox 625 2888 774 2956; x_wconf 88' lang='lat' dir='ltr'>salientes</span> <span class='ocrx_word' id='word_1_152' title='bbox 796 2886 1009 2974; x_wconf 88' lang='lat' dir='ltr'>praepetibus.</span> 
     </span>
     <span class='ocr_line' id='line_1_24' title="bbox 95 3001 1124 3092; baseline -0.01 -17"><span class='ocrx_word' id='word_1_153' title='bbox 95 3007 188 3092; x_wconf 77' lang='lat' dir='ltr'>lam¹‚</span> <span class='ocrx_word' id='word_1_154' title='bbox 214 3008 243 3074; x_wconf 89' lang='lat' dir='ltr'>si</span> <span class='ocrx_word' id='word_1_155' title='bbox 267 3007 407 3074; x_wconf 83' lang='lat' dir='ltr'>centenis</span> <span class='ocrx_word' id='word_1_156' title='bbox 429 3004 570 3072; x_wconf 83' lang='lat' dir='ltr'>clamitet</span> <span class='ocrx_word' id='word_1_157' title='bbox 659 3004 791 3090; x_wconf 90' lang='lat' dir='ltr'>quisque</span> <span class='ocrx_word' id='word_1_158' title='bbox 813 3003 931 3086; x_wconf 93' lang='lat' dir='ltr'>linguis</span> <span class='ocrx_word' id='word_1_159' title='bbox 955 3009 987 3070; x_wconf 91' lang='lat' dir='ltr'>et</span> <span class='ocrx_word' id='word_1_160' title='bbox 1007 3001 1124 3068; x_wconf 86' lang='lat' dir='ltr'>vocitet</span> 
     </span>
     <span class='ocr_line' id='line_1_25' title="bbox 93 3119 1017 3206; baseline -0.008 -15"><span class='ocrx_word' id='word_1_161' title='bbox 93 3125 196 3191; x_wconf 83' lang='lat' dir='ltr'>ferrea</span> <span class='ocrx_word' id='word_1_162' title='bbox 219 3143 299 3190; x_wconf 90' lang='lat' dir='ltr'>voce</span> <span class='ocrx_word' id='word_1_163' title='bbox 308 3119 326 3206; x_wconf 85' lang='lat'>¹,</span> <span class='ocrx_word' id='word_1_164' title='bbox 348 3122 513 3189; x_wconf 84' lang='lat' dir='ltr'>fremitans</span> <span class='ocrx_word' id='word_1_165' title='bbox 601 3120 694 3188; x_wconf 81' lang='lat' dir='ltr'>valde</span> <span class='ocrx_word' id='word_1_166' title='bbox 717 3125 749 3186; x_wconf 91' lang='lat' dir='ltr'>et</span> <span class='ocrx_word' id='word_1_167' title='bbox 771 3139 825 3186; x_wconf 93' lang='lat' dir='ltr'>ore</span> <span class='ocrx_word' id='word_1_168' title='bbox 847 3119 1017 3205; x_wconf 87' lang='lat' dir='ltr'>crepitans,</span> 
     </span>
     <span class='ocr_line' id='line_1_26' title="bbox 93 3234 936 3326; baseline -0.009 -18"><span class='ocrx_word' id='word_1_169' title='bbox 93 3243 204 3326; x_wconf 88' lang='lat' dir='ltr'>nequit</span> <span class='ocrx_word' id='word_1_170' title='bbox 226 3259 306 3308; x_wconf 85' lang='lat' dir='ltr'>sane</span> <span class='ocrx_word' id='word_1_171' title='bbox 328 3239 362 3305; x_wconf 94' lang='lat' dir='ltr'>iu</span> <span class='ocrx_word' id='word_1_172' title='bbox 384 3237 509 3306; x_wconf 89' lang='lat' dir='ltr'>saeculo</span> <span class='ocrx_word' id='word_1_173' title='bbox 599 3235 682 3304; x_wconf 89' lang='lat' dir='ltr'>ullus</span> <span class='ocrx_word' id='word_1_174' title='bbox 703 3235 777 3302; x_wconf 77' lang='lat' dir='ltr'>ieri¹</span> <span class='ocrx_word' id='word_1_175' title='bbox 800 3234 936 3319; x_wconf 86' lang='lat' dir='ltr'>oraculo,</span> 
     </span>
     <span class='ocr_line' id='line_1_27' title="bbox 95 3352 1080 3444; baseline -0.011 -19"><span class='ocrx_word' id='word_1_176' title='bbox 95 3362 251 3444; x_wconf 86' lang='lat' dir='ltr'>quantum</span> <span class='ocrx_word' id='word_1_177' title='bbox 274 3355 391 3422; x_wconf 91' lang='lat' dir='ltr'>mundo</span> <span class='ocrx_word' id='word_1_178' title='bbox 415 3352 592 3422; x_wconf 91' lang='lat' dir='ltr'>mirabilem</span> <span class='ocrx_word' id='word_1_179' title='bbox 683 3398 1080 3418; x_wconf 92' lang='grc'><strong>........</strong></span> 
     </span>
     <span class='ocr_line' id='line_1_28' title="bbox 94 3465 959 3560; baseline -0.009 -20"><span class='ocrx_word' id='word_1_180' title='bbox 94 3494 195 3560; x_wconf 90' lang='lat' dir='ltr'>neque</span> <span class='ocrx_word' id='word_1_181' title='bbox 218 3473 322 3539; x_wconf 83' lang='lat' dir='ltr'>altum</span> <span class='ocrx_word' id='word_1_182' title='bbox 343 3471 506 3554; x_wconf 89' lang='lat' dir='ltr'>ingenium</span> <span class='ocrx_word' id='word_1_183' title='bbox 595 3468 754 3555; x_wconf 88' lang='lat' dir='ltr'>explicare</span> <span class='ocrx_word' id='word_1_184' title='bbox 776 3465 959 3534; x_wconf 89' lang='lat' dir='ltr'>mortalium</span> 
     </span>
     <span class='ocr_line' id='line_1_29' title="bbox 94 3580 1042 3673; baseline -0.013 -15"><span class='ocrx_word' id='word_1_185' title='bbox 94 3591 175 3658; x_wconf 92' lang='lat' dir='ltr'>ullus</span> <span class='ocrx_word' id='word_1_186' title='bbox 199 3589 298 3673; x_wconf 82' lang='lat' dir='ltr'>valet,</span> <span class='ocrx_word' id='word_1_187' title='bbox 322 3587 507 3654; x_wconf 90' lang='lat' dir='ltr'>sonantibus</span> <span class='ocrx_word' id='word_1_188' title='bbox 596 3585 670 3652; x_wconf 90' lang='lat' dir='ltr'>licet</span> <span class='ocrx_word' id='word_1_189' title='bbox 692 3584 808 3652; x_wconf 91' lang='lat' dir='ltr'>clamet</span> <span class='ocrx_word' id='word_1_190' title='bbox 831 3580 1042 3648; x_wconf 91' lang='lat' dir='ltr'>concentibus.</span> 
     </span>
     <span class='ocr_line' id='line_1_30' title="bbox 94 3693 1098 3786; baseline -0.014 -11"><span class='ocrx_word' id='word_1_191' title='bbox 94 3707 182 3786; x_wconf 83' lang='lat' dir='ltr'>Quod</span> <span class='ocrx_word' id='word_1_192' title='bbox 205 3706 327 3773; x_wconf 86' lang='lat' dir='ltr'>ideirco</span> <span class='ocrx_word' id='word_1_193' title='bbox 349 3723 413 3770; x_wconf 89' lang='lat' dir='ltr'>non</span> <span class='ocrx_word' id='word_1_194' title='bbox 437 3701 530 3770; x_wconf 85' lang='lat' dir='ltr'>effero</span> <span class='ocrx_word' id='word_1_195' title='bbox 619 3701 739 3767; x_wconf 73' lang='lat' dir='ltr'>laudem</span> <span class='ocrx_word' id='word_1_196' title='bbox 763 3697 872 3783; x_wconf 86' lang='lat' dir='ltr'>quavis</span> <span class='ocrx_word' id='word_1_197' title='bbox 895 3715 953 3763; x_wconf 92' lang='lat' dir='ltr'>nec</span> <span class='ocrx_word' id='word_1_198' title='bbox 975 3693 1098 3778; x_wconf 84' lang='lat' dir='ltr'>reffero,</span> 
     </span>
     <span class='ocr_line' id='line_1_31' title="bbox 94 3811 1027 3908; baseline -0.016 -17"><span class='ocrx_word' id='word_1_199' title='bbox 94 3825 184 3908; x_wconf 85' lang='lat' dir='ltr'>quia·</span> <span class='ocrx_word' id='word_1_200' title='bbox 209 3819 323 3889; x_wconf 89' lang='lat' dir='ltr'>mundi</span> <span class='ocrx_word' id='word_1_201' title='bbox 344 3839 403 3907; x_wconf 91' lang='lat' dir='ltr'>per</span> <span class='ocrx_word' id='word_1_202' title='bbox 425 3819 532 3885; x_wconf 86' lang='lat' dir='ltr'>omnia</span> <span class='ocrx_word' id='word_1_203' title='bbox 620 3815 740 3883; x_wconf 89' lang='lat' dir='ltr'>cunctis</span> <span class='ocrx_word' id='word_1_204' title='bbox 763 3814 861 3880; x_wconf 90' lang='lat' dir='ltr'>claret</span> <span class='ocrx_word' id='word_1_205' title='bbox 884 3811 1027 3879; x_wconf 88' lang='lat' dir='ltr'>confinia.</span> 
     </span>
    </p>
   </div>
   <div class='ocr_carea' id='block_1_3' title="bbox 94 3969 1269 4203">
    <p class='ocr_par' dir='ltr' id='par_1_13' title="bbox 94 3969 1269 4203">
     <span class='ocr_line' id='line_1_32' title="bbox 162 3969 1269 4039; baseline -0.014 -8"><span class='ocrx_word' id='word_1_206' title='bbox 162 3999 185 4030; x_wconf 79' lang='grc' dir='ltr'>ι</span> <span class='ocrx_word' id='word_1_207' title='bbox 207 3981 357 4030; x_wconf 74' lang='lat' dir='ltr'>Aetbilnldi</span> <span class='ocrx_word' id='word_1_208' title='bbox 374 3982 402 4028; x_wconf 79' lang='lat' dir='ltr'>V.</span> <span class='ocrx_word' id='word_1_209' title='bbox 464 3979 487 4025; x_wconf 93' lang='lat' dir='ltr'>b.</span> <span class='ocrx_word' id='word_1_210' title='bbox 507 3979 604 4039; x_wconf 86' lang='lat' dir='ltr'>prlmuur</span> <span class='ocrx_word' id='word_1_211' title='bbox 623 3977 651 4026; x_wconf 87' lang='lat' dir='ltr'>V.</span> <span class='ocrx_word' id='word_1_212' title='bbox 714 3988 734 4022; x_wconf 88' lang='lat' dir='ltr'>c.</span> <span class='ocrx_word' id='word_1_213' title='bbox 754 3975 820 4022; x_wconf 81' lang='lat' dir='ltr'>vulda</span> <span class='ocrx_word' id='word_1_214' title='bbox 841 3973 931 4020; x_wconf 79' lang='lat' dir='ltr'>stabilis</span> <span class='ocrx_word' id='word_1_215' title='bbox 949 3975 1033 4032; x_wconf 69' lang='lat' dir='ltr'>scripsi</span> <span class='ocrx_word' id='word_1_216' title='bbox 1045 3987 1087 4031; x_wconf 80' lang='lat' dir='ltr'>pro</span> <span class='ocrx_word' id='word_1_217' title='bbox 1104 3969 1223 4018; x_wconf 80' lang='lat' dir='ltr'>destabilis</span> <span class='ocrx_word' id='word_1_218' title='bbox 1242 3971 1269 4016; x_wconf 84' lang='lat' dir='ltr'>V.</span> 
     </span>
     <span class='ocr_line' id='line_1_33' title="bbox 94 4050 1269 4114; baseline -0.014 -3"><span class='ocrx_word' id='word_1_219' title='bbox 94 4064 115 4110; x_wconf 91' lang='lat' dir='ltr'>d.</span> <span class='ocrx_word' id='word_1_220' title='bbox 133 4064 221 4111; x_wconf 82' lang='lat' dir='ltr'>ollibus</span> <span class='ocrx_word' id='word_1_221' title='bbox 238 4063 269 4111; x_wconf 84' lang='lat' dir='ltr'>V.</span> <span class='ocrx_word' id='word_1_222' title='bbox 332 4075 353 4107; x_wconf 89' lang='lat' dir='ltr'>a.</span> <span class='ocrx_word' id='word_1_223' title='bbox 372 4059 454 4107; x_wconf 87' lang='lat' dir='ltr'>rutulis</span> <span class='ocrx_word' id='word_1_224' title='bbox 472 4060 499 4106; x_wconf 83' lang='lat' dir='ltr'>V.</span> <span class='ocrx_word' id='word_1_225' title='bbox 562 4059 578 4105; x_wconf 86' lang='lat' dir='ltr'>t.</span> <span class='ocrx_word' id='word_1_226' title='bbox 597 4059 631 4104; x_wconf 69' lang='grc' dir='ltr'>εἰσ</span> <span class='ocrx_word' id='word_1_227' title='bbox 646 4058 737 4114; x_wconf 73' lang='lat' dir='ltr'>scripsit</span> <span class='ocrx_word' id='word_1_228' title='bbox 754 4058 787 4102; x_wconf 89' lang='lat' dir='ltr'>M.</span> <span class='ocrx_word' id='word_1_229' title='bbox 797 4056 876 4114; x_wconf 79' lang='lat' dir='ltr'>Haupt</span> <span class='ocrx_word' id='word_1_230' title='bbox 888 4071 944 4114; x_wconf 78' lang='lat' dir='ltr'>pro:</span> <span class='ocrx_word' id='word_1_231' title='bbox 960 4052 1033 4100; x_wconf 79' lang='lat' dir='ltr'>Adest</span> <span class='ocrx_word' id='word_1_232' title='bbox 1047 4051 1144 4100; x_wconf 85' lang='lat' dir='ltr'>verbosa</span> <span class='ocrx_word' id='word_1_233' title='bbox 1158 4050 1269 4109; x_wconf 75' lang='lat' dir='ltr'>fulgidum</span> 
     </span>
     <span class='ocr_line' id='line_1_34' title="bbox 94 4129 1268 4203; baseline -0.013 -12"><span class='ocrx_word' id='word_1_234' title='bbox 94 4143 163 4203; x_wconf 72' lang='lat' dir='ltr'>repu-</span> <span class='ocrx_word' id='word_1_235' title='bbox 186 4145 212 4190; x_wconf 81' lang='lat' dir='ltr'>et</span> <span class='ocrx_word' id='word_1_236' title='bbox 232 4155 301 4189; x_wconf 86' lang='lat' dir='ltr'>omna</span> <span class='ocrx_word' id='word_1_237' title='bbox 320 4141 423 4188; x_wconf 83' lang='lat' dir='ltr'>lucidam</span> <span class='ocrx_word' id='word_1_238' title='bbox 440 4142 467 4188; x_wconf 83' lang='lat' dir='ltr'>V.</span> <span class='ocrx_word' id='word_1_239' title='bbox 546 4151 568 4195; x_wconf 79' lang='lat' dir='ltr'>g.</span> <span class='ocrx_word' id='word_1_240' title='bbox 589 4135 712 4197; x_wconf 78' lang='lat' dir='ltr'>placabiles</span> <span class='ocrx_word' id='word_1_241' title='bbox 731 4135 758 4181; x_wconf 82' lang='lat' dir='ltr'>V.</span> <span class='ocrx_word' id='word_1_242' title='bbox 836 4133 859 4180; x_wconf 91' lang='lat' dir='ltr'>h.</span> <span class='ocrx_word' id='word_1_243' title='bbox 880 4135 968 4180; x_wconf 78' lang='lat' dir='ltr'>tantum</span> <span class='ocrx_word' id='word_1_244' title='bbox 986 4134 1014 4178; x_wconf 80' lang='lat' dir='ltr'>V.</span> <span class='ocrx_word' id='word_1_245' title='bbox 1092 4133 1108 4178; x_wconf 87' lang='lat' dir='ltr'>i.</span> <span class='ocrx_word' id='word_1_246' title='bbox 1130 4130 1223 4188; x_wconf 85' lang='lat' dir='ltr'>sonipes</span> <span class='ocrx_word' id='word_1_247' title='bbox 1241 4129 1268 4176; x_wconf 75' lang='lat' dir='ltr'>V.</span> 
     </span>
    </p>
   </div>
   <div class='ocr_carea' id='block_1_4' title="bbox 95 4214 850 4272">
    <p class='ocr_par' dir='ltr' id='par_1_14' title="bbox 95 4214 850 4272">
     <span class='ocr_line' id='line_1_35' title="bbox 95 4214 850 4272; baseline -0.012 -4"><span class='ocrx_word' id='word_1_248' title='bbox 95 4221 236 4270; x_wconf 60' lang='grc' dir='ltr'>[ΜΡ.</span> <span class='ocrx_word' id='word_1_249' title='bbox 301 4220 433 4268; x_wconf 70' lang='lat' dir='ltr'>turer.</span> <span class='ocrx_word' id='word_1_250' title='bbox 495 4216 659 4265; x_wconf 74' lang='lat' dir='ltr'>munder.</span> <span class='ocrx_word' id='word_1_251' title='bbox 721 4214 850 4272; x_wconf 81' lang='lat' dir='ltr'>mquiV.</span> 
     </span>
    </p>
   </div>
   <div class='ocr_carea' id='block_1_5' title="bbox 97 4309 1268 4486">
    <p class='ocr_par' dir='ltr' id='par_1_15' title="bbox 97 4309 1268 4486">
     <span class='ocr_line' id='line_1_36' title="bbox 160 4309 1268 4396; baseline -0.016 -14"><span class='ocrx_word' id='word_1_252' title='bbox 160 4329 188 4382; x_wconf 91' lang='lat'>1.</span> <span class='ocrx_word' id='word_1_253' title='bbox 215 4323 259 4382; x_wconf 79' lang='lat' dir='ltr'>Cf.</span> <span class='ocrx_word' id='word_1_254' title='bbox 279 4324 377 4396; x_wconf 83' lang='lat' dir='ltr'>Virgil.</span> <span class='ocrx_word' id='word_1_255' title='bbox 404 4321 521 4380; x_wconf 88' lang='lat' dir='ltr'>Aeneid.</span> <span class='ocrx_word' id='word_1_256' title='bbox 533 4321 574 4378; x_wconf 89' lang='lat' dir='ltr'>VI</span> <span class='ocrx_word' id='word_1_257' title='bbox 586 4319 648 4389; x_wconf 79' lang='lat'><strong>625,</strong></span> <span class='ocrx_word' id='word_1_258' title='bbox 666 4316 770 4376; x_wconf 79' lang='lat' dir='ltr'>sedutti</span> <span class='ocrx_word' id='word_1_259' title='bbox 788 4331 898 4372; x_wconf 86' lang='lat' dir='ltr'>carmon</span> <span class='ocrx_word' id='word_1_260' title='bbox 915 4315 1045 4388; x_wconf 87' lang='lat' dir='ltr'>paschale</span> <span class='ocrx_word' id='word_1_261' title='bbox 1056 4313 1070 4368; x_wconf 96' lang='lat' dir='ltr'>l</span> <span class='ocrx_word' id='word_1_262' title='bbox 1082 4313 1116 4368; x_wconf 88' lang='grc'>99</span> <span class='ocrx_word' id='word_1_263' title='bbox 1130 4310 1211 4382; x_wconf 90' lang='lat' dir='ltr'>(Opp.</span> <span class='ocrx_word' id='word_1_264' title='bbox 1224 4309 1268 4366; x_wconf 91' lang='lat' dir='ltr'>ed.</span> 
     </span>
     <span class='ocr_line' id='line_1_37' title="bbox 97 4413 347 4486; baseline -0.02 -13"><span class='ocrx_word' id='word_1_265' title='bbox 97 4413 212 4472; x_wconf 69' lang='lat' dir='ltr'>Armalo</span> <span class='ocrx_word' id='word_1_266' title='bbox 229 4431 259 4486; x_wconf 84' lang='lat' dir='ltr'>p.</span> <span class='ocrx_word' id='word_1_267' title='bbox 274 4414 347 4480; x_wconf 79' lang='lat'><strong>165).</strong></span> 
     </span>
    </p>
   </div>
   <div class='ocr_carea' id='block_1_6' title="bbox 1278 586 1292 631">
    <p class='ocr_par' dir='ltr' id='par_1_16' title="bbox 1278 586 1292 631">
     <span class='ocr_line' id='line_1_38' title="bbox 1278 586 1292 631; baseline 0 0"><span class='ocrx_word' id='word_1_268' title='bbox 1278 586 1292 631; x_wconf 87' lang='lat' dir='ltr'>b</span> 
     </span>
    </p>
   </div>
   <div class='ocr_carea' id='block_1_7' title="bbox 0 0 1578 4848">
    <p class='ocr_par' dir='ltr' id='par_1_17' title="bbox 0 0 1578 4848">
     <span class='ocr_line' id='line_1_39' title="bbox 0 0 1578 4848; baseline 0 0"><span class='ocrx_word' id='word_1_269' title='bbox 0 0 1578 4848; x_wconf 95' lang='lat' dir='ltr'> </span> 
     </span>
    </p>
   </div>
   <div class='ocr_carea' id='block_1_8' title="bbox 1569 0 1572 2014">
    <p class='ocr_par' dir='ltr' id='par_1_18' title="bbox 1569 0 1572 2014">
     <span class='ocr_line' id='line_1_40' title="bbox 1569 0 1572 2014; baseline 0 0"><span class='ocrx_word' id='word_1_270' title='bbox 1569 0 1572 2014; x_wconf 95' lang='lat' dir='ltr'> </span> 
     </span>
    </p>
   </div>
  </div>
 </body>
</html>
