3176 4846
306 271 373 340 650
508 291 589 338 vm
612 289 766 339 anacam
788 291 1048 340 saonmrlscorl
1069 289 1263 340 MOGUN'HNI

218 441 288 496 1160
306 453 469 519 asperum,
497 433 543 499 nil
570 431 647 500 adeo
676 433 788 499 durum
819 438 851 500 et
879 431 1006 500 difficile
1035 439 1133 516 esset,
1163 431 1330 498 dummodo
1360 450 1468 499 eorum

232 515 280 563 Μ
306 550 432 616 omnino
454 569 517 615 non
541 549 705 616 excederet
726 548 820 632 vires,
844 549 919 634 quin
941 548 1141 635 paratissimo
1157 549 1261 615 animo
1276 553 1308 615 et
1322 547 1470 614 obedien·

305 663 352 732 tie
373 665 612 752 promptissima
633 683 703 730 oum
726 665 813 730 omni
835 664 986 732 fidelitate
1001 672 1033 732 et
1047 665 1222 730 bumilitate
1236 662 1469 750 persolverent3

307 785 338 847 et
361 781 508 865 quoniam
536 783 621 847 omni
651 781 846 867 plenitudine
874 781 977 847 cordis
1000 786 1032 848 et
1054 780 1270 847 emendatione
1292 799 1387 865 super
1409 779 1469 864 bis,
1586 819 1587 826 ι

307 916 366 981 que
389 896 585 982 deliquerent
608 896 648 962 ad
670 896 773 963 Deum
796 903 828 963 et
850 896 1000 962 domnum
1023 896 1301 982 archiepiscopum,
1326 900 1410 961 esset
1425 895 1470 961 eis

305 1011 433 1080 difficile
455 1012 582 1078 omnino
606 1017 638 1079 et
658 1014 936 1097 timorosum,nec
956 1017 1102 1100 possent·
1124 1010 1263 1096 leviter',
1285 1012 1318 1076 in
1341 1030 1471 1096 presen-

305 1129 351 1194 tia
373 1129 440 1195 eius
464 1147 631 1214 apparer03
654 1128 710 1194 sed
733 1129 926 1212 incivitate,
949 1129 982 1195 in
1005 1130 1094 1195 curia
1116 1148 1186 1211 sua,
1210 1147 1267 1214 pro
1290 1126 1383 1192 solito
1404 1125 1471 1192 vel·

305 1243 373 1310 lent
400 1245 429 1312 ei
460 1244 499 1310 ad
527 1263 652 1310 ornnem
682 1263 771 1310 suern
800 1246 970 1312 iussionem
994 1245 1183 1312 satisfecere.
1273 1241 1390 1308 Verum
1414 1241 1472 1308 bec

306 1359 422 1426 idcirco
446 1360 588 1444 aiebant,
618 1365 669 1444 ut,
699 1361 728 1426 si
749 1362 935 1428 immunitus
958 1361 1116 1429 civitatem
1139 1357 1371 1443 ingrederetur,
1394 1377 1472 1442 qno-

306 1494 439 1560 oumque
461 1477 587 1558 ingenio
611 1483 703 1560 esset,
725 1477 830 1563 ipsum
845 1477 995 1545 deberent
1009 1476 1158 1543 occidere.
1231 1473 1322 1540 Unde
1335 1474 1473 1540 maiores

306 1592 443 1658 civitatis
475 1591 514 1658 ad
542 1592 647 1676 ipsum
663 1611 772 1677 reaper
800 1592 858 1658 boo
885 1591 1051 1676 Pinguiam
1078 1593 1241 1658 miserunt
1275 1591 1318 1658 Et
1339 1591 1472 1656 oonsilio

307 1706 510 1774 adinventum
538 1712 602 1790 est,
631 1713 801 1774 uteorum
830 1707 930 1774 omnis
953 1707 1146 1791 malignandi
1173 1708 1363 1774 adimeretur
1383 1727 1473 1774 ocea-

306 1825 367 1907 sic,
392 1823 475 1908 quod
498 1823 581 1910 apud
605 1821 755 1889 Sanctum
777 1821 923 1890 Iacobum
946 1841 999 1890 eos
1022 1823 1087 1890 suis
1110 1824 1327 1910 conspectibus
1349 1824 1474 1892 iuberet

304 1945 417 2006 astare.

393 2054 495 2122 Locus
518 2061 639 2140 autern,
662 2055 716 2122 nbi
738 2053 798 2120 hoe
819 2054 984 2122 cenobium
1006 2055 1183 2122 conditum·
1206 2062 1289 2141 eret,
1312 2056 1402 2124 urbis
1424 2062 1474 2124 est

304 2171 554 2260 promontorium
578 2172 655 2238 haut
683 2170 857 2256 modicum,
885 2172 946 2238 toti
974 2172 1094 2238 civitati
1116 2172 1258 2258 patulam
1279 2173 1394 2241 faeiem
1417 2173 1474 2242 ob·

304 2287 475 2375 pandens⁴.
514 2284 618 2354 Hoc·¹
644 2288 751 2372 itaque
773 2323 815 2333 -
840 2287 880 2354 ab
908 2287 1033 2372 eadem,
1063 2307 1123 2373 que
1151 2287 1182 2354 in
1212 2290 1312 2376 ipsius
1340 2289 1475 2357 fundam

305 2410 354 2470 est
368 2403 536 2489 radicibus,
560 2403 687 2470 civitate
706 2423 765 2490 per
780 2403 945 2487 sexaginta
958 2403 1080 2471 cubitos
1095 2405 1145 2471 vel
1160 2405 1254 2492 paulo
1269 2404 1340 2493 plus
1356 2405 1475 2472 blanda

304 2541 339 2588 se
363 2519 527 2586 altitudine
555 2517 589 2584 in
618 2519 750 2585 arduum
773 2521 937 2605 porrigens
960 2555 1002 2566 -
1027 2540 1171 2588 amenum
1196 2527 1229 2588 et
1250 2523 1339 2607 quasi
1362 2521 1474 2610 volup-

304 2643 431 2702 tuosum
459 2633 648 2721 receptaculi
676 2636 779 2702 sinum
802 2636 908 2702 insui
930 2636 1033 2702 medio
1056 2636 1215 2723 producit3
1245 2639 1386 2724 perviam
1415 2659 1475 2725 per
1585 2629 1586 2708 i

304 2753 410 2840 ipsum
433 2752 482 2817 sui
504 2751 600 2818 medii
623 2757 776 2836 centrum,
799 2751 833 2818 in
856 2751 1023 2818 ambientis
1046 2753 1129 2818 muri
1151 2753 1265 2838 prefati
1288 2755 1475 2821 monasterii

304 2870 373 2953 giro
396 2868 509 2951 mandi
532 2867 583 2934 ac'
605 2867 730 2934 sublimi
753 2869 906 2955 positam,
930 2869 1101 2955 respiciens
1125 2874 1258 2955 portam.
1293 2869 1417 2938 Deinde
1439 2891 1477 2938 se
1584 2851 1586 2926 s

305 2985 339 3050 in
364 2984 575 3050 vastissimam
598 2983 768 3050 extendens
791 2985 965 3071 planitiem,
990 3005 1008 3050 a
1030 2985 1129 3072 priori
1151 2985 1241 3069 isoio,
1265 3005 1325 3070 qne
1340 2985 1477 3071 lingun-
1584 2973 1585 3064 ,

304 3102 401 3168 tiam⁸
422 3100 592 3185 intueturl,
618 3100 730 3184 tribus,
753 3099 821 3187 per¹
844 3101 944 3187 ipsius
967 3101 1105 3168 civitatis
1128 3101 1207 3168 duas
1228 3109 1337 3190 portas
1357 3103 1476 3170 ducen·
1584 3107 1585 3122 ¹

306 3217 405 3301 tibus,
422 3216 503 3282 ‘levo
531 3215 634 3282 medio
665 3215 838 3302 dextroque
867 3216 1000 3284 circuitu
1030 3218 1234 3301 distinguitur
1262 3219 1339 3300 riis3
1367 3220 1476 3305 ipsum

306 3332 471 3400 cenobium
495 3334 597 3399 sancti
618 3331 722 3399 lacobi
745 3331 880 3419 apostoli
903 3332 1068 3400 ambientis
1085 3369 1127 3380 -·
1143 3339 1180 3400 ut
1194 3333 1332 3400 diximus
1348 3369 1391 3381 -
1407 3336 1476 3401 cin·

306 3449 379 3534 gulo
409 3449 492 3515 muri
519 3449 552 3514 in
576 3467 632 3514 suo
656 3447 784 3514 sublimi
806 3447 991 3534 equalique¹
1012 3450 1108 3535 pleno
1130 3451 1328 3518 concludens.
1363 3449 1477 3517 liona-

307 3565 438 3632 sterium
461 3565 559 3648 igitur
580 3563 676 3648 istud,
699 3565 832 3656 pedibus
855 3565 932 3630 suis¹
954 3584 1061 3632 muros
1082 3565 1281 3650 Mogontinos
1305 3568 1476 3650 otingam,

307 3681 398 3766 quasi
421 3680 531 3748 civitas
555 3686 811 3767 supermontem
833 3681 953 3768 posita,
976 3681 1175 3749 cernentibus
1198 3683 1320 3748 eminus
1343 3683 1476 3769 adspec-
1583 3679 1584 3684 ’

307 3803 426 3864 utura

203 3928 289 3976 imre
396 3913 447 3978 Ad
476 3912 558 3978 hune
584 3913 692 3996 itaque
713 3912 817 3978 locum
839 3912 1111 3980 reverentissimus
1133 3913 1295 3982 Arnoldus
1317 3913 1477 3999 Magonti·

379 4068 399 4102 ι
421 4057 517 4114 possunt
534 4056 555 4100 1.
637 4053 660 4100 b.
680 4053 762 4100 leniter
777 4055 799 4100 t·
877 4067 896 4101 c
917 4057 1029 4102 consitum
1046 4059 1068 4104 1.
1146 4055 1169 4103 d.
1189 4056 1322 4118 obpmdsns
1336 4061 1418 4116 autori
1431 4076 1477 4118 pn

307 4133 440 4195 dependeris
456 4137 478 4189 1.
489 4137 511 4180 a.
582 4133 703 4181 alliot.
770 4135 787 4181 f.
807 4135 886 4192 modi
902 4147 928 4182 ae
943 4137 1027 4196 scripsi
1038 4153 1081 4196 pro
1099 4136 1206 4195 grandem
1221 4137 1246 4184 ἰιι
1261 4139 1317 4194 1,2
1384 4137 1477 4196 aar·-

306 4215 423 4273 guntlnam
439 4215 461 4270 1,
477 4214 500 4261 ln
516 4213 653 4272 lingentium
667 4215 689 4260 t,
766 4213 790 4261 h.
810 4216 924 4262 intueatur
935 4218 956 4264 1.
1033 4216 1049 4264 l.
1070 4229 1113 4279 par
1128 4217 1220 4266 addidi.
1293 4217 1317 4264 k.
1338 4216 1477 4278 equum.

307 4293 398 4340 Lanos
416 4295 437 4340 1.
514 4307 544 4342 m.
565 4295 723 4355 adsnsplcatur
738 4296 759 4341 1.

380 4390 403 4442 1.
425 4390 648 4457 pmmontoriurn.
