3090 4848
314 313 341 359 s.
359 313 533 360 nonnnnu
556 313 599 360 nr
621 313 724 360 nonar
746 313 933 360 nrrsnonan
956 313 987 358 so
1172 296 1233 361 137

151 453 344 540 Prepositis·
375 455 408 520 in
441 453 545 522 medio
575 454 783 521 sacrosanctis
816 453 1003 538 euangeliis,
1038 454 1234 522 adstantibus
1272 464 1324 518 tro

67 590 186 654 quoquc
210 569 394 635 diaconibus
417 570 467 635 vei
490 575 602 636 cuncto
626 569 720 653 clero,
745 568 915 653 Gregorius
932 571 1074 638 notarius
1091 571 1235 654 regiona·
1254 537 1345 586 ⁰⁰²2⁵

66 687 127 752 rius
151 691 184 752 et
206 685 447 752 numenculator
469 685 565 752 dixit:
595 687 782 752 Deneardns
805 687 970 772 relipieans
989 689 1160 774 presbiter,
1192 689 1235 752 ie·

63 817 152 888 patna
176 803 342 888 Bonifatii
362 806 554 868 sanctissimi
575 804 807 889 archiepiscopi
826 806 1010 889 prouinciae
1035 801 1234 886 Germaniae,

64 921 198 984 directus
222 923 312 1006 apud
340 933 477 986 oestrum
505 932 648 984 sannam
677 919 903 1004 apostolatum,
931 942 1014 1005 prae
1041 921 1108 984 celo
1138 933 1182 986 est
1209 934 1237 986 et

61 1039 153 1121 petit,
184 1059 219 1100 ee
242 1038 376 1121 increati.
414 1033 501 1118 Quid
518 1035 707 1122 precipitio?
778 1032 907 1100 Dictum
931 1039 994 1100 est:
1024 1036 1235 1120 inprediatnr.

64 1149 205 1236 Cumque
228 1152 390 1235 ingressus
412 1149 552 1234 fuisseth,
580 1148 765 1233 Zacharias,
794 1149 1010 1218 sanctissimus
1034 1171 1071 1218 ac
1093 1150 1237 1218 beatissi-

65 1287 130 1332 mus
154 1287 243 1354 papa
265 1273 392 1334 sanctae
407 1265 466 1334 Dei
490 1264 661 1333 catholicae
685 1271 779 1350 atquo
801 1267 992 1352 apostoliam
1008 1266 1094 1332 urbis
1109 1266 1237 1352 Rornae,

65 1383 155 1450 dixit:
188 1385 275 1450 Ante
308 1385 364 1450 bas
392 1385 458 1448 dies
489 1383 629 1470 syllabas
657 1386 901 1448 reverentissimi
928 1397 1022 1470 atque
1049 1387 1241 1450 secernant

57 1502 174 1584 fratr-rb
199 1505 303 1566 nostri
323 1500 487 1584 Bonifatii
514 1499 745 1585 archiepiscopi
771 1500 861 1566 rectis
892 1501 1027 1566 retardati
1031 1548 1041 1580 ,
1071 1524 1129 1586 per
1159 1523 1238 1586 qnos

66 1619 161 1698 nabab,
190 1641 274 1703 qaae
297 1629 454 1703 oportuna
478 1619 507 1680 ei
527 1619 597 1680 nisa
619 1627 701 1695 sant,
726 1617 887 1680 indicavit.
929 1616 1016 1698 Quid
1039 1639 1111 1702 erpo
1136 1619 1237 1682 derina

66 1738 178 1798 nostris
203 1735 380 1798 secretariis
403 1745 431 1798 te
453 1733 579 1816 inpredi
597 1733 787 1818 postulasti?
865 1731 1050 1798 Doneardus
1072 1729 1239 1816 religiosus

66 1849 221 1933 presbiter
245 1848 341 1914 dixit:
371 1848 509 1913 Domine
530 1851 591 1927 mi,
616 1850 692 1914 dnm
713 1851 804 1914 iacta
826 1851 929 1913 saneti
949 1849 1142 1934 apostolatus
1161 1871 1238 1934 pre-

66 1969 238 2052 ceptionem
260 1988 346 2030 mens
370 1967 514 2032 dominas
537 1966 724 2050 Bonifatius
747 1967 928 2051 episcopos,
943 1963 1092 2048 samaias
1113 1967 1239 2050 pictatis

69 2096 198 2162 cest-rae,
225 2085 261 2146 in
281 2085 450 2168 provincia
473 2083 673 2146 Francorum
695 2084 851 2167 synodum
873 2093 1092 2166 apprepasset3
1116 2093 1144 2146 et
1164 2102 1238 2167 rep-

63 2203 195 2284 perisset
218 2199 286 2263 iilic
304 2199 413 2284 salsos
442 2199 632 2278 sacerdotes,
663 2197 810 2262 hereticos
840 2209 868 2262 ct
896 2199 1103 2278 scismaticos,
1133 2198 1169 2262 id
1197 2209 1240 2262 est

68 2316 272 2380 Atdebertnm
294 2327 322 2379 et
345 2313 544 2395 timentem,
568 2315 741 2380 sacerdotio
761 2316 914 2400 privans,
939 2337 1004 2378 nna
1027 2335 1097 2376 cam
1113 2315 1239 2399 princi·

67 2432 157 2516 pibus
180 2431 401 2512 Francorum,
432 2433 554 2496 retrudi
565 2430 649 2515 fecit
676 2433 710 2494 in
740 2431 924 2496 custodiam.
971 2429 1031 2494 Iiti
1052 2443 1155 2494 antem
1177 2451 1241 2494 non

70 2550 320 2632 inpoenitentia
343 2549 473 2632 depcrit,
499 2559 534 2612 ut
555 2549 733 2612 indicatam
757 2559 817 2622 est;
840 2547 895 2610 sed
918 2568 933 2610 e
957 2548 1115 2610 contrario
1139 2545 1242 2610 adbuc

68 2664 221 2750 papulam
250 2665 423 2730 octaceoc.
469 2664 537 2728 Pro
568 2685 629 2748 qno
659 2675 688 2727 et
716 2663 798 2726 tanc
827 2662 991 2748 epistolam
1015 2661 1160 2747 praefati
1183 2663 1243 2726 mei

71 2782 207 2859 demini,
237 2803 335 2865 qnam
357 2780 502 2844 omnibns
530 2801 622 2864 pero,
655 2791 754 2842 oestro
783 2790 890 2842 sancto
914 2779 1107 2864 apostolatui
1127 2781 1241 2842 massua

72 2897 176 2980 offero,
201 2909 237 2961 nt
261 2917 330 2961 eam
352 2919 459 2960 coram
482 2881 681 2960 samorancto
701 2895 832 2960 concilio
848 2893 1097 2979 relepifaciatas.
1165 2891 1240 2958 Dic-

70 3017 133 3076 tum
165 3017 231 3078 est:
263 3011 467 3098 Smcipiatur
490 3011 640 3097 epistola,
671 3023 698 3076 et
725 3033 832 3076 coram
859 3023 966 3076 nostra
985 3011 1167 3096 praesentia
1189 3031 1238 3073 re-

1 3128 2 3147 *
71 3130 200 3214 lecara-r.
293 3126 336 3193 Et
371 3127 528 3212 accipiens
557 3125 778 3212 Theophanius
813 3126 955 3192 notarius
985 3124 1180 3208 regionarius
1210 3129 1242 3190 ot

71 3244 271 3311 saccellarius
294 3242 407 3326 relegit
429 3243 462 3308 in
485 3241 535 3307 bis
558 3241 770 3308 sermonibus:

1 3345 2 3348 ¹
159 3357 479 3442 „Excellentissimot
512 3357 597 3443 patri
631 3363 725 3442 atque
757 3356 928 3444 apostolico
961 3355 1103 3443 pontifici
1137 3362 1169 3424 ot
1202 3375 1240 3423 ox
1287 3365 1339 3418 745

72 3479 258 3544 anctoritate
288 3476 388 3542 sanati
410 3473 496 3540 Petri
525 3473 677 3560 principis
706 3472 920 3559 apostolorum
946 3473 1127 3558 magisterio
1149 3473 1241 3557 freto,
1258 3437 1361 3484 ’Μ

72 3593 242 3662 Zachariae
265 3611 378 3679 papae,
401 3589 578 3656 Bonifatius
603 3588 734 3673 exiguus
758 3609 866 3656 servus
890 3609 1051 3656 servorum
1067 3588 1128 3656 Dei
1152 3595 1241 3676 opta·

1 3725 2 3756 ³
72 3710 164 3777 bilem
189 3712 224 3776 in
248 3709 374 3776 Christo
399 3707 543 3774 karitatis
567 3705 711 3772 salutem.

158 3825 332 3909 Postquam
354 3845 407 3890 nro
430 3829 502 3890 anto
525 3843 623 3889 annos
646 3841 746 3908 propo
767 3823 810 3887 30
826 3821 884 3888 sub
900 3819 1116 3890 familiaritate
1130 3827 1163 3888 et
1177 3843 1243 3890 ser·

1 3989 2 4004 r
74 3945 149 4010 ritio
173 3939 488 4028 apostolicaesedis,
519 3943 675 4006 annnmte
699 3943 731 4004 ct
753 3937 881 4004 iubente
905 3937 1102 4004 venerandae
1124 3958 1243 4005 momo-

74 4059 137 4125 riae
165 4057 330 4125 antestito⁹
360 4055 530 4144 apostolico
559 4049 729 4138 Gregorio¹
755 4053 927 4138 anteriore,
955 4059 1028 4120 voto
1057 4055 1242 4139 constrinxi,

143 4251 164 4284 a.
184 4255 242 4282 carr.
257 4239 280 4282 tn
300 4235 427 4296 propositis
445 4237 470 4283 C.
583 4232 606 4278 b.
626 4231 708 4278 inisset
728 4248 771 4278 om.
789 4235 822 4278 Μ.
931 4243 951 4276 c.
972 4249 1029 4278 carr.
1045 4234 1067 4278 tn
1088 4231 1200 4278 seducunt
1216 4235 1243 4280 C.

1 4361 2 4364 ,
78 4315 221 4378 artem.
237 4315 426 4375 arraona,
443 4313 526 4369 erar,
542 4313 613 4360 cor.
691 4326 710 4357 ο.
733 4329 789 4358 corr.
805 4314 827 4358 a
844 4311 945 4358 utrina
962 4312 988 4358 c.

1 4449 2 4524 p
145 4422 168 4475 l·
191 4421 226 4476 ss·
