3024 4864
303 245 366 312 176
549 264 576 312 s.
594 264 771 315 normann
792 265 836 312 nr
858 265 961 313 nnnnr
981 265 1169 314 nnmnonnn
1192 265 1222 312 ce

141 417 281 472 tlt-747
300 410 431 486 mansit,
462 409 550 472 ostias
579 429 643 472 aen
673 421 717 472 est
744 411 909 492 cestipiam
936 411 1077 472 invenire
1086 401 1104 488 ¹,
1136 421 1192 472 aut
1219 420 1381 494 tamquam
1401 411 1457 472 ocis

300 523 500 588 tramoolnm
522 526 557 588 im
581 517 677 588 aere¹.
707 521 767 612 ,Et
788 527 862 608 post
883 541 998 608 pauca:
1025 522 1081 590 Sto
1104 536 1133 588 et
1153 545 1211 588 moe
1233 527 1305 589 moti
1325 527 1458 588 cosmam

300 640 468 704 decicimae
491 661 570 715 ecem·
593 642 628 702 im
650 639 846 724 omiopm'tate
867 647 994 704 mostra·
1017 642 1197 725 comtempti
1217 661 1334 704 samua.
1378 638 1459 704 Tnb'o

299 756 504 820 divertentia
525 755 652 838 infame
674 756 735 835 bii,
766 759 823 841 qui
840 767 1064 840 peccaveram
1093 753 1261 840 quomam*
1284 777 1356 841 apen
1379 757 1463 840 impii

299 882 461 956 tamquam
484 871 599 957 hanape
623 883 667 936 eet
689 893 770 957 quae
792 897 813 936 a
835 883 924 936 cento
947 871 1095 951 tollitur‘,
1125 885 1153 936 et
1175 884 1337 956 tamquam
1358 891 1462 956 epaon

297 987 429 1072 pracilio
453 1007 534 1071 quoe
556 1011 577 1050 a
595 987 739 1072 procella
761 989 964 1074 deiperpitar,
989 999 1017 1052 et
1039 1000 1201 1073 tamquam
1213 983 1348 1070 sumac‘
1372 987 1462 1071 quio

299 1115 388 1167 emto
411 1102 545 1187 differem
568 1114 621 1182 eet,
647 1116 675 1168 et
696 1116 858 1188 tamquam
875 1106 1027 1167 memorie
1041 1103 1173 1189 boapitia
1188 1105 1282 1168 amica
1298 1104 1364 1166 diei
1374 1123 1463 1188 prac-

300 1211 473 1283 tereumtie⁸.
507 1216 551 1283 Et
572 1216 665 1284 alias:
689 1219 849 1284 Numerata
872 1221 995 1284 dieram
1016 1222 1100 1284 citae
1114 1219 1259 1298 bominis,
1283 1221 1313 1282 ei
1326 1218 1462 1297 multam

300 1333 419 1398 'emtam
443 1336 530 1413 amni,
556 1339 650 1419 quati
667 1335 807 1421 parmata
828 1347 919 1421 putta
934 1336 973 1400 de
986 1357 1101 1420 mapmo
1117 1337 1203 1399 meari
1216 1336 1383 1421 depm
1400 1328 1463 1399 eet‘.

300 1447 386 1514 Haec
408 1448 493 1514 enim
516 1449 621 1514 omnia
644 1449 817 1516 secundum
839 1451 1057 1516 auctoritatem
1081 1454 1209 1516 sanotae
1232 1449 1410 1535 scripturae
1423 1469 1467 1514 re-

300 1585 371 1630 rum
393 1563 569 1630 conlatione
592 1564 754 1632 simillima
777 1571 859 1632 sunt.
896 1564 950 1632 Sic
972 1570 1004 1632 et
1026 1565 1156 1632 lacobus
1179 1566 1277 1632 frater
1293 1564 1425 1632 Domini
1439 1569 1467 1630 et

301 1679 471 1766 apostolus,
492 1679 531 1745 de
546 1681 644 1767 impio
659 1681 758 1748 divite
773 1682 949 1769 disputans,
966 1681 1062 1748 dixit:
1088 1681 1179 1749 Sient
1185 1685 1249 1768 flos
1255 1683 1353 1766 foeni
1365 1695 1467 1748 mam·

299 1797 375 1874 thia
404 1811 529 1862 coortam
558 1810 603 1862 eet
631 1801 714 1863 euim
742 1800 791 1864 eol
818 1821 888 1864 eum
914 1801 1030 1864 ardore
1052 1812 1081 1864 ct
1103 1799 1247 1884 arefecit·
1261 1799 1417 1882 semcm3
1444 1810 1469 1861 et

292 1915 357 1999 floc
385 1916 451 1978 eim
478 1915 609 1993 decidit,
642 1926 670 1978 et
692 1915 785 1979 decor
807 1915 909 1980 vitm
933 1918 998 1980 ciue
1021 1911 1178 2001 depmt‘,
1208 1916 1255 1979 ita
1277 1926 1306 1978 et
1328 1914 1418 1980 diuet
1438 1916 1469 1977 ιἰι

299 2031 464 2096 itineribus
493 2031 559 2094 auio
581 2025 769 2094 marcescit.
815 2027 858 2095 Et
879 2030 951 2114 ipsa
973 2030 1089 2096 veritas
1112 2029 1145 2094 in
1169 2027 1332 2111 euangelio
1354 2048 1471 2115 propo

299 2165 377 2212 nens
400 2144 496 2211 dixit:
522 2145 609 2227 Quid
631 2148 714 2210 emim
730 2147 879 2232 proderit
899 2147 1035 2227 bomini,
1064 2149 1094 2210 ei
1115 2147 1269 2212 lucretar¹
1290 2149 1471 2212 univercum

299 2264 461 2341 mundam,
486 2265 611 2326 amimae
629 2284 701 2326 cero
723 2283 799 2326 ettae
819 2263 1035 2328 detrimentum
1045 2256 1251 2349 patintnri⁶¹¹
1284 2259 1372 2326 Nihil
1389 2261 1472 2327 enim

374 2381 393 2418 *
419 2401 465 2458 up.
488 2383 653 2440 Willelmam
681 2381 957 2442 Mulmecbariencem
987 2393 1013 2440 ct
1037 2384 1195 2442 Bur-omium
1224 2385 1314 2440 mam
1340 2383 1473 2458 epistolae

419 2484 470 2538 lete
494 2489 550 2538 eet:
575 2478 777 2556 Quapropter,
804 2477 847 2540 fili
875 2479 1041 2556 carissime,
1066 2481 1198 2556 paternis
1224 2485 1254 2540 te
1281 2483 1312 2539 et
1337 2478 1475 2539 subnixis

419 2577 557 2652 precibus
578 2575 778 2653 deprecamur,
800 2581 911 2636 utnon
933 2577 1080 2652 despicias
1100 2578 1255 2638 consilinm
1275 2582 1397 2654 patrum
1412 2582 1474 2638 tun·

420 2692 493 2751 rnm,
515 2675 566 2750 qni
586 2691 640 2749 pro
655 2673 710 2732 Dei
731 2691 831 2735 amore
845 2679 926 2734 tuam
941 2677 1090 2751 appellare
1104 2675 1307 2734 celsitudinem
1323 2681 1476 2752 satagunt.

419 2770 503 2832 Nihil
523 2771 602 2830 enim
623 2771 701 2830 bono
721 2773 784 2848 regi
805 2773 962 2850 salubrius,
983 2789 1072 2848 qnam
1089 2773 1114 2832 si
1129 2774 1202 2833 talia
1215 2773 1386 2850 commissa,
1409 2789 1478 2832 cnm

419 2873 590 2946 arguuntur,
611 2869 737 2928 libenter
758 2870 959 2947 emendentur,
980 2870 1051 2946 quia
1071 2887 1124 2946 per
1140 2870 1326 2930 Salomonem
1347 2871 1477 2932 dicitur:

421 2967 477 3038 Qui
496 2968 587 3043 dilipit
606 2967 792 3044 ds'aciplinam,
814 2968 904 3045 dilo'pit
922 2970 1115 3046 enpimtinm'.
1147 2968 1226 3046 Ideo,
1248 2967 1291 3028 fili
1308 2969 1480 3044 carissime,

420 3064 609 3124 ostendentes
630 3063 784 3124 consilium
806 3065 925 3142 iustum,
946 3070 1146 3126 contestamur
1166 3072 1197 3125 et
1216 3067 1412 3127 obsecramus
1427 3083 1481 3144 per

420 3161 569 3221 viventem
583 3161 676 3221 Deum
699 3166 730 3220 et
750 3179 802 3237 per
822 3161 886 3220 eins
906 3162 997 3221 lilium
1013 3164 1108 3223 Iesum
1123 3163 1272 3224 Christum
1292 3167 1322 3224 et
1340 3182 1398 3240 per
1413 3165 1482 3241 Spi-

420 3259 508 3318 ritum
531 3263 675 3335 sanctum,
695 3263 728 3318 nt
748 3260 922 3336 recorderis,
943 3277 1031 3336 qnam
1051 3261 1178 3338 fugitiva
1197 3263 1237 3323 sit
1252 3263 1315 3322 vita
1329 3280 1483 3338 praesens

420 3361 450 3416 et
469 3372 557 3431 quam
579 3356 678 3415 brevis
697 3361 727 3416 et
740 3373 829 3432 quam
843 3363 1049 3418 momentanea
1062 3359 1219 3419 delectatio
1233 3377 1358 3436 spurcae
1374 3361 1486 3422 carnis

420 3459 451 3514 et
470 3470 558 3530 quam
580 3453 806 3530 ignominiosum
822 3455 869 3532 sit,
891 3459 924 3515 nl
937 3457 1036 3516 brevis
1050 3457 1128 3516 vitas
1142 3455 1230 3516 homo
1245 3459 1322 3517 mala
1336 3461 1486 3535 exempla

420 3552 643 3628 inperpetuum
665 3553 792 3628 posteris
812 3553 969 3629 relinquat.
1005 3554 1106 3631 Incipe
1126 3572 1197 3631 ergo
1218 3555 1396 3616 melioribus
1418 3575 1486 3618 mo

420 3649 502 3710 ribus
522 3651 614 3710 vitam
635 3667 811 3727 componere
832 3655 862 3710 el
882 3653 1057 3727 praeteritos
1077 3669 1192 3713 errores
1206 3653 1368 3714 iuventutis
1384 3657 1487 3716 corri-

420 3765 505 3826 gere,
533 3751 565 3806 nt
591 3747 640 3808 hic
665 3765 765 3808 coram
793 3747 963 3809 hominibus
989 3750 1105 3810 laudem
1133 3748 1245 3810 habeas
1269 3751 1350 3811 etin
1373 3751 1489 3814 futuro

421 3849 543 3906 aeterna
567 3845 664 3922 gloria
687 3845 829 3922 gaudeas.
867 3847 973 3908 Valere
1000 3848 1204 3910 celsitudinem
1229 3851 1363 3909 tuamet
1388 3851 1491 3912 bonis

420 3943 551 4002 moribus
571 3941 714 4018 prolicere
734 3948 879 4020 optamus.

374 4083 394 4116 ι.
413 4083 465 4116 nam
481 4069 539 4122 MV,
559 4067 602 4115 nfa
617 4071 643 4118 C.
714 4070 737 4116 b.
759 4071 813 4130 qnia
829 4075 854 4120 c.
925 4085 945 4118 c.
964 4071 1058 4119 tolletur
1075 4073 1131 4120 MV.
1202 4073 1225 4120 d,
1248 4089 1290 4119 on.
1307 4076 1333 4122 C.
1415 4091 1441 4123 a.
1466 4081 1493 4126 et

302 4151 359 4196 add
377 4153 410 4196 Μ.
487 4148 503 4194 l.
524 4147 613 4208 deperit
629 4149 686 4196 MV.
763 4163 784 4209 g.
806 4155 829 4197 et
848 4153 924 4198 cetera
940 4155 980 4206 nl,
1000 4153 1039 4198 ait
1059 4163 1083 4199 m
1103 4156 1124 4200 o·
1144 4153 1266 4214 Vraelr'pnu
1287 4154 1377 4201 duur.
1417 4161 1496 4216 οη,

301 4239 428 4291 sequuntur,
443 4237 495 4275 aaut
510 4231 534 4274 ia
550 4231 576 4276 C.

373 4308 397 4361 1.
422 4304 639 4375 Sapit-10·
728 4305 754 4360 2.
778 4304 881 4378 cmo,
895 4310 938 4363 11.
1021 4311 1048 4366 3.
1072 4309 1136 4380 Sap.
1149 4309 1175 4380 5,
1189 4311 1307 4367 13-15.
1396 4313 1432 4370 4.
1454 4315 1498 4373 V.

301 4392 480 4463 annuas.
552 4390 845 4464 o.1mob.1‚10.11.
917 4398 944 4453 e.
966 4397 1064 4455 nem
1078 4399 1177 4469 raas
1248 4399 1497 4475 r.rrov.1a,1.
