3148 4846
451 321 638 372 uersuum
659 322 887 372 nroeununrnu
908 323 940 370 ru
1212 305 1277 375 295

112 459 175 532 47.
197 463 390 532 haereseo
416 465 513 532 abbas
543 479 572 533 et
592 467 740 533 moouobe'
762 465 798 535 S.
817 465 925 534 Voom·
944 466 1153 535 Virdooeooea
1175 465 1276 534 Adel·

132 641 136 646 .
199 579 320 648 bertum
348 581 373 648 Ι
395 583 666 671 archiepiscopum
697 584 921 671 moyssacum
952 596 1081 670 repunt,
1116 597 1208 672 aput,
1242 596 1279 650 ut

200 697 371 764 Heima'caa
393 699 417 764 I
434 701 598 786 epiecopus
620 699 825 766 Virdomaro
847 700 954 766 dictu
975 700 1039 766 sios·
1058 701 1227 766 restabuot‘.

199 829 342 915 Aiberto,
366 831 467 898 amico
491 853 557 917 suo,
580 832 641 900 Dei
656 834 759 918 gratia
773 831 957 918 Moguntino
973 831 1144 901 venerabili
1159 831 1278 900 archie-
1288 845 1445 902 1123-1124

109 945 251 1033 piscopo,
274 947 357 1014 sedis
381 947 570 1035 apostolicae
592 949 706 1034 legato,
729 945 936 1016 Laurentius¹
958 955 990 1018 et
1012 949 1278 1034 congregatione

109 1059 225 1128 clesise
248 1060 280 1130 S.
303 1061 412 1130 vitoni
441 1063 476 1130 in
499 1064 648 1132 suburbio
670 1063 862 1133 virdunensi
885 1065 1030 1133 devotam
1053 1065 1279 1133 subiectionem

109 1183 143 1245 ot
163 1176 272 1245 fideles
294 1179 329 1246 in
350 1177 420 1246 Deo
442 1181 608 1248 orationes.

199 1293 296 1362 Novit
321 1300 408 1362 terra
429 1301 462 1362 et
483 1316 576 1364 omne
597 1298 766 1385 imperium
789 1296 987 1364 devotionem
1008 1295 1225 1364 fidelissimam
1248 1301 1280 1364 et

108 1427 260 1495 amorem,
284 1430 376 1496 quem
398 1411 520 1480 habetis
544 1431 620 1497 erge
639 1412 813 1480 Romanam
835 1413 1008 1480 ecclesium.
1041 1412 1086 1481 Et
1103 1414 1176 1499 quia
1190 1413 1279 1481 illam

107 1547 206 1614 super
234 1547 346 1594 aurum
375 1533 406 1595 et
433 1524 599 1616 topaziou'
621 1534 653 1596 et
680 1549 775 1617 super
803 1547 928 1597 omnem
951 1528 1084 1596 salutem
1112 1529 1278 1616 dilexistis,

107 1663 167 1730 pro
190 1644 258 1710 eius
282 1643 462 1712 defensione
485 1644 601 1712 multos
623 1645 747 1713 labores
770 1651 802 1713 et
822 1643 964 1733 pericula
984 1644 1085 1712 multa
1100 1651 1132 1712 et
1147 1645 1279 1714 aduersa

108 1760 312 1828 sustinrdstis.
345 1759 533 1828 Benedictus
548 1760 645 1846 Deus,
669 1761 723 1846 qui
745 1761 832 1828 dedit
853 1761 943 1828 vobis
966 1766 999 1828 et
1019 1760 1099 1828 velle
1122 1766 1153 1828 et
1175 1781 1277 1849 posse.

198 1874 405 1943 concordiam
440 1878 535 1944 etiam
568 1877 652 1945 inter
684 1897 815 1962 regnum
851 1883 884 1943 et
916 1877 1143 1962 sacerdotium,
1183 1899 1278 1963 quam

108 1989 226 2058 afflicta
249 1993 303 2060 diu
325 1992 532 2061 desiderando
555 1993 687 2062 ecclesia
709 1993 903 2080 expectavit,
931 1997 1006 2080 post
1027 1998 1117 2060 tenta
1139 1993 1224 2062 mala
1247 1999 1279 2062 et
1407 2001 1410 2010 “

107 2107 279 2176 seditiones
312 2129 370 2197 per
402 2129 459 2176 vos
487 2109 626 2178 maxime
653 2109 795 2197 recipere
823 2103 964 2177 meruit'.
1010 2109 1077 2177 Nec
1103 2109 1281 2178 inconsulta

106 2227 215 2292 tamen
245 2231 277 2292 et
302 2225 536 2294 inconsiderata
563 2226 673 2294 eadem
702 2226 868 2293 concordia
896 2225 1065 2312 processit3
1096 2227 1170 2313 quia
1197 2228 1280 2295 inter

106 2340 276 2427 salutaria,
308 2361 388 2428 quae
410 2341 455 2410 ibi
478 2341 728 2426 determinandis,
757 2342 885 2431 pietatis
908 2342 1039 2410 oonsilio
1061 2341 1225 2411 inventum
1248 2349 1280 2412 et

107 2458 315 2525 constitutum
337 2461 400 2525 est:
424 2463 460 2524 ut
482 2457 676 2546 exspoliatae
697 2459 847 2527 ecclesiae
861 2457 911 2526 uel
926 2475 1045 2546 omues,
1068 2461 1123 2546 qui
1137 2465 1280 2547 tempore

107 2573 273 2641 seditionis
308 2573 470 2642 occasione
504 2573 590 2643 iliius
619 2575 794 2643 discordiae
820 2575 891 2642 iura
919 2595 977 2644 sua
1006 2581 1039 2644 et
1065 2578 1279 2664 possessiones

106 2689 321 2778 perdiderant,
344 2690 468 2760 illibata
488 2692 673 2780 reciperent

197 2805 242 2873 Et
263 2807 338 2893 quia
359 2829 416 2875 nos
440 2828 563 2895 quoque
586 2807 750 2893 quaedum,
774 2827 854 2893 quae
876 2807 916 2876 ab
940 2807 1189 2876 antecessoribus
1207 2807 1279 2876 Vir-

107 2921 297 2990 duueusium
314 2925 481 3013 episcopis,
504 2923 722 2992 fundatoribus
738 2925 858 2993 scilicet
873 2923 1022 2992 ecclesiae
1036 2930 1172 3009 nostrae,
1188 2925 1278 2992 nobis

106 3038 225 3106 coliata
246 3043 321 3106 sunt
343 3044 375 3107 et
395 3040 569 3127 privilegiis
592 3041 807 3128 apostolorum
830 3044 862 3108 et
882 3040 1110 3128 imperatorum
1130 3041 1208 3108 olim
1227 3061 1279 3108 ro·

106 3155 229 3240 borota
253 3175 312 3243 pro
335 3157 444 3223 eadem
467 3156 625 3224 discordia
645 3177 747 3244 nuper
769 3156 979 3244 perdidimus,
1002 3175 1081 3243 puoe
1101 3157 1201 3243 iacta,
1224 3179 1279 3224 uo·

106 3270 225 3338 luimus
248 3272 366 3339 reuerti
389 3273 428 3339 ad
450 3273 521 3340 iura
542 3279 660 3350 nostra.
704 3272 749 3340 Et
770 3273 902 3361 prolatis
925 3273 1110 3361 privilegiis,
1133 3275 1279 3342 conveni·

106 3407 180 3454 mus
195 3387 343 3455 domnum
359 3385 549 3456 Henrioum‘
564 3389 746 3477 episcopum
760 3395 919 3457 nostrum:
943 3395 987 3474 ut,
1004 3390 1079 3476 quia
1093 3410 1127 3457 se
1142 3389 1278 3458 amicum

107 3508 141 3572 et
163 3503 359 3572 obedientem
382 3505 543 3574 Romanae
566 3506 716 3573 ecclesiae
737 3504 958 3593 profitebatur,
980 3507 1071 3573 nobis
1095 3506 1201 3574 ablata
1222 3529 1278 3595 pe-

107 3618 197 3687 cifice
217 3621 408 3688 restitueret.
445 3621 507 3690 Sed
528 3621 615 3689 nullo
637 3622 731 3689 modo
755 3621 923 3707 adquieuit.
959 3621 1056 3691 Nobis
1074 3643 1147 3707 ergo
1162 3623 1279 3691 iterum

110 3741 204 3824 atque
226 3738 342 3806 iterum
363 3739 474 3806 eadem
487 3739 703 3828 repetentibus
717 3737 834 3823 illoque
847 3738 1003 3806 iustitiam
1017 3758 1081 3806 non
1096 3739 1278 3828 recipiente,

109 3853 264 3942 compulsi
287 3873 394 3922 sumus
409 3853 543 3924 Romam
565 3855 653 3924 adire
674 3860 706 3922 et
720 3855 835 3923 domno
850 3875 952 3943 papae
968 3853 1135 3938 calixto*
1151 3876 1278 3924 causam

108 3975 250 4038 nostram
273 3990 451 4055 suggerere.
488 3970 546 4038 lile
568 3975 684 4055 autem,
708 3971 799 4039 nobis
821 3971 1026 4059 compatiens,
1049 3973 1277 4059 querimoniam

183 4117 204 4152 ι.
224 4121 276 4160 „a
301 4105 401 4152 arethio
423 4107 449 4154 S.
464 4105 561 4154 73¹th
583 4106 701 4154 edideram
726 4109 828 4154 mmm
851 4115 874 4152 et
895 4107 994 4154 Durasd
1014 4107 1078 4156 stu.
1098 4108 1179 4156 cnud.
1195 4109 1277 4157 18⁷4„

109 4183 131 4231 b.
154 4187 189 4233 cic
208 4186 292 4244 scripsi
307 4201 365 4244 pro.-
386 4183 405 4230 0
427 4183 476 4243 ιὼς
499 4189 531 4243 cf.
547 4187 665 4234 Lwesrtt
684 4187 713 4234 de
731 4187 818 4235 leodio
837 4195 903 4250 putu
924 4189 1077 4246 episcopm
1099 4189 1277 4246 rodemiam,

109 4267 173 4312 lion.
190 4267 262 4312 Gom.
280 4265 321 4313 SS.
338 4264 426 4313 16⁰6.

180 4344 206 4397 1.
231 4339 318 4397 abbas
336 4341 364 4398 S.
377 4341 471 4400 Vitoni
484 4341 674 4400 virdunensis.
745 4343 771 4400 2.
793 4343 839 4400 Ps.
852 4343 912 4414 118,
926 4343 987 4400 127.
1058 4343 1085 4400 3.
1106 4344 1276 4402 aoncilii.

109 4429 134 4494 4.·
158 4431 375 4488 11117-1129.
