3164 4842
333 261 1055 342 vmnrnmmrrrms.uorsmarucs1>.rnr
1209 276 1275 342 469

111 432 280 500 carnaliter
305 433 448 502 dolerent
476 437 508 500 et
529 433 669 500 futurum
693 433 753 501 sibi
776 434 903 520 mirque
924 434 957 500 in
980 437 1142 522 posterum
1163 453 1276 521 perpe·
1303 443 1355 498 roo

72 550 73 554 ‘
110 549 239 617 umor
260 555 429 636 paeonum
450 549 621 618 omont
1295 515 1364 563 Μ’*

201 664 408 752 Quapropter,
431 665 564 749 geminis
586 666 635 733 his
658 667 762 734 causis
785 665 1001 750 existentibus,
1024 666 1192 752 conpuncti
1207 686 1275 733 ccr-

109 781 203 849 dibns
225 801 296 848 cum
319 781 503 868 presbiteris
526 801 563 848 ac
585 781 766 849 diaconibus
789 782 936 867 omnique
950 781 1050 866 godo
1066 781 1274 850 ecclesiastico

109 897 150 964 ad
174 917 263 981 enm,
286 917 379 984 quam
401 898 511 966 vivens
532 897 831 984 praedistinarerot,
853 893 974 964 locum¹
995 896 1211 984 perduxerunt
1233 903 1274 984 et,

108 1033 191 1080 noro
219 1015 252 1080 in
281 1013 431 1082 aecclesia
458 1015 597 1082 contacto
625 1015 803 1098 sarcofago,
834 1034 874 1080 ex
901 1033 988 1082 more
1011 1013 1196 1100 sepelientes
1219 1035 1275 1101 po·

108 1133 249 1196 sueruut
290 1128 505 1215 Omnibusque
529 1131 590 1198 rite
616 1130 770 1217 peractis,
796 1130 960 1198 redierunt
987 1137 1036 1214 et,
1066 1128 1141 1218 fidei
1163 1131 1276 1198 robora

106 1245 285 1329 confortati,
310 1245 350 1312 ed
372 1246 504 1333 propria
523 1251 743 1332 pervenerunt

199 1359 261 1428 Sed
282 1361 317 1428 in
338 1361 417 1447 loco,
440 1361 495 1429 ubi
517 1367 658 1430 eandum
683 1362 895 1449 deposuerunt
916 1379 1041 1448 corpus,
1063 1360 1172 1428 divina
1185 1360 1275 1428 dein·

12 1517 14 1522 .
106 1495 183 1563 caps
205 1475 357 1544 mneficia
377 1477 605 1546 redundabant
640 1477 683 1544 Et
705 1479 806 1544 sancti
830 1477 891 1544 riri
913 1477 1058 1563 precibus
1081 1477 1137 1562 hii,
1160 1477 1214 1562 qni
1235 1477 1275 1544 ad

106 1591 241 1660 cundem
265 1592 398 1660 dirersis
420 1591 655 1662 infirmitatibus
674 1593 794 1662 obsessi
808 1593 999 1680 perveniunt
1011 1593 1125 1678 locum,
1150 1592 1274 1660 salubre

105 1713 173 1774 tam
201 1727 367 1796 corporum
397 1729 491 1794 quam
520 1710 616 1777 etiarn
643 1710 796 1776 mentium
824 1708 998 1776 remedium
1026 1714 1273 1794 consequuntur3

104 1823 154 1892 ita
180 1829 217 1890 ut
244 1823 316 1908 alii,
343 1825 408 1892 iam
436 1829 504 1893 tcto
535 1845 665 1913 corpore
693 1825 896 1912 praemortui
916 1845 1059 1911 peneque
1088 1844 1146 1911 per
1168 1823 1274 1892 omnia

104 1941 279 2024 exanimes,
301 1939 447 2008 ultimum
470 1947 576 2008 tammo
599 1942 726 2008 interim
743 1941 924 2008 craluutas·
940 1941 1098 2027 spiritum,
1121 1941 1274 2027 pristinae

103 2056 222 2123 redditi
250 2055 341 2123 suutb
364 2056 527 2138 sanitati⁰;
560 2057 615 2124 alii
641 2079 735 2141 vero,
766 2056 936 2123 luminibus
964 2057 1116 2122 caecitate
1143 2056 1273 2142 pressis,

103 2193 198 2240 suum
213 2173 371 2259 recipiunt
384 2173 503 2254 visum3
527 2173 581 2240 alii
597 2173 722 2258 quidem
738 2171 855 2240 diaboli
869 2172 990 2258 laqueis
1006 2172 1159 2257 adstricti,
1177 2173 1273 2238 etiam

101 2293 211 2356 manta
238 2295 314 2356 sunt
342 2289 427 2376 cepti
455 2295 487 2356 et
514 2290 723 2374 insanientes,
754 2289 853 2356 animi
879 2288 1080 2376 postmodum
1107 2287 1273 2356 detcnentd

101 2403 329 2488 integritatem.
369 2403 412 2471 Et
444 2405 581 2492 pristina
614 2405 712 2472 dediti
743 2405 871 2487 salute‘,
905 2405 1069 2474 laudantes
1097 2403 1274 2489 glorificant

101 2519 223 2604 Deum,
248 2521 302 2606 qui
325 2541 417 2588 suum
439 2521 586 2604 dignatus
609 2527 658 2588 cst
680 2541 806 2588 serrum
828 2525 917 2588 tauto
939 2542 1070 2588 munere
1093 2521 1273 2588 decoratum

101 2635 206 2704 ditare
230 2641 262 2702 et
283 2635 437 2702 bonorare
460 2641 502 2721 ct,
525 2637 743 2724 praesentibus
765 2657 801 2704 ac
819 2637 988 2704 secuturie¹
1002 2637 1178 2706 seculorum
1193 2642 1273 2704 tcm-

99 2750 233 2838 poribus
258 2752 426 2820 cbcrusca⁸
448 2752 672 2820 miraculorum
694 2753 904 2840 patefactione
925 2759 1069 2835 ostansa,
1099 2752 1272 2837 quadrage·

100 2867 184 2934 simo
212 2868 474 2954 peregrinationis
505 2869 571 2935 eius
600 2889 683 2935 anno
704 2869 846 2938 revoluto
870 2868 1059 2956 glorificare
1093 2869 1147 2953 qui
1170 2873 1202 2935 et
1223 2869 1271 2934 in-

98 2983 294 3052 carnationis
326 2984 456 3052 Domini
496 2985 791 3071 septingentesimus
831 2983 1107 3070 quinqucgasimus
1142 2984 1271 3069 quintus

99 3119 215 3184 annus,
238 3119 309 3167 cum
331 3101 503 3168 indictione
525 3105 644 3183 octava,
667 3105 865 3187 conputatur.
902 3099 990 3167 Sedit
1012 3099 1135 3166 autemh
1153 3099 1186 3166 in
1204 3099 1271 3188 epi·

98 3216 245 3302 scopato*
269 3236 367 3284 annos
390 3220 449 3301 36,
477 3235 601 3283 meuses
624 3217 644 3282 6
668 3221 701 3280 et
723 3215 789 3284 dies
814 3212 861 3283 6¹.
895 3215 940 3282 Et
967 3215 1013 3282 sic
1042 3215 1151 3284 ordine
1173 3237 1271 3304 supra

98 3331 220 3418 scripto
242 3332 293 3400 die
308 3333 469 3400 Nonarum
492 3332 681 3417 luniarnm',
704 3332 850 3420 martyrii
865 3330 1025 3419 triumpho
1040 3339 1269 3418 remuneratus,
1287 3353 1361 3400 runc

98 3448 251 3532 migrarit
277 3449 317 3516 ad
340 3449 525 3530 Dominum3
556 3449 607 3516 cui
628 3455 678 3516 eat
699 3447 798 3516 honor
821 3453 853 3516 et
874 3448 976 3533 gloria
996 3447 1031 3514 in
1054 3448 1159 3516 secula
1181 3469 1269 3518 sacu-

96 3563 225 3632 lorum¹.

173 3783 194 3814 a
216 3785 273 3816 corr.
289 3773 311 3816 ie
328 3768 459 3816 exhalantes
475 3775 502 3818 A.
592 3769 614 3816 b.
636 3769 682 3816 sint
697 3774 725 3817 A.
811 3783 831 3816 c.
853 3769 949 3816 sanitate
965 3772 991 3817 1.
1079 3769 1101 3816 d.
1122 3769 1225 3816 detinent
1240 3773 1268 3816 A.

99 3865 119 3898 a.
140 3849 251 3934 pristinae
270 3873 295 3881 -
313 3849 381 3896 saluti
397 3853 424 3896 A.
491 3848 507 3894 i.
528 3847 610 3896 futuris
627 3852 653 3896 A.
722 3863 743 3908 g.
766 3863 861 3896 corusca
877 3851 905 3896 A.
971 3847 994 3894 h.
1010 3848 1029 3896 lr‘
1045 3851 1070 3896 F.
1138 3849 1154 3895 i
1177 3850 1228 3909 apis
1244 3851 1269 3895 F.

97 3927 122 3976 k.
141 3927 182 3976 lun
199 3931 224 4000 ξ’,
240 3933 268 3976 A.
344 3929 361 3976 l.
380 3931 453 3976 Amen
469 3929 527 3976 odel.
542 3933 570 3976 A.

171 4036 196 4088 1.
219 4033 349 4106 liddam,
366 4051 394 4090 v.
412 4049 496 4104 supra
513 4050 540 4104 p.
552 4033 606 4088 463
623 4049 650 4088 n.
664 4034 688 4088 1.
761 4033 786 4088 2.
810 4031 977 4088 Bonifatium
996 4032 1098 4088 scimus
1110 4031 1137 4086 d.
1150 4033 1186 4086 30
1198 4032 1267 4088 Nor.

97 4137 125 4178 a
142 4123 194 4178 Μ
219 4123 375 4193 episcopum
399 4122 503 4178 iactum
527 4136 588 4176 csse
611 4123 653 4188 (v.
672 4137 755 4191 supra
776 4139 803 4192 p.
816 4123 874 4189 21).
909 4120 987 4176 Sedit
1006 4121 1100 4190 itaque
1123 4136 1209 4176 annos
1232 4123 1267 4176 32

98 4213 243 4267 mensesb
266 4211 326 4266 dies
344 4213 374 4282 63
398 4209 532 4281 facileque
557 4211 686 4280 cognosci
708 4216 812 4280 potest,
837 4225 919 4280 quam
942 4211 997 4265 levi
1020 4223 1111 4266 errore
1128 4224 1178 4280 pro
1198 4226 1266 4279 ,an-

96 4315 150 4356 nos
166 4300 275 4356 XXXII
297 4315 406 4356 menses
424 4299 464 4356 VI
487 4304 516 4355 et
538 4299 598 4354 dics
616 4297 675 4356 VI“
700 4299 831 4370 scriptum
849 4299 899 4354 sit:
928 4314 1035 4370 ,annos
1053 4297 1175 4354 XXXVI
1193 4313 1267 4356 meu·

96 4403 145 4444 saa
158 4389 198 4447 Vl
216 4393 245 4445 et
262 4388 321 4444 dies
335 4387 404 4446 vlt
