3090 4848
297 237 361 306 152
521 255 548 303 s.
567 256 741 304 nonnnrn
763 257 807 304 nu
829 257 932 304 noum
953 255 1140 304 nnmronnn
1163 254 1201 302 ιι.
1217 254 1247 302 sa

206 407 258 462 745
385 396 453 464 Tua
475 402 581 464 autem
604 397 796 482 reverentia,
826 404 863 465 ιιι
890 397 1064 464 auxiliante
1087 396 1222 463 Domino
1252 397 1369 483 eoepit,
1395 397 1453 462 rice

188 479 273 526 ΟΜ]
294 518 404 580 norbo
426 512 571 580 volumus
594 519 631 580 ιιι
653 515 739 580 omni
762 533 844 580 anno
868 519 942 600 opto
966 519 1109 601 tempore
1131 513 1164 580 in
1178 511 1371 580 Francorum
1390 531 1455 598 pro

294 629 399 696 vincia
416 629 582 696 concilium
600 628 712 696 debeat
727 629 900 695 celebrare:
925 635 970 712 ut,
993 629 1172 714 frequentia
1186 628 1384 696 sacerdotnm
1397 629 1456 695 sire

293 746 466 812 institutis·
489 765 650 812 sacrorum
673 764 828 812 canonum
846 744 1068 827 mediantibus,
1091 743 1184 810 illucb
1204 745 1279 830 quid
1299 744 1456 812 adversm

293 861 381 929 nullo
410 861 503 927 modo
527 860 632 928 valeat
654 861 825 947 pullulare;
860 861 915 928 sed
938 863 1054 946 magis,
1087 860 1255 928 aecclesiae
1277 859 1337 926 Dei
1360 859 1458 926 unitas

294 985 326 1045 et
354 977 523 1063 disciplina
550 976 704 1044 catholiea
727 981 821 1061 atque
845 977 1019 1063 apostolica
1041 977 1157 1062 ubique
1179 977 1213 1042 in
1236 976 1299 1042 illis
1322 975 1458 1062 partibus

294 1094 436 1178 dilatata,
460 1098 590 1160 cunetae
613 1093 803 1179 populorum
831 1092 942 1159 turbae
971 1093 1067 1160 etiam
1095 1094 1130 1158 in
1158 1092 1294 1160 occiduis
1322 1092 1459 1178 partibus

294 1211 363 1278 veri
385 1209 531 1278 catholici
555 1229 624 1276 esse
647 1209 772 1295 possint
794 1213 827 1275 et
848 1229 912 1276 non
935 1208 1081 1294 amplius,
1104 1229 1163 1295 per
1177 1209 1273 1275 falsos
1289 1208 1460 1275 sacerdotes

294 1326 453 1394 erroribus
476 1325 619 1408 involuti,
644 1324 867 1408 demergantur
889 1326 923 1390 in
947 1325 1118 1391 interitum.
1158 1324 1243 1390 Dum
1265 1344 1339 1391 uero
1363 1324 1460 1391 conoi-

293 1443 373 1509 lium
402 1442 640 1526 aggregaveris,
670 1441 716 1506 sic
742 1447 799 1507 tua
825 1441 1008 1508 fraternitas
1037 1439 1217 1507 conflictum
1250 1440 1366 1508 habeat
1396 1461 1460 1507 cum

295 1557 558 1645 metropolitanis,
583 1577 660 1642 quos
683 1556 949 1642 confirmavimus,
974 1558 1012 1624 de
1036 1577 1073 1624 eo
1097 1557 1180 1642 quod
1203 1557 1322 1640 dixisti,
1345 1563 1383 1623 ιιι
1396 1555 1461 1622 nnl-

295 1675 345 1742 lus
375 1675 443 1740 sine
470 1673 739 1740 commendaticiis
768 1674 959 1760 suscipiatur
982 1673 1133 1761 epistolis.
1226 1673 1344 1740 Tamen
1370 1708 1404 1718 —
1434 1677 1462 1738 et

296 1811 353 1878 pro
381 1791 441 1857 hoc
469 1791 538 1876 ipso
568 1795 599 1855 et
626 1809 685 1876 pro
712 1789 856 1856 omnibus
881 1827 922 1835 —
945 1790 1140 1857 Francorum
1162 1789 1358 1876 principibus
1383 1809 1462 1856 eom·

295 1907 479 1976 monitionis
503 1905 675 1972 direximus
698 1905 836 1989 litteras,
859 1911 895 1971 ιιι
916 1907 980 1972 iam
1004 1907 1148 1994 superius
1170 1906 1228 1972 fati
1251 1926 1369 1972 sumus.

384 2023 433 2091 De
456 2023 583 2088 civitate
605 2041 741 2107 namque
764 2021 835 2106 illa,
865 2041 945 2106 quae
972 2042 1074 2108 nuper
1095 2021 1275 2108 Agrippina
1298 2021 1464 2088 vocabatur

296 2159 380 2206 nuno
407 2158 481 2205 vero
510 2137 655 2223 Colonia,
692 2138 782 2204 iuxta
815 2139 999 2224 petitionem
1028 2138 1219 2204 Francorum
1253 2157 1311 2224 per
1339 2143 1464 2204 nostae

297 2253 495 2323 auctoritatis
518 2259 723 2340 praeceptum
746 2255 866 2320 nomini
889 2259 943 2321 tuo
967 2252 1166 2341 metropolim
1196 2251 1464 2335 confirmavimus3

296 2377 329 2438 et
351 2375 424 2436 tuae
447 2370 608 2435 sanctitati
631 2369 804 2436 direximus
827 2391 884 2456 pro
905 2371 1019 2437 suturis
1036 2370 1230 2455 temporibus
1246 2370 1389 2436 eiusdem
1404 2390 1466 2438 me

296 2485 507 2573 tropolitanae
530 2483 699 2561 aecclesiae
723 2486 937 2553 stabilitatem.
983 2487 1070 2553 Deus
1093 2491 1125 2552 te
1148 2485 1334 2554 incolomem
1364 2491 1466 2554 custo

298 2603 375 2686 diat,
398 2599 652 2668 reverentissime
676 2607 708 2666 et
730 2601 927 2668 sanctissime
950 2602 1056 2668 irater.
1103 2602 1188 2669 Data
1209 2603 1329 2690 pridie⁰
1351 2601 1468 2670 Kalen-

297 2720 354 2786 das
377 2717 579 2802 Novembris,
602 2717 778 2802 imperante
801 2718 915 2784 domno
938 2718 1081 2804 piissimo
1106 2725 1238 2802 augusto
1261 2717 1468 2786 Constantino

298 2857 318 2902 a
339 2835 407 2902 Deo
430 2839 578 2901 coronato
601 2853 715 2916 magno
738 2833 929 2919 imperatore
951 2854 1033 2900 anno
1059 2836 1098 2900 nt
1110 2830 1128 2918 ¹,
1156 2839 1229 2921 post
1251 2833 1469 2907 consulatum*

297 2951 364 3019 eius
377 2970 470 3017 anno
493 2951 530 3034 5,
553 2949 725 3016 indictione
751 2952 800 3014 14.

776 3075 989 3085 ----

222 3107 226 3115 ¹
300 3135 361 3208 52.
387 3139 566 3203 Zacharias
584 3162 677 3225 popo
700 3139 888 3220 sacerdotes,
920 3139 1060 3220 abbatos,
1091 3139 1188 3203 laicos
1207 3161 1267 3224 per
1292 3135 1421 3206 Galliac
1445 3153 1472 3205 et

386 3244 586 3310 Francorum
607 3249 789 3331 prouincias
813 3247 993 3311 constitutos
1017 3247 1142 3326 laudat,
1171 3248 1257 3331 quod
1278 3249 1312 3310 ia
1334 3249 1469 3332 synodo,

388 3376 409 3417 a
424 3353 567 3439 Pippirro
592 3365 620 3418 et
635 3352 844 3418 Cbrionraono
864 3367 1042 3434 conuocato,
1066 3356 1110 3418 od
1124 3353 1287 3437 Bonefatr'i
1300 3368 1473 3441 praecepta

387 3461 562 3526 eacmdotes
589 3482 751 3546 perbereos
781 3461 966 3546 expulerint.
1012 3461 1183 3527 Victoriam
1207 3463 1375 3546 promittit.
1422 3462 1472 3526 De

387 3569 508 3652 synodo
533 3579 607 3652 quot
629 3571 722 3632 annia
744 3561 931 3632 bobendo⁸¹.
1087 3565 1122 3647 (S
1141 3567 1214 3649 137,
1237 3563 1276 3632 W
1291 3567 1345 3649 50,
1370 3565 1471 3646 G48)

202 3709 255 3763 745
387 3697 555 3765 Zacharias
589 3720 674 3786 popa
705 3701 861 3767 universis
891 3701 1047 3787 episcopis
1076 3698 1259 3786 presbiteris
1286 3699 1472 3767 diaconibus

176 3779 282 3840 lm)
299 3813 481 3900 abbatibus,
511 3817 630 3882 cunetis
660 3818 755 3882 etiam
784 3817 915 3883 ducibus
943 3817 1109 3884 comitibus
1137 3815 1344 3900 omnibusque
1366 3815 1473 3883 Deum

299 3931 494 4015 timentibus,
518 3952 575 4017 per
599 3931 716 3998 Gallias
741 3937 774 3998 et
794 3931 987 3999 Francorum
1010 3933 1189 4019 provincias
1213 3933 1404 3999 constitutis.

370 4079 391 4112 a.
411 4066 516 4112 instituta
532 4069 561 4112 M
565 4099 570 4118 ‚
592 4083 648 4110 corr.
665 4068 686 4110 ιη
703 4065 815 4111 institutis
832 4069 857 4113 C.
952 4065 974 4112 b.
995 4084 1051 4112 corr.
1068 4069 1090 4112 in
1105 4067 1153 4112 illic
1171 4070 1196 4114 C.
1289 4079 1309 4112 c.
1330 4065 1422 4124 pridiae
1439 4069 1473 4112 M.

299 4127 322 4174 d.
343 4126 390 4187 imp
403 4133 441 4184 M,·
458 4131 511 4188 pC,
528 4128 566 4173 ott
580 4145 659 4173 murras
673 4130 784 4187 posterior
799 4131 956 4186 superscripsit
971 4129 1060 4186 imperil
1077 4139 1122 4187 erp
1135 4129 1224 4174 delenit.
1250 4129 1338 4187 Scripsi
1351 4131 1409 4186 post
1419 4141 1473 4174 con-

299 4189 619 4248 sulatum;o.rupmp..17.
691 4204 710 4235 c.
732 4207 760 4234 rx
778 4194 804 4236 Μ
820 4189 946 4245 34-36υ,
964 4194 984 4237 C
994 4191 1102 4236 24—25.
1127 4193 1179 4237 Sine
1195 4193 1298 4236 humare
1310 4193 1351 4244 Mr
1365 4189 1474 4248 Epistol!

299 4252 421 4299 Zachariae
437 4252 465 4298 de
482 4251 577 4310 synodo,
594 4265 661 4312 quum
677 4251 756 4297 babuit
772 4255 864 4298 sanetus
879 4252 1007 4300 bonifatius
1022 4265 1073 4299 cum
1089 4253 1204 4312 episcopis
1220 4265 1247 4298 ac
1263 4251 1335 4300 serris
1347 4251 1402 4310 Dei,
1418 4266 1473 4299 eon-

299 4315 411 4360 sentiente
426 4313 506 4373 Pipiuo
522 4315 546 4359 et
561 4313 708 4360 Garlomanno
726 4316 751 4360 C.

371 4393 396 4446 1.
420 4391 503 4446 immo
521 4391 564 4445 26.
655 4393 680 4446 2.
704 4389 775 4446 hanc
798 4391 941 4463 epistolam
965 4407 1036 4448 anno
1058 4393 1110 4448 745
1134 4391 1197 4448 circ.
1216 4391 1243 4448 d
1262 4391 1296 4447 31
1316 4390 1391 4461 Oct,
1417 4407 1475 4447 non
