<?xml version="1.0" encoding="UTF-8"?>
<!DOCTYPE html PUBLIC "-//W3C//DTD XHTML 1.0 Transitional//EN"
    "http://www.w3.org/TR/xhtml1/DTD/xhtml1-transitional.dtd">
<html xmlns="http://www.w3.org/1999/xhtml" xml:lang="en" lang="en">
 <head>
  <title>
</title>
<meta http-equiv="Content-Type" content="text/html;charset=utf-8" />
  <meta name='ocr-system' content='tesseract 3.04.00' />
  <meta name='ocr-capabilities' content='ocr_page ocr_carea ocr_par ocr_line ocrx_word'/>
</head>
<body>
  <div class='ocr_page' id='page_1' title='image "./bibliothecareru03jaffgoog_0082.png"; bbox 0 0 3142 4848; ppageno 0'>
   <div class='ocr_carea' id='block_1_1' title="bbox 331 289 1282 355">
    <p class='ocr_par' dir='ltr' id='par_1_1' title="bbox 331 289 1282 355">
     <span class='ocr_line' id='line_1_1' title="bbox 331 289 1282 355; baseline -0.009 0"><span class='ocrx_word' id='word_1_1' title='bbox 331 289 375 355; x_wconf 80' lang='lat'><strong>62</strong></span> <span class='ocrx_word' id='word_1_2' title='bbox 557 305 585 354; x_wconf 84' lang='lat' dir='ltr'><strong>s.</strong></span> <span class='ocrx_word' id='word_1_3' title='bbox 602 305 777 352; x_wconf 75' lang='lat' dir='ltr'><strong>normnrn</strong></span> <span class='ocrx_word' id='word_1_4' title='bbox 798 305 843 352; x_wconf 84' lang='lat' dir='ltr'><strong>ur</strong></span> <span class='ocrx_word' id='word_1_5' title='bbox 863 305 967 352; x_wconf 81' lang='lat' dir='ltr'><strong>nunu</strong></span> <span class='ocrx_word' id='word_1_6' title='bbox 988 303 1175 352; x_wconf 77' lang='lat' dir='ltr'><strong>norsronun</strong></span> <span class='ocrx_word' id='word_1_7' title='bbox 1197 303 1235 348; x_wconf 89' lang='lat'><strong>11.</strong></span> <span class='ocrx_word' id='word_1_8' title='bbox 1252 302 1282 347; x_wconf 82' lang='lat' dir='ltr'><strong>ra</strong></span> 
     </span>
    </p>
   </div>
   <div class='ocr_carea' id='block_1_2' title="bbox 258 439 1502 2489">
    <p class='ocr_par' dir='ltr' id='par_1_2' title="bbox 258 439 1502 2489">
     <span class='ocr_line' id='line_1_2' title="bbox 258 439 1488 512; baseline -0.001 -6"><span class='ocrx_word' id='word_1_9' title='bbox 258 452 311 507; x_wconf 80' lang='lat'><strong>‘118</strong></span> <span class='ocrx_word' id='word_1_10' title='bbox 418 445 504 511; x_wconf 88' lang='lat' dir='ltr'><strong>Dum</strong></span> <span class='ocrx_word' id='word_1_11' title='bbox 525 445 681 512; x_wconf 84' lang='lat' dir='ltr'><strong>universis</strong></span> <span class='ocrx_word' id='word_1_12' title='bbox 703 441 849 511; x_wconf 86' lang='lat' dir='ltr'><strong>fidelibus</strong></span> <span class='ocrx_word' id='word_1_13' title='bbox 864 443 1029 511; x_wconf 83' lang='lat' dir='ltr'><strong>deuotione</strong></span> <span class='ocrx_word' id='word_1_14' title='bbox 1044 441 1259 510; x_wconf 87' lang='lat' dir='ltr'><strong>sincerissima</strong></span> <span class='ocrx_word' id='word_1_15' title='bbox 1272 441 1334 508; x_wconf 89' lang='lat' dir='ltr'><strong>Dei</strong></span> <span class='ocrx_word' id='word_1_16' title='bbox 1348 439 1488 506; x_wconf 82' lang='lat' dir='ltr'><strong>mandata</strong></span> 
     </span>
     <span class='ocr_line' id='line_1_3' title="bbox 329 559 1488 646; baseline -0.006 -19"><span class='ocrx_word' id='word_1_17' title='bbox 329 566 405 628; x_wconf 90' lang='lat' dir='ltr'><strong>sunt</strong></span> <span class='ocrx_word' id='word_1_18' title='bbox 425 559 630 644; x_wconf 73' lang='lat' dir='ltr'><strong>observanda,</strong></span> <span class='ocrx_word' id='word_1_19' title='bbox 655 563 807 644; x_wconf 83' lang='lat' dir='ltr'><strong>quantum</strong></span> <span class='ocrx_word' id='word_1_20' title='bbox 830 561 873 626; x_wconf 94' lang='lat' dir='ltr'><strong>sit</strong></span> <span class='ocrx_word' id='word_1_21' title='bbox 894 559 1119 646; x_wconf 74' lang='lat' dir='ltr'><strong>hospitalitatis</strong></span> <span class='ocrx_word' id='word_1_22' title='bbox 1141 577 1256 623; x_wconf 89' lang='lat' dir='ltr'><strong>munus</strong></span> <span class='ocrx_word' id='word_1_23' title='bbox 1278 575 1433 643; x_wconf 89' lang='lat' dir='ltr'><strong>quamque</strong></span> <span class='ocrx_word' id='word_1_24' title='bbox 1446 571 1488 620; x_wconf 86' lang='lat' dir='ltr'><strong>ac·</strong></span> 
     </span>
     <span class='ocr_line' id='line_1_4' title="bbox 329 669 1489 763; baseline -0.006 -20"><span class='ocrx_word' id='word_1_25' title='bbox 329 675 485 763; x_wconf 86' lang='lat' dir='ltr'><strong>ceptabile</strong></span> <span class='ocrx_word' id='word_1_26' title='bbox 507 674 593 741; x_wconf 84' lang='lat' dir='ltr'><strong>Deo·</strong></span> <span class='ocrx_word' id='word_1_27' title='bbox 616 675 822 742; x_wconf 81' lang='lat' dir='ltr'><strong>humanitatis</strong></span> <span class='ocrx_word' id='word_1_28' title='bbox 845 673 984 741; x_wconf 90' lang='lat' dir='ltr'><strong>officium</strong></span> <span class='ocrx_word' id='word_1_29' title='bbox 1007 673 1166 740; x_wconf 80' lang='lat' dir='ltr'><strong>viantibus</strong></span> <span class='ocrx_word' id='word_1_30' title='bbox 1189 671 1351 756; x_wconf 86' lang='lat' dir='ltr'><strong>exhibere,</strong></span> <span class='ocrx_word' id='word_1_31' title='bbox 1383 669 1489 737; x_wconf 86' lang='lat' dir='ltr'><strong>sanctis</strong></span> 
     </span>
     <span class='ocr_line' id='line_1_5' title="bbox 330 785 1490 877; baseline -0.005 -20"><span class='ocrx_word' id='word_1_32' title='bbox 330 791 497 877; x_wconf 89' lang='lat' dir='ltr'><strong>scripturis</strong></span> <span class='ocrx_word' id='word_1_33' title='bbox 521 790 743 857; x_wconf 85' lang='lat' dir='ltr'><strong>attestantibus</strong></span> <span class='ocrx_word' id='word_1_34' title='bbox 765 790 1007 856; x_wconf 83' lang='lat' dir='ltr'><strong>demonstratur.</strong></span> <span class='ocrx_word' id='word_1_35' title='bbox 1043 789 1127 856; x_wconf 91' lang='lat' dir='ltr'><strong>Dum</strong></span> <span class='ocrx_word' id='word_1_36' title='bbox 1151 793 1183 855; x_wconf 87' lang='lat' dir='ltr'><strong>ot</strong></span> <span class='ocrx_word' id='word_1_37' title='bbox 1205 787 1315 855; x_wconf 83' lang='lat' dir='ltr'><strong>beetur</strong></span> <span class='ocrx_word' id='word_1_38' title='bbox 1338 785 1490 853; x_wconf 77' lang='lat' dir='ltr'><strong>Abrabam</strong></span> 
     </span>
     <span class='ocr_line' id='line_1_6' title="bbox 329 902 1491 994; baseline -0.005 -22"><span class='ocrx_word' id='word_1_39' title='bbox 329 910 461 994; x_wconf 89' lang='lat' dir='ltr'><strong>propter</strong></span> <span class='ocrx_word' id='word_1_40' title='bbox 483 905 707 992; x_wconf 79' lang='lat' dir='ltr'><strong>hospitalitatis</strong></span> <span class='ocrx_word' id='word_1_41' title='bbox 729 905 978 972; x_wconf 88' lang='lat' dir='ltr'><strong>misericordiam</strong></span> <span class='ocrx_word' id='word_1_42' title='bbox 1001 910 1180 972; x_wconf 85' lang='lat' dir='ltr'><strong>sanctorum</strong></span> <span class='ocrx_word' id='word_1_43' title='bbox 1204 902 1386 986; x_wconf 85' lang='lat' dir='ltr'><strong>angelorum</strong></span> <span class='ocrx_word' id='word_1_44' title='bbox 1407 919 1491 988; x_wconf 86' lang='lat' dir='ltr'><strong>prae·</strong></span> 
     </span>
     <span class='ocr_line' id='line_1_7' title="bbox 331 1009 1490 1107; baseline -0.004 -21"><span class='ocrx_word' id='word_1_45' title='bbox 331 1022 467 1088; x_wconf 86' lang='lat' dir='ltr'><strong>sentiam</strong></span> <span class='ocrx_word' id='word_1_46' title='bbox 482 1021 641 1107; x_wconf 81' lang='lat' dir='ltr'><strong>suscipere</strong></span> <span class='ocrx_word' id='word_1_47' title='bbox 656 1021 772 1086; x_wconf 91' lang='lat' dir='ltr'><strong>meruit</strong></span> <span class='ocrx_word' id='word_1_48' title='bbox 787 1026 819 1087; x_wconf 92' lang='lat' dir='ltr'><strong>et</strong></span> <span class='ocrx_word' id='word_1_49' title='bbox 832 1019 1012 1088; x_wconf 87' lang='lat' dir='ltr'><strong>venerando</strong></span> <span class='ocrx_word' id='word_1_50' title='bbox 1028 1040 1137 1087; x_wconf 88' lang='lat' dir='ltr'><strong>eorum</strong></span> <span class='ocrx_word' id='word_1_51' title='bbox 1151 1016 1306 1104; x_wconf 88' lang='lat' dir='ltr'><strong>colloquio</strong></span> <span class='ocrx_word' id='word_1_52' title='bbox 1317 1015 1468 1104; x_wconf 91' lang='lat' dir='ltr'><strong>perpotiri</strong></span> <span class='ocrx_word' id='word_1_53' title='bbox 1475 1009 1490 1080; x_wconf 90' lang='lat'><strong>¹.</strong></span> 
     </span>
     <span class='ocr_line' id='line_1_8' title="bbox 329 1132 1493 1222; baseline -0.005 -20"><span class='ocrx_word' id='word_1_54' title='bbox 329 1135 412 1202; x_wconf 85' lang='lat' dir='ltr'><strong>Loth</strong></span> <span class='ocrx_word' id='word_1_55' title='bbox 435 1155 559 1220; x_wconf 89' lang='lat' dir='ltr'><strong>quoque</strong></span> <span class='ocrx_word' id='word_1_56' title='bbox 580 1155 639 1222; x_wconf 89' lang='lat' dir='ltr'><strong>per</strong></span> <span class='ocrx_word' id='word_1_57' title='bbox 653 1135 834 1202; x_wconf 88' lang='lat' dir='ltr'><strong>huiusmodi</strong></span> <span class='ocrx_word' id='word_1_58' title='bbox 847 1135 1078 1202; x_wconf 73' lang='lat' dir='ltr'><strong>ministeriumb</strong></span> <span class='ocrx_word' id='word_1_59' title='bbox 1094 1134 1221 1221; x_wconf 83' lang='lat' dir='ltr'><strong>pietatis</strong></span> <span class='ocrx_word' id='word_1_60' title='bbox 1237 1133 1276 1200; x_wconf 89' lang='lat' dir='ltr'><strong>de</strong></span> <span class='ocrx_word' id='word_1_61' title='bbox 1293 1132 1493 1198; x_wconf 85' lang='lat' dir='ltr'><strong>Sodomorum</strong></span> 
     </span>
     <span class='ocr_line' id='line_1_9' title="bbox 329 1245 1494 1338; baseline -0.004 -21"><span class='ocrx_word' id='word_1_62' title='bbox 329 1249 466 1317; x_wconf 85' lang='lat' dir='ltr'><strong>flammis</strong></span> <span class='ocrx_word' id='word_1_63' title='bbox 489 1256 615 1338; x_wconf 88' lang='lat' dir='ltr'><strong>ereptus</strong></span> <span class='ocrx_word' id='word_1_64' title='bbox 640 1245 721 1334; x_wconf 80' lang='lat' dir='ltr'><strong>est&#39;3</strong></span> <span class='ocrx_word' id='word_1_65' title='bbox 745 1250 896 1317; x_wconf 80' lang='lat' dir='ltr'><strong>salvavit⁸</strong></span> <span class='ocrx_word' id='word_1_66' title='bbox 912 1271 984 1317; x_wconf 91' lang='lat' dir='ltr'><strong>eum</strong></span> <span class='ocrx_word' id='word_1_67' title='bbox 1000 1249 1224 1338; x_wconf 86' lang='lat' dir='ltr'><strong>hospitalitatis</strong></span> <span class='ocrx_word' id='word_1_68' title='bbox 1240 1247 1343 1332; x_wconf 79' lang='lat' dir='ltr'><strong>gratia</strong></span> <span class='ocrx_word' id='word_1_69' title='bbox 1357 1247 1396 1314; x_wconf 92' lang='lat' dir='ltr'><strong>de</strong></span> <span class='ocrx_word' id='word_1_70' title='bbox 1410 1245 1494 1313; x_wconf 85' lang='lat' dir='ltr'><strong>flum-</strong></span> 
     </span>
     <span class='ocr_line' id='line_1_10' title="bbox 330 1363 1495 1450; baseline -0.004 -18"><span class='ocrx_word' id='word_1_71' title='bbox 330 1387 453 1432; x_wconf 86' lang='lat' dir='ltr'><strong>marum</strong></span> <span class='ocrx_word' id='word_1_72' title='bbox 473 1366 614 1450; x_wconf 84' lang='lat' dir='ltr'><strong>interitu,</strong></span> <span class='ocrx_word' id='word_1_73' title='bbox 636 1366 794 1432; x_wconf 87' lang='lat' dir='ltr'><strong>mandatis</strong></span> <span class='ocrx_word' id='word_1_74' title='bbox 816 1365 1002 1432; x_wconf 84' lang='lat' dir='ltr'><strong>caelestibus</strong></span> <span class='ocrx_word' id='word_1_75' title='bbox 1023 1367 1256 1450; x_wconf 73' lang='lat' dir='ltr'><strong>obsequentem.</strong></span> <span class='ocrx_word' id='word_1_76' title='bbox 1331 1363 1380 1429; x_wconf 88' lang='lat' dir='ltr'><strong>lta</strong></span> <span class='ocrx_word' id='word_1_77' title='bbox 1401 1367 1434 1428; x_wconf 93' lang='lat' dir='ltr'><strong>et</strong></span> <span class='ocrx_word' id='word_1_78' title='bbox 1447 1379 1495 1428; x_wconf 85' lang='lat' dir='ltr'><strong>ve·</strong></span> 
     </span>
     <span class='ocr_line' id='line_1_11' title="bbox 331 1478 1496 1566; baseline -0.004 -18"><span class='ocrx_word' id='word_1_79' title='bbox 331 1487 416 1548; x_wconf 85' lang='lat' dir='ltr'><strong>strae</strong></span> <span class='ocrx_word' id='word_1_80' title='bbox 439 1481 599 1548; x_wconf 81' lang='lat' dir='ltr'><strong>dilectioni</strong></span> <span class='ocrx_word' id='word_1_81' title='bbox 623 1482 787 1566; x_wconf 83' lang='lat' dir='ltr'><strong>proveniet</strong></span> <span class='ocrx_word' id='word_1_82' title='bbox 810 1481 849 1548; x_wconf 89' lang='lat' dir='ltr'><strong>ad</strong></span> <span class='ocrx_word' id='word_1_83' title='bbox 872 1480 1036 1565; x_wconf 61' lang='lat' dir='ltr'><strong>salutomt</strong></span> <span class='ocrx_word' id='word_1_84' title='bbox 1061 1480 1152 1564; x_wconf 81' lang='lat' dir='ltr'><strong>dum,</strong></span> <span class='ocrx_word' id='word_1_85' title='bbox 1175 1481 1288 1548; x_wconf 91' lang='lat' dir='ltr'><strong>borum</strong></span> <span class='ocrx_word' id='word_1_86' title='bbox 1314 1478 1496 1565; x_wconf 89' lang='lat' dir='ltr'><strong>portitorem</strong></span> 
     </span>
     <span class='ocr_line' id='line_1_12' title="bbox 330 1593 1496 1682; baseline -0.003 -20"><span class='ocrx_word' id='word_1_87' title='bbox 330 1595 519 1680; x_wconf 85' lang='lat' dir='ltr'><strong>relegiosum</strong></span> <span class='ocrx_word' id='word_1_88' title='bbox 540 1595 751 1682; x_wconf 85' lang='lat' dir='ltr'><strong>presbiterum</strong></span> <span class='ocrx_word' id='word_1_89' title='bbox 765 1596 888 1681; x_wconf 89' lang='lat' dir='ltr'><strong>Deique</strong></span> <span class='ocrx_word' id='word_1_90' title='bbox 911 1597 1135 1682; x_wconf 88' lang='lat' dir='ltr'><strong>omnipotentis</strong></span> <span class='ocrx_word' id='word_1_91' title='bbox 1157 1594 1311 1661; x_wconf 85' lang='lat' dir='ltr'><strong>famulum</strong></span> <span class='ocrx_word' id='word_1_92' title='bbox 1327 1593 1496 1680; x_wconf 87' lang='lat' dir='ltr'><strong>suscipion-</strong></span> 
     </span>
     <span class='ocr_line' id='line_1_13' title="bbox 330 1707 1498 1797; baseline -0.003 -19"><span class='ocrx_word' id='word_1_93' title='bbox 330 1717 396 1778; x_wconf 79' lang='lat' dir='ltr'><strong>tes·</strong></span> <span class='ocrx_word' id='word_1_94' title='bbox 411 1709 651 1796; x_wconf 78' lang='lat' dir='ltr'><strong>Wyntrithum‘,</strong></span> <span class='ocrx_word' id='word_1_95' title='bbox 674 1713 839 1778; x_wconf 88' lang='lat' dir='ltr'><strong>caritutem</strong></span> <span class='ocrx_word' id='word_1_96' title='bbox 862 1713 919 1796; x_wconf 62' lang='grc' dir='ltr'><strong>οῖ’,</strong></span> <span class='ocrx_word' id='word_1_97' title='bbox 944 1731 1040 1797; x_wconf 84' lang='lat' dir='ltr'><strong>quum</strong></span> <span class='ocrx_word' id='word_1_98' title='bbox 1055 1711 1141 1776; x_wconf 87' lang='lat' dir='ltr'><strong>Deus</strong></span> <span class='ocrx_word' id='word_1_99' title='bbox 1165 1715 1197 1778; x_wconf 91' lang='lat' dir='ltr'><strong>et</strong></span> <span class='ocrx_word' id='word_1_100' title='bbox 1220 1709 1323 1794; x_wconf 78' lang='lat' dir='ltr'><strong>diligit</strong></span> <span class='ocrx_word' id='word_1_101' title='bbox 1345 1716 1377 1775; x_wconf 89' lang='lat' dir='ltr'><strong>et</strong></span> <span class='ocrx_word' id='word_1_102' title='bbox 1399 1707 1498 1796; x_wconf 89' lang='lat' dir='ltr'><strong>preci-</strong></span> 
     </span>
     <span class='ocr_line' id='line_1_14' title="bbox 330 1823 1498 1914; baseline -0.002 -23"><span class='ocrx_word' id='word_1_103' title='bbox 330 1826 398 1912; x_wconf 88' lang='lat' dir='ltr'><strong>pit,</strong></span> <span class='ocrx_word' id='word_1_104' title='bbox 428 1826 592 1894; x_wconf 83' lang='lat' dir='ltr'><strong>exhibetis.</strong></span> <span class='ocrx_word' id='word_1_105' title='bbox 644 1827 842 1914; x_wconf 89' lang='lat' dir='ltr'><strong>Recipientes</strong></span> <span class='ocrx_word' id='word_1_106' title='bbox 871 1847 945 1910; x_wconf 84' lang='lat' dir='ltr'><strong>ergo</strong></span> <span class='ocrx_word' id='word_1_107' title='bbox 974 1826 1034 1893; x_wconf 90' lang='lat' dir='ltr'><strong>Dei</strong></span> <span class='ocrx_word' id='word_1_108' title='bbox 1062 1825 1213 1910; x_wconf 86' lang='lat' dir='ltr'><strong>famulos,</strong></span> <span class='ocrx_word' id='word_1_109' title='bbox 1249 1845 1321 1892; x_wconf 91' lang='lat' dir='ltr'><strong>eum</strong></span> <span class='ocrx_word' id='word_1_110' title='bbox 1349 1823 1498 1912; x_wconf 75' lang='lat' dir='ltr'><strong>recipitis,</strong></span> 
     </span>
     <span class='ocr_line' id='line_1_15' title="bbox 331 1941 1500 2030; baseline -0.004 -22"><span class='ocrx_word' id='word_1_111' title='bbox 331 1942 420 2009; x_wconf 90' lang='lat' dir='ltr'><strong>cuius</strong></span> <span class='ocrx_word' id='word_1_112' title='bbox 443 1941 602 2009; x_wconf 85' lang='lat' dir='ltr'><strong>maiestati</strong></span> <span class='ocrx_word' id='word_1_113' title='bbox 625 1941 823 2010; x_wconf 77' lang='lat' dir='ltr'><strong>deserviuntl</strong></span> <span class='ocrx_word' id='word_1_114' title='bbox 845 1944 903 2010; x_wconf 86' lang='lat' dir='ltr'><strong>its&#39;</strong></span> <span class='ocrx_word' id='word_1_115' title='bbox 926 1941 1121 2030; x_wconf 75' lang='lat' dir='ltr'><strong>pollicenti¹2</strong></span> <span class='ocrx_word' id='word_1_116' title='bbox 1147 1943 1213 2024; x_wconf 82' lang='lat' dir='ltr'><strong>Qui</strong></span> <span class='ocrx_word' id='word_1_117' title='bbox 1232 1965 1288 2008; x_wconf 83' lang='lat' dir='ltr'><strong>ooo</strong></span> <span class='ocrx_word' id='word_1_118' title='bbox 1307 1943 1431 2028; x_wconf 69' lang='lat' dir='ltr'><strong>reecpit,</strong></span> <span class='ocrx_word' id='word_1_119' title='bbox 1454 1960 1500 2003; x_wconf 78' lang='lat' dir='ltr'><strong>ore</strong></span> 
     </span>
     <span class='ocr_line' id='line_1_16' title="bbox 329 2051 1501 2145; baseline -0.003 -22"><span class='ocrx_word' id='word_1_120' title='bbox 329 2052 470 2145; x_wconf 47' lang='lat' dir='ltr'><strong>recepit&amp;</strong></span> <span class='ocrx_word' id='word_1_121' title='bbox 516 2057 603 2124; x_wconf 88' lang='lat' dir='ltr'><strong>Haec</strong></span> <span class='ocrx_word' id='word_1_122' title='bbox 625 2058 732 2143; x_wconf 88' lang='lat' dir='ltr'><strong>itaque</strong></span> <span class='ocrx_word' id='word_1_123' title='bbox 754 2078 827 2124; x_wconf 92' lang='lat' dir='ltr'><strong>cum</strong></span> <span class='ocrx_word' id='word_1_124' title='bbox 856 2059 959 2125; x_wconf 90' lang='lat' dir='ltr'><strong>cordis</strong></span> <span class='ocrx_word' id='word_1_125' title='bbox 989 2058 1155 2124; x_wconf 83' lang='lat' dir='ltr'><strong>devotione</strong></span> <span class='ocrx_word' id='word_1_126' title='bbox 1181 2057 1349 2140; x_wconf 82' lang='lat' dir='ltr'><strong>iacientes,</strong></span> <span class='ocrx_word' id='word_1_127' title='bbox 1380 2059 1413 2121; x_wconf 90' lang='lat' dir='ltr'><strong>et</strong></span> <span class='ocrx_word' id='word_1_128' title='bbox 1442 2051 1501 2121; x_wconf 86' lang='lat' dir='ltr'><strong>Dei</strong></span> 
     </span>
     <span class='ocr_line' id='line_1_17' title="bbox 332 2167 1500 2259; baseline -0.003 -20"><span class='ocrx_word' id='word_1_129' title='bbox 332 2174 483 2239; x_wconf 82' lang='lat' dir='ltr'><strong>mandatu</strong></span> <span class='ocrx_word' id='word_1_130' title='bbox 505 2172 656 2259; x_wconf 84' lang='lat' dir='ltr'><strong>peragitis</strong></span> <span class='ocrx_word' id='word_1_131' title='bbox 680 2177 720 2256; x_wconf 71' lang='lat' dir='ltr'><strong>et,</strong></span> <span class='ocrx_word' id='word_1_132' title='bbox 744 2173 783 2238; x_wconf 91' lang='lat' dir='ltr'><strong>de</strong></span> <span class='ocrx_word' id='word_1_133' title='bbox 807 2173 932 2240; x_wconf 85' lang='lat' dir='ltr'><strong>divinae</strong></span> <span class='ocrx_word' id='word_1_134' title='bbox 952 2171 1171 2259; x_wconf 87' lang='lat' dir='ltr'><strong>promissionis</strong></span> <span class='ocrx_word' id='word_1_135' title='bbox 1194 2171 1320 2238; x_wconf 82' lang='lat' dir='ltr'><strong>orecqu</strong></span> <span class='ocrx_word' id='word_1_136' title='bbox 1342 2167 1500 2237; x_wconf 86' lang='lat' dir='ltr'><strong>confiden-</strong></span> 
     </span>
     <span class='ocr_line' id='line_1_18' title="bbox 329 2285 1502 2374; baseline -0.002 -20"><span class='ocrx_word' id='word_1_137' title='bbox 329 2293 389 2372; x_wconf 89' lang='lat' dir='ltr'><strong>tes,</strong></span> <span class='ocrx_word' id='word_1_138' title='bbox 412 2287 588 2354; x_wconf 88' lang='lat' dir='ltr'><strong>mercedem</strong></span> <span class='ocrx_word' id='word_1_139' title='bbox 613 2286 697 2374; x_wconf 84' lang='lat' dir='ltr'><strong>apud</strong></span> <span class='ocrx_word' id='word_1_140' title='bbox 726 2307 798 2354; x_wconf 88' lang='lat' dir='ltr'><strong>eum</strong></span> <span class='ocrx_word' id='word_1_141' title='bbox 828 2285 1000 2356; x_wconf 83' lang='lat' dir='ltr'><strong>habebitis‘</strong></span> <span class='ocrx_word' id='word_1_142' title='bbox 1028 2288 1264 2374; x_wconf 85' lang='lat' dir='ltr'><strong>sempiternum.</strong></span> <span class='ocrx_word' id='word_1_143' title='bbox 1309 2285 1502 2353; x_wconf 87' lang='lat' dir='ltr'><strong>incolumem</strong></span> 
     </span>
     <span class='ocr_line' id='line_1_19' title="bbox 330 2403 1169 2489; baseline -0.005 -17"><span class='ocrx_word' id='word_1_144' title='bbox 330 2403 535 2472; x_wconf 88' lang='lat' dir='ltr'><strong>eminentiam</strong></span> <span class='ocrx_word' id='word_1_145' title='bbox 556 2407 696 2469; x_wconf 85' lang='lat' dir='ltr'><strong>vestram</strong></span> <span class='ocrx_word' id='word_1_146' title='bbox 719 2423 857 2489; x_wconf 88' lang='lat' dir='ltr'><strong>superna</strong></span> <span class='ocrx_word' id='word_1_147' title='bbox 879 2405 983 2488; x_wconf 60' lang='lat' dir='ltr'><strong>mutia</strong></span> <span class='ocrx_word' id='word_1_148' title='bbox 1004 2403 1169 2469; x_wconf 85' lang='lat' dir='ltr'><strong>custodiat.</strong></span> 
     </span>
    </p>
   </div>
   <div class='ocr_carea' id='block_1_3' title="bbox 334 2613 1504 2814">
    <p class='ocr_par' dir='ltr' id='par_1_3' title="bbox 334 2613 1504 2814">
     <span class='ocr_line' id='line_1_20' title="bbox 334 2613 1504 2703; baseline -0.003 -19"><span class='ocrx_word' id='word_1_149' title='bbox 334 2613 394 2684; x_wconf 79' lang='lat'><strong>12.</strong></span> <span class='ocrx_word' id='word_1_150' title='bbox 421 2613 593 2702; x_wconf 62' lang='lat' dir='ltr'><strong>erogem</strong></span> <span class='ocrx_word' id='word_1_151' title='bbox 616 2616 659 2680; x_wconf 89' lang='lat' dir='ltr'><strong>II</strong></span> <span class='ocrx_word' id='word_1_152' title='bbox 675 2639 765 2703; x_wconf 87' lang='lat' dir='ltr'><strong>papo</strong></span> <span class='ocrx_word' id='word_1_153' title='bbox 786 2616 954 2700; x_wconf 81' lang='lat' dir='ltr'><strong>Bonifatio</strong></span> <span class='ocrx_word' id='word_1_154' title='bbox 983 2618 1039 2682; x_wconf 87' lang='lat' dir='ltr'><strong>dot</strong></span> <span class='ocrx_word' id='word_1_155' title='bbox 1064 2617 1264 2696; x_wconf 66' lang='lat' dir='ltr'><strong>cundetam,</strong></span> <span class='ocrx_word' id='word_1_156' title='bbox 1294 2627 1329 2680; x_wconf 82' lang='lat' dir='ltr'><strong>at</strong></span> <span class='ocrx_word' id='word_1_157' title='bbox 1351 2637 1504 2701; x_wconf 71' lang='lat' dir='ltr'><strong>paganos</strong></span> 
     </span>
     <span class='ocr_line' id='line_1_21' title="bbox 420 2727 1503 2814; baseline -0.004 -16"><span class='ocrx_word' id='word_1_158' title='bbox 420 2734 465 2798; x_wconf 86' lang='lat' dir='ltr'><strong>ud</strong></span> <span class='ocrx_word' id='word_1_159' title='bbox 486 2730 604 2798; x_wconf 75' lang='lat' dir='ltr'><strong>Christi</strong></span> <span class='ocrx_word' id='word_1_160' title='bbox 625 2731 741 2796; x_wconf 70' lang='lat' dir='ltr'><strong>moltam</strong></span> <span class='ocrx_word' id='word_1_161' title='bbox 764 2730 942 2796; x_wconf 74' lang='lat' dir='ltr'><strong>oococotot&#39;.</strong></span> <span class='ocrx_word' id='word_1_162' title='bbox 1232 2727 1268 2811; x_wconf 91' lang='lat' dir='ltr'><strong>(S</strong></span> <span class='ocrx_word' id='word_1_163' title='bbox 1286 2731 1359 2814; x_wconf 83' lang='lat'>118,</span> <span class='ocrx_word' id='word_1_164' title='bbox 1382 2728 1454 2796; x_wconf 85' lang='lat' dir='ltr'><strong>WG</strong></span> <span class='ocrx_word' id='word_1_165' title='bbox 1470 2729 1503 2810; x_wconf 75' lang='grc'><strong>2)</strong></span> 
     </span>
    </p>
   </div>
   <div class='ocr_carea' id='block_1_4' title="bbox 222 2860 1506 3063">
    <p class='ocr_par' dir='ltr' id='par_1_4' title="bbox 222 2860 1506 3063">
     <span class='ocr_line' id='line_1_22' title="bbox 243 2860 1504 2948; baseline 0.006 -29"><span class='ocrx_word' id='word_1_166' title='bbox 243 2865 296 2920; x_wconf 81' lang='lat'><strong>‘119</strong></span> <span class='ocrx_word' id='word_1_167' title='bbox 419 2861 590 2946; x_wconf 85' lang='lat' dir='ltr'><strong>Gregorius</strong></span> <span class='ocrx_word' id='word_1_168' title='bbox 605 2883 714 2928; x_wconf 85' lang='lat' dir='ltr'><strong>servus</strong></span> <span class='ocrx_word' id='word_1_169' title='bbox 730 2882 893 2929; x_wconf 86' lang='lat' dir='ltr'><strong>servorum</strong></span> <span class='ocrx_word' id='word_1_170' title='bbox 904 2860 965 2928; x_wconf 91' lang='lat' dir='ltr'><strong>Dei</strong></span> <span class='ocrx_word' id='word_1_171' title='bbox 974 2860 1132 2928; x_wconf 79' lang='lat' dir='ltr'><strong>Bonifatio</strong></span> <span class='ocrx_word' id='word_1_172' title='bbox 1146 2860 1299 2946; x_wconf 82' lang='lat' dir='ltr'><strong>relegioso</strong></span> <span class='ocrx_word' id='word_1_173' title='bbox 1314 2861 1504 2948; x_wconf 85' lang='lat' dir='ltr'><strong>presbitero.</strong></span> 
     </span>
     <span class='ocr_line' id='line_1_23' title="bbox 222 2937 1506 3063; baseline -0.001 -19"><span class='ocrx_word' id='word_1_174' title='bbox 222 2937 276 2985; x_wconf 57' lang='lat' dir='ltr'><strong>m</strong></span> <span class='ocrx_word' id='word_1_175' title='bbox 285 2937 315 2986; x_wconf 71' lang='lat'><strong>¹⁵</strong></span> <span class='ocrx_word' id='word_1_176' title='bbox 419 2977 530 3061; x_wconf 84' lang='lat' dir='ltr'><strong>Exigit</strong></span> <span class='ocrx_word' id='word_1_177' title='bbox 543 2978 745 3045; x_wconf 85' lang='lat' dir='ltr'><strong>manifestata</strong></span> <span class='ocrx_word' id='word_1_178' title='bbox 759 2977 850 3044; x_wconf 88' lang='lat' dir='ltr'><strong>uobis</strong></span> <span class='ocrx_word' id='word_1_179' title='bbox 865 2977 1011 3060; x_wconf 88' lang='lat' dir='ltr'><strong>relegiosi</strong></span> <span class='ocrx_word' id='word_1_180' title='bbox 1025 2977 1181 3063; x_wconf 87' lang='lat' dir='ltr'><strong>propositi</strong></span> <span class='ocrx_word' id='word_1_181' title='bbox 1192 2977 1250 3061; x_wconf 82' lang='lat' dir='ltr'><strong>tui,</strong></span> <span class='ocrx_word' id='word_1_182' title='bbox 1266 2977 1318 3062; x_wconf 87' lang='lat' dir='ltr'><strong>pie</strong></span> <span class='ocrx_word' id='word_1_183' title='bbox 1328 2978 1362 3044; x_wconf 93' lang='lat' dir='ltr'><strong>in</strong></span> <span class='ocrx_word' id='word_1_184' title='bbox 1374 2975 1506 3044; x_wconf 80' lang='lat' dir='ltr'><strong>Christo</strong></span> 
     </span>
    </p>
   </div>
   <div class='ocr_carea' id='block_1_5' title="bbox 330 3090 1510 3753">
    <p class='ocr_par' dir='ltr' id='par_1_5' title="bbox 330 3090 1510 3753">
     <span class='ocr_line' id='line_1_24' title="bbox 330 3090 1507 3179; baseline -0.001 -20"><span class='ocrx_word' id='word_1_185' title='bbox 330 3091 510 3177; x_wconf 86' lang='lat' dir='ltr'><strong>flagrantis,</strong></span> <span class='ocrx_word' id='word_1_186' title='bbox 539 3093 672 3158; x_wconf 91' lang='lat' dir='ltr'><strong>intentio</strong></span> <span class='ocrx_word' id='word_1_187' title='bbox 702 3097 734 3158; x_wconf 89' lang='lat' dir='ltr'><strong>et</strong></span> <span class='ocrx_word' id='word_1_188' title='bbox 756 3090 930 3178; x_wconf 84' lang='lat' dir='ltr'><strong>adprobata</strong></span> <span class='ocrx_word' id='word_1_189' title='bbox 952 3091 1165 3158; x_wconf 83' lang='lat' dir='ltr'><strong>sincerissima</strong></span> <span class='ocrx_word' id='word_1_190' title='bbox 1186 3091 1259 3158; x_wconf 88' lang='lat' dir='ltr'><strong>fidei</strong></span> <span class='ocrx_word' id='word_1_191' title='bbox 1282 3097 1355 3158; x_wconf 89' lang='lat' dir='ltr'><strong>tuae</strong></span> <span class='ocrx_word' id='word_1_192' title='bbox 1376 3091 1507 3179; x_wconf 84' lang='lat' dir='ltr'><strong>perlata</strong></span> 
     </span>
     <span class='ocr_line' id='line_1_25' title="bbox 330 3205 1507 3294; baseline 0.001 -21"><span class='ocrx_word' id='word_1_193' title='bbox 330 3205 458 3274; x_wconf 89' lang='lat' dir='ltr'><strong>relatio:</strong></span> <span class='ocrx_word' id='word_1_194' title='bbox 487 3211 524 3272; x_wconf 92' lang='lat' dir='ltr'><strong>ut</strong></span> <span class='ocrx_word' id='word_1_195' title='bbox 553 3206 592 3272; x_wconf 87' lang='lat' dir='ltr'><strong>od</strong></span> <span class='ocrx_word' id='word_1_196' title='bbox 620 3207 886 3294; x_wconf 81' lang='lat' dir='ltr'><strong>dispensationem</strong></span> <span class='ocrx_word' id='word_1_197' title='bbox 915 3205 1002 3272; x_wconf 86' lang='lat' dir='ltr'><strong>verbi</strong></span> <span class='ocrx_word' id='word_1_198' title='bbox 1031 3206 1145 3292; x_wconf 82' lang='lat' dir='ltr'><strong>divini,</strong></span> <span class='ocrx_word' id='word_1_199' title='bbox 1175 3207 1263 3274; x_wconf 91' lang='lat' dir='ltr'><strong>cuius</strong></span> <span class='ocrx_word' id='word_1_200' title='bbox 1285 3227 1343 3294; x_wconf 89' lang='lat' dir='ltr'><strong>per</strong></span> <span class='ocrx_word' id='word_1_201' title='bbox 1365 3209 1507 3291; x_wconf 86' lang='lat' dir='ltr'><strong>gratiam</strong></span> 
     </span>
     <span class='ocr_line' id='line_1_26' title="bbox 330 3321 1507 3409; baseline 0 -21"><span class='ocrx_word' id='word_1_202' title='bbox 330 3321 392 3389; x_wconf 87' lang='lat' dir='ltr'><strong>Dei</strong></span> <span class='ocrx_word' id='word_1_203' title='bbox 407 3342 514 3388; x_wconf 88' lang='lat' dir='ltr'><strong>curam</strong></span> <span class='ocrx_word' id='word_1_204' title='bbox 529 3322 678 3406; x_wconf 85' lang='lat' dir='ltr'><strong>gerimus,</strong></span> <span class='ocrx_word' id='word_1_205' title='bbox 693 3327 726 3388; x_wconf 90' lang='lat' dir='ltr'><strong>te</strong></span> <span class='ocrx_word' id='word_1_206' title='bbox 742 3321 946 3388; x_wconf 90' lang='lat' dir='ltr'><strong>conministro</strong></span> <span class='ocrx_word' id='word_1_207' title='bbox 962 3326 1097 3387; x_wconf 84' lang='lat' dir='ltr'><strong>utamur.</strong></span> <span class='ocrx_word' id='word_1_208' title='bbox 1132 3321 1340 3409; x_wconf 85' lang='lat' dir='ltr'><strong>Experientes</strong></span> <span class='ocrx_word' id='word_1_209' title='bbox 1356 3323 1507 3409; x_wconf 84' lang='lat' dir='ltr'><strong>proinde,</strong></span> 
     </span>
     <span class='ocr_line' id='line_1_27' title="bbox 330 3433 1509 3523; baseline 0 -19"><span class='ocrx_word' id='word_1_210' title='bbox 330 3441 364 3504; x_wconf 93' lang='lat' dir='ltr'><strong>te</strong></span> <span class='ocrx_word' id='word_1_211' title='bbox 387 3436 426 3504; x_wconf 88' lang='lat' dir='ltr'><strong>ab</strong></span> <span class='ocrx_word' id='word_1_212' title='bbox 449 3437 583 3503; x_wconf 87' lang='lat' dir='ltr'><strong>infantia</strong></span> <span class='ocrx_word' id='word_1_213' title='bbox 605 3457 710 3504; x_wconf 82' lang='lat' dir='ltr'><strong>sacras</strong></span> <span class='ocrx_word' id='word_1_214' title='bbox 733 3436 857 3504; x_wconf 87' lang='lat' dir='ltr'><strong>litteras</strong></span> <span class='ocrx_word' id='word_1_215' title='bbox 880 3433 1046 3503; x_wconf 83' lang='lat' dir='ltr'><strong>didicisse⁸</strong></span> <span class='ocrx_word' id='word_1_216' title='bbox 1070 3439 1287 3523; x_wconf 87' lang='lat' dir='ltr'><strong>profectusque</strong></span> <span class='ocrx_word' id='word_1_217' title='bbox 1306 3436 1447 3504; x_wconf 90' lang='lat' dir='ltr'><strong>indolem</strong></span> <span class='ocrx_word' id='word_1_218' title='bbox 1465 3437 1509 3504; x_wconf 86' lang='lat' dir='ltr'><strong>ad</strong></span> 
     </span>
     <span class='ocr_line' id='line_1_28' title="bbox 332 3547 1510 3639; baseline 0.002 -21"><span class='ocrx_word' id='word_1_219' title='bbox 332 3557 534 3636; x_wconf 83' lang='lat' dir='ltr'><strong>augmentum</strong></span> <span class='ocrx_word' id='word_1_220' title='bbox 557 3552 668 3619; x_wconf 89' lang='lat' dir='ltr'><strong>crediti</strong></span> <span class='ocrx_word' id='word_1_221' title='bbox 691 3551 820 3619; x_wconf 87' lang='lat' dir='ltr'><strong>caelitus</strong></span> <span class='ocrx_word' id='word_1_222' title='bbox 843 3547 972 3618; x_wconf 82' lang='lat' dir='ltr'><strong>talenti⁰</strong></span> <span class='ocrx_word' id='word_1_223' title='bbox 994 3558 1163 3639; x_wconf 87' lang='lat' dir='ltr'><strong>prospectu</strong></span> <span class='ocrx_word' id='word_1_224' title='bbox 1186 3553 1284 3619; x_wconf 86' lang='lat' dir='ltr'><strong>divini</strong></span> <span class='ocrx_word' id='word_1_225' title='bbox 1307 3552 1424 3619; x_wconf 86' lang='lat' dir='ltr'><strong>amoris</strong></span> <span class='ocrx_word' id='word_1_226' title='bbox 1449 3573 1510 3620; x_wconf 88' lang='lat' dir='ltr'><strong>ex-</strong></span> 
     </span>
     <span class='ocr_line' id='line_1_29' title="bbox 331 3667 1510 3753; baseline 0 -18"><span class='ocrx_word' id='word_1_227' title='bbox 331 3668 472 3753; x_wconf 85' lang='lat' dir='ltr'><strong>tendere,</strong></span> <span class='ocrx_word' id='word_1_228' title='bbox 494 3667 641 3736; x_wconf 82' lang='lat' dir='ltr'><strong>videlicet</strong></span> <span class='ocrx_word' id='word_1_229' title='bbox 663 3669 797 3752; x_wconf 85' lang='lat' dir='ltr'><strong>gratiam</strong></span> <span class='ocrx_word' id='word_1_230' title='bbox 818 3667 1005 3751; x_wconf 89' lang='lat' dir='ltr'><strong>cognitionis</strong></span> <span class='ocrx_word' id='word_1_231' title='bbox 1021 3667 1165 3735; x_wconf 89' lang='lat' dir='ltr'><strong>caelestis</strong></span> <span class='ocrx_word' id='word_1_232' title='bbox 1180 3667 1298 3735; x_wconf 86' lang='lat' dir='ltr'><strong>oraculi</strong></span> <span class='ocrx_word' id='word_1_233' title='bbox 1311 3669 1345 3734; x_wconf 90' lang='lat' dir='ltr'><strong>in</strong></span> <span class='ocrx_word' id='word_1_234' title='bbox 1356 3667 1510 3736; x_wconf 90' lang='lat' dir='ltr'><strong>laborem</strong></span> 
     </span>
    </p>
   </div>
   <div class='ocr_carea' id='block_1_6' title="bbox 331 3816 1513 4182">
    <p class='ocr_par' dir='ltr' id='par_1_6' title="bbox 331 3816 1513 4182">
     <span class='ocr_line' id='line_1_30' title="bbox 405 3816 1511 3878; baseline 0.002 -14"><span class='ocrx_word' id='word_1_235' title='bbox 405 3831 426 3864; x_wconf 76' lang='grc' dir='ltr'><strong>ι</strong></span> <span class='ocrx_word' id='word_1_236' title='bbox 445 3817 494 3865; x_wconf 86' lang='lat' dir='ltr'><strong>Deo</strong></span> <span class='ocrx_word' id='word_1_237' title='bbox 511 3835 553 3865; x_wconf 77' lang='lat' dir='ltr'><strong>om.</strong></span> <span class='ocrx_word' id='word_1_238' title='bbox 570 3819 610 3867; x_wconf 77' lang='lat' dir='ltr'><strong>Ch.</strong></span> <span class='ocrx_word' id='word_1_239' title='bbox 687 3816 711 3866; x_wconf 89' lang='lat' dir='ltr'><strong>b.</strong></span> <span class='ocrx_word' id='word_1_240' title='bbox 730 3817 863 3878; x_wconf 84' lang='lat' dir='ltr'><strong>mysterium</strong></span> <span class='ocrx_word' id='word_1_241' title='bbox 879 3818 937 3873; x_wconf 77' lang='lat' dir='ltr'><strong>MV,</strong></span> <span class='ocrx_word' id='word_1_242' title='bbox 959 3835 1015 3863; x_wconf 80' lang='lat' dir='ltr'><strong>corr.</strong></span> <span class='ocrx_word' id='word_1_243' title='bbox 1032 3821 1055 3864; x_wconf 72' lang='lat' dir='ltr'><strong>io</strong></span> <span class='ocrx_word' id='word_1_244' title='bbox 1070 3819 1218 3865; x_wconf 83' lang='lat' dir='ltr'><strong>ministerium</strong></span> <span class='ocrx_word' id='word_1_245' title='bbox 1236 3821 1279 3872; x_wconf 81' lang='lat' dir='ltr'><strong>Co,</strong></span> <span class='ocrx_word' id='word_1_246' title='bbox 1296 3819 1337 3867; x_wconf 78' lang='lat' dir='ltr'><strong>Ch.</strong></span> <span class='ocrx_word' id='word_1_247' title='bbox 1415 3833 1436 3866; x_wconf 85' lang='lat' dir='ltr'><strong>c.</strong></span> <span class='ocrx_word' id='word_1_248' title='bbox 1460 3819 1511 3866; x_wconf 79' lang='lat' dir='ltr'><strong>ssl-</strong></span> 
     </span>
     <span class='ocr_line' id='line_1_31' title="bbox 331 3895 1510 3958; baseline 0.001 -13"><span class='ocrx_word' id='word_1_249' title='bbox 331 3895 395 3946; x_wconf 66' lang='lat' dir='ltr'><strong>nblt</strong></span> <span class='ocrx_word' id='word_1_250' title='bbox 413 3899 478 3955; x_wconf 61' lang='lat' dir='ltr'><strong>MK·</strong></span> <span class='ocrx_word' id='word_1_251' title='bbox 501 3897 561 3943; x_wconf 81' lang='lat' dir='ltr'><strong>enim</strong></span> <span class='ocrx_word' id='word_1_252' title='bbox 585 3897 642 3944; x_wconf 70' lang='lat' dir='ltr'><strong>ada</strong></span> <span class='ocrx_word' id='word_1_253' title='bbox 659 3897 700 3945; x_wconf 71' lang='lat' dir='ltr'><strong>Ch.</strong></span> <span class='ocrx_word' id='word_1_254' title='bbox 798 3895 821 3943; x_wconf 82' lang='lat' dir='ltr'><strong>(l.</strong></span> <span class='ocrx_word' id='word_1_255' title='bbox 845 3896 875 3942; x_wconf 76' lang='lat' dir='ltr'><strong>ud</strong></span> <span class='ocrx_word' id='word_1_256' title='bbox 895 3896 992 3944; x_wconf 70' lang='lat' dir='ltr'><strong>salutum</strong></span> <span class='ocrx_word' id='word_1_257' title='bbox 1014 3914 1057 3944; x_wconf 77' lang='lat' dir='ltr'><strong>om.</strong></span> <span class='ocrx_word' id='word_1_258' title='bbox 1074 3901 1116 3945; x_wconf 85' lang='lat' dir='ltr'><strong>Cu.</strong></span> <span class='ocrx_word' id='word_1_259' title='bbox 1215 3913 1236 3946; x_wconf 84' lang='lat' dir='ltr'><strong>e.</strong></span> <span class='ocrx_word' id='word_1_260' title='bbox 1259 3899 1422 3958; x_wconf 72' lang='lat' dir='ltr'><strong>macipienlem</strong></span> <span class='ocrx_word' id='word_1_261' title='bbox 1445 3899 1510 3946; x_wconf 78' lang='lat'><strong>117.</strong></span> 
     </span>
     <span class='ocr_line' id='line_1_32' title="bbox 331 3974 1511 4036; baseline 0.001 -11"><span class='ocrx_word' id='word_1_262' title='bbox 331 3975 348 4025; x_wconf 84' lang='lat' dir='ltr'><strong>t</strong></span> <span class='ocrx_word' id='word_1_263' title='bbox 367 3975 510 4036; x_wconf 82' lang='lat' dir='ltr'><strong>Wyutridum</strong></span> <span class='ocrx_word' id='word_1_264' title='bbox 527 3980 565 4030; x_wconf 76' lang='lat' dir='ltr'><strong>M,</strong></span> <span class='ocrx_word' id='word_1_265' title='bbox 582 3979 625 4024; x_wconf 81' lang='lat' dir='ltr'><strong>Co.</strong></span> <span class='ocrx_word' id='word_1_266' title='bbox 706 3987 728 4033; x_wconf 76' lang='lat' dir='ltr'><strong>g.</strong></span> <span class='ocrx_word' id='word_1_267' title='bbox 749 3975 787 4024; x_wconf 87' lang='lat' dir='ltr'><strong>dei</strong></span> <span class='ocrx_word' id='word_1_268' title='bbox 803 3979 838 4022; x_wconf 77' lang='grc' dir='ltr'><strong>Μ.</strong></span> <span class='ocrx_word' id='word_1_269' title='bbox 919 3974 943 4022; x_wconf 88' lang='lat' dir='ltr'><strong>h.</strong></span> <span class='ocrx_word' id='word_1_270' title='bbox 964 3975 1079 4024; x_wconf 80' lang='lat' dir='ltr'><strong>deservire</strong></span> <span class='ocrx_word' id='word_1_271' title='bbox 1097 3980 1220 4025; x_wconf 78' lang='lat' dir='ltr'><strong>comuntur</strong></span> <span class='ocrx_word' id='word_1_272' title='bbox 1236 3979 1282 4034; x_wconf 79' lang='lat' dir='ltr'><strong>ct,-</strong></span> <span class='ocrx_word' id='word_1_273' title='bbox 1303 3976 1428 4026; x_wconf 79' lang='lat' dir='ltr'><strong>decernunt</strong></span> <span class='ocrx_word' id='word_1_274' title='bbox 1444 3995 1511 4026; x_wconf 71' lang='lat' dir='ltr'><strong>m.</strong></span> 
     </span>
     <span class='ocr_line' id='line_1_33' title="bbox 331 4053 1513 4117; baseline 0 -13"><span class='ocrx_word' id='word_1_275' title='bbox 331 4058 354 4104; x_wconf 72' lang='lat' dir='ltr'><strong>tn</strong></span> <span class='ocrx_word' id='word_1_276' title='bbox 370 4055 502 4104; x_wconf 81' lang='lat' dir='ltr'><strong>deserviunt</strong></span> <span class='ocrx_word' id='word_1_277' title='bbox 518 4055 546 4102; x_wconf 83' lang='lat' dir='ltr'><strong>V.</strong></span> <span class='ocrx_word' id='word_1_278' title='bbox 623 4055 639 4102; x_wconf 89' lang='lat' dir='ltr'><strong>i.</strong></span> <span class='ocrx_word' id='word_1_279' title='bbox 658 4053 711 4112; x_wconf 86' lang='lat' dir='ltr'><strong>lpoo</strong></span> <span class='ocrx_word' id='word_1_280' title='bbox 727 4056 784 4102; x_wconf 77' lang='lat' dir='ltr'><strong>add.</strong></span> <span class='ocrx_word' id='word_1_281' title='bbox 801 4057 842 4102; x_wconf 82' lang='lat' dir='ltr'><strong>ct.</strong></span> <span class='ocrx_word' id='word_1_282' title='bbox 915 4053 939 4102; x_wconf 82' lang='lat' dir='ltr'><strong>k.</strong></span> <span class='ocrx_word' id='word_1_283' title='bbox 959 4054 1106 4114; x_wconf 77' lang='lat' dir='ltr'><strong>pollicentem</strong></span> <span class='ocrx_word' id='word_1_284' title='bbox 1122 4059 1165 4112; x_wconf 78' lang='lat' dir='ltr'><strong>Co,</strong></span> <span class='ocrx_word' id='word_1_285' title='bbox 1181 4057 1303 4117; x_wconf 77' lang='lat' dir='ltr'><strong>pollicente</strong></span> <span class='ocrx_word' id='word_1_286' title='bbox 1320 4058 1361 4106; x_wconf 81' lang='lat' dir='ltr'><strong>ct.</strong></span> <span class='ocrx_word' id='word_1_287' title='bbox 1434 4055 1454 4104; x_wconf 88' lang='lat' dir='ltr'><strong>l.</strong></span> <span class='ocrx_word' id='word_1_288' title='bbox 1479 4075 1513 4104; x_wconf 73' lang='grc' dir='ltr'><strong>σε</strong></span> 
     </span>
     <span class='ocr_line' id='line_1_34' title="bbox 332 4135 693 4182; baseline -0.006 0"><span class='ocrx_word' id='word_1_289' title='bbox 332 4137 361 4182; x_wconf 76' lang='lat' dir='ltr'><strong>m</strong></span> <span class='ocrx_word' id='word_1_290' title='bbox 376 4137 492 4182; x_wconf 69' lang='lat' dir='ltr'><strong>lo-to.</strong></span> <span class='ocrx_word' id='word_1_291' title='bbox 515 4136 568 4182; x_wconf 74' lang='lat' dir='ltr'><strong>so·</strong></span> <span class='ocrx_word' id='word_1_292' title='bbox 582 4135 693 4180; x_wconf 67' lang='lat' dir='ltr'><strong>lemnam</strong></span> 
     </span>
    </p>
   </div>
   <div class='ocr_carea' id='block_1_7' title="bbox 329 4235 1514 4486">
    <p class='ocr_par' dir='ltr' id='par_1_7' title="bbox 329 4235 1514 4486">
     <span class='ocr_line' id='line_1_35' title="bbox 403 4235 1511 4310; baseline 0.003 -17"><span class='ocrx_word' id='word_1_293' title='bbox 403 4239 428 4292; x_wconf 93' lang='lat'><strong>1.</strong></span> <span class='ocrx_word' id='word_1_294' title='bbox 453 4236 553 4293; x_wconf 80' lang='lat' dir='ltr'><strong>Genus.</strong></span> <span class='ocrx_word' id='word_1_295' title='bbox 568 4237 614 4306; x_wconf 83' lang='lat'><strong>18,</strong></span> <span class='ocrx_word' id='word_1_296' title='bbox 632 4237 722 4306; x_wconf 66' lang='lat' dir='ltr'><strong>tsqu.</strong></span> <span class='ocrx_word' id='word_1_297' title='bbox 819 4237 845 4290; x_wconf 78' lang='lat'><strong>2.</strong></span> <span class='ocrx_word' id='word_1_298' title='bbox 869 4235 969 4292; x_wconf 75' lang='lat' dir='ltr'><strong>(lenes.</strong></span> <span class='ocrx_word' id='word_1_299' title='bbox 983 4237 1030 4307; x_wconf 90' lang='grc'><strong>19,</strong></span> <span class='ocrx_word' id='word_1_300' title='bbox 1049 4240 1138 4308; x_wconf 85' lang='lat' dir='ltr'><strong>loqu.</strong></span> <span class='ocrx_word' id='word_1_301' title='bbox 1236 4239 1262 4293; x_wconf 79' lang='grc'><strong>3.</strong></span> <span class='ocrx_word' id='word_1_302' title='bbox 1285 4237 1380 4294; x_wconf 76' lang='lat' dir='ltr'><strong>uach.</strong></span> <span class='ocrx_word' id='word_1_303' title='bbox 1395 4241 1444 4310; x_wconf 88' lang='lat'><strong>10,</strong></span> <span class='ocrx_word' id='word_1_304' title='bbox 1459 4241 1511 4298; x_wconf 78' lang='lat'><strong>40.</strong></span> 
     </span>
     <span class='ocr_line' id='line_1_36' title="bbox 329 4323 1514 4398; baseline 0.003 -16"><span class='ocrx_word' id='word_1_305' title='bbox 329 4325 357 4382; x_wconf 85' lang='lat'><strong>4.</strong></span> <span class='ocrx_word' id='word_1_306' title='bbox 381 4323 416 4381; x_wconf 88' lang='lat' dir='ltr'><strong>ct&#39;.</strong></span> <span class='ocrx_word' id='word_1_307' title='bbox 434 4323 529 4380; x_wconf 80' lang='lat' dir='ltr'><strong>Metth</strong></span> <span class='ocrx_word' id='word_1_308' title='bbox 544 4326 586 4396; x_wconf 84' lang='lat'><strong>10,</strong></span> <span class='ocrx_word' id='word_1_309' title='bbox 598 4325 643 4380; x_wconf 77' lang='lat'><strong>42.</strong></span> <span class='ocrx_word' id='word_1_310' title='bbox 733 4323 760 4379; x_wconf 81' lang='lat'><strong>5.</strong></span> <span class='ocrx_word' id='word_1_311' title='bbox 783 4325 800 4379; x_wconf 78' lang='lat'><strong>2</strong></span> <span class='ocrx_word' id='word_1_312' title='bbox 817 4324 1038 4398; x_wconf 80' lang='lat' dir='ltr'><strong>Timoth.3,15:</strong></span> <span class='ocrx_word' id='word_1_313' title='bbox 1063 4329 1112 4398; x_wconf 77' lang='lat' dir='ltr'><strong>„et</strong></span> <span class='ocrx_word' id='word_1_314' title='bbox 1134 4325 1199 4396; x_wconf 84' lang='lat' dir='ltr'><strong>quia</strong></span> <span class='ocrx_word' id='word_1_315' title='bbox 1222 4325 1258 4382; x_wconf 83' lang='lat' dir='ltr'><strong>ob</strong></span> <span class='ocrx_word' id='word_1_316' title='bbox 1275 4325 1390 4383; x_wconf 82' lang='lat' dir='ltr'><strong>infautia</strong></span> <span class='ocrx_word' id='word_1_317' title='bbox 1407 4341 1514 4385; x_wconf 79' lang='lat' dir='ltr'><strong>suem</strong></span> 
     </span>
     <span class='ocr_line' id='line_1_37' title="bbox 331 4410 1033 4486; baseline 0.006 -18"><span class='ocrx_word' id='word_1_318' title='bbox 331 4413 437 4469; x_wconf 86' lang='lat' dir='ltr'><strong>litteras</strong></span> <span class='ocrx_word' id='word_1_319' title='bbox 454 4411 559 4469; x_wconf 82' lang='lat' dir='ltr'><strong>nosti“.</strong></span> <span class='ocrx_word' id='word_1_320' title='bbox 647 4413 673 4468; x_wconf 85' lang='grc'><strong>6.</strong></span> <span class='ocrx_word' id='word_1_321' title='bbox 697 4410 739 4469; x_wconf 83' lang='lat' dir='ltr'><strong>cf.</strong></span> <span class='ocrx_word' id='word_1_322' title='bbox 757 4412 854 4470; x_wconf 75' lang='lat' dir='ltr'><strong>uach</strong></span> <span class='ocrx_word' id='word_1_323' title='bbox 868 4415 911 4484; x_wconf 74' lang='lat'><strong>25,</strong></span> <span class='ocrx_word' id='word_1_324' title='bbox 925 4417 959 4470; x_wconf 80' lang='lat'><strong>15</strong></span> <span class='ocrx_word' id='word_1_325' title='bbox 971 4430 1033 4486; x_wconf 85' lang='lat' dir='ltr'><strong>squ.</strong></span> 
     </span>
    </p>
   </div>
   <div class='ocr_carea' id='block_1_8' title="bbox 0 0 1589 4848">
    <p class='ocr_par' dir='ltr' id='par_1_8' title="bbox 0 0 1589 4848">
     <span class='ocr_line' id='line_1_38' title="bbox 0 0 1589 4848; baseline 0 0"><span class='ocrx_word' id='word_1_326' title='bbox 0 0 1589 4848; x_wconf 95' lang='lat' dir='ltr'><strong> </strong></span> 
     </span>
    </p>
   </div>
  </div>
 </body>
</html>
