3110 4844
314 303 342 351 e.
358 301 535 353 normann
555 303 600 352 sn
621 303 724 352 untur
746 301 933 352 erroreum
959 301 1013 350 nee.
1029 299 1075 346 rec
1214 283 1279 350 307

112 444 271 530 probatur.
316 443 360 512 Te
383 445 503 532 pariter
525 444 735 528 obsecrantes,
757 449 795 512 nt
815 464 874 530 pro
897 448 1007 514 nosne
1027 443 1184 530 parvitate
1206 461 1281 529 pro·
1300 445 1441 503 ⁷⁶5-'186

113 580 172 644 que
205 580 283 647 pace
312 560 563 644 congregationis
593 565 719 630 nostrae
747 557 884 628 Domino
914 559 1093 647 supplicare
1121 579 1193 626 cum
1224 556 1280 642 eis,

113 675 165 760 qui
193 681 296 744 tecum
324 677 473 744 invocant
500 695 615 744 nomen
642 675 762 744 domini
790 675 877 761 leem
907 673 1099 744 memineris.
1144 674 1280 742 latarum

111 811 185 858 vero
211 791 389 860 litterarum
411 792 599 880 portitorem
623 811 643 858 a
664 791 753 860 robis
777 795 851 860 ante
873 791 1066 860 destinatum
1088 794 1213 858 remae
1236 789 1281 856 al-

111 907 216 975 mitati
243 909 486 992 committimus,
515 909 589 994 quia
617 906 752 976 fideliter
779 907 870 976 nobis
899 907 1046 976 oboedire
1074 907 1109 974 in
1137 905 1282 974 omnibus

112 1024 241 1092 curabit
324 1025 532 1113 Omnipotens
546 1023 644 1108 Deus,
668 1025 723 1110 qui
744 1024 891 1112 dispersa
912 1027 1083 1108 congregat
1104 1027 1136 1090 et
1149 1041 1281 1106 congre·

111 1145 184 1224 gata
206 1141 353 1226 custodit,
376 1143 444 1230 ipre
466 1161 522 1210 roe
546 1159 604 1212 sua
625 1141 729 1225 matie
744 1145 892 1228 protegat
906 1146 940 1208 et
953 1139 1051 1210 vestri
1065 1138 1183 1208 laboris
1198 1138 1282 1206 truc·

110 1263 177 1324 tum
199 1258 235 1324 in
257 1263 388 1326 aeterua
408 1257 513 1345 patrio
535 1275 592 1326 nos
615 1257 723 1324 ridere
745 1257 905 1326 concedat

115 1469 200 1542 139.
224 1471 364 1554 Quidam
392 1473 553 1560 quandam
580 1473 739 1554 hortator,
769 1486 805 1540 ut
827 1484 961 1562 propter
983 1472 1149 1536 immineas
1171 1469 1285 1535 mac&

222 1591 367 1670 οοίείοοι,
390 1591 543 1676 prmnisei
562 1611 696 1671 mmor,
717 1611 780 1677 pro
803 1611 836 1654 ee
855 1596 1030 1677 precetur·.
1187 1565 1200 1591 ⁸

876 1701 910 1784 (S
927 1703 980 1788 34,
1004 1699 1044 1768 W
1063 1701 1136 1785 165,
1160 1695 1282 1780 Glol)

200 1837 333 1905 lntimae
348 1835 524 1906 dilectionis
541 1859 648 1906 amore
663 1839 807 1925 quamvis
821 1835 998 1922 iudignum,
1021 1833 1069 1902 .N.
1085 1834 1119 1900 in
1135 1831 1282 1916 Domino,

110 1950 285 2039 triquadri¹
307 1954 391 2021 orbis
421 1954 616 2041 quadrifaria
642 1951 758 2040 regna¹
779 1973 895 2038 magno
917 1949 1151 2020 moderamine⁶
1174 1949 1282 2036 diepo-

109 2075 221 2156 nente,
246 2070 294 2136 .N.
320 2071 481 2160 sospitatis
504 2069 648 2140 salntem.

199 2186 281 2255 Puto
303 2188 387 2255 enim
409 2207 612 2274 cognoscere,
636 2185 853 2254 amantimima
876 2204 980 2269 soror,
1004 2181 1087 2268 quod
1110 2183 1145 2247 in
1169 2179 1284 2248 divinis

1 2380 2 2407 χ
110 2323 187 2391 sepe
214 2309 341 2371 cautum
368 2302 484 2388 legitur
512 2303 662 2371 oraculis:
693 2302 967 2390 adpropinquante
996 2298 1060 2364 iam
1089 2293 1200 2364 mnndi
1221 2293 1285 2364 tine

1 2419 2 2422 ’
110 2426 145 2486 et
173 2425 279 2486 statua
307 2439 345 2487 ex
380 2421 541 2506 quaternis
570 2419 769 2487 metallorum
797 2415 964 2502 generibus
994 2414 1153 2500 quondam
1180 2413 1285 2480 fabre·

109 2531 213 2603 facm⁸
235 2536 372 2620 ruitura,
400 2536 555 2623 hydram‘l
578 2555 702 2622 quoque
729 2553 854 2620 semper
876 2533 968 2601 ueris
989 2531 1146 2602 hiantem·
1170 2528 1284 2598 sibilis‘

1 2627 2 2656 ¹
110 2657 146 2720 et
167 2651 288 2720 scillam
309 2671 380 2720 cum
396 2651 595 2720 hereditariis
611 2652 722 2720 caulis
737 2671 801 2718 nou
817 2653 992 2718 merentem
1006 2646 1133 2716 latrare.
1169 2645 1284 2716 llllvue

1 2769 2 2804 r
110 2787 237 2855 quoqne
265 2767 305 2838 ad
333 2768 400 2836 ima
428 2767 633 2854 columbaque
663 2768 703 2836 ad
732 2769 887 2844 fenestras
916 2785 990 2834 snas
1018 2763 1138 2832 volitat
1183 2762 1283 2842 Quam

110 2884 153 2952 ob
179 2905 265 2971 rem,
294 2885 473 2969 cadesim,
504 2885 580 2952 licet
609 2883 810 2969 lougeuscnle
838 2881 904 2952 alta
931 2880 1086 2948 marinm⁸
1114 2877 1285 2966 equalitate

1 3041 2 3048 κ
108 3001 245 3086 dismm,
273 3001 395 3070 doinus
423 3005 531 3068 tamen
559 3001 643 3068 cuca
670 3004 759 3068 tuam
790 2999 939 3085 frequens
961 2994 1146 3064 memoriam
1170 2993 1285 3064 cotidie

108 3137 208 3185 conor
223 3118 342 3186 adesse.
382 3116 535 3184 Obsecro:
559 3121 594 3184 ut
614 3115 658 3184 sis
672 3136 793 3183 memor
809 3114 976 3182 verbornm
991 3117 1181 3197 noseorum,
1205 3131 1285 3198 quae

1 3227 2 3278 l
107 3233 231 3320 pariter
254 3233 444 3321 pepigimus,
468 3231 593 3318 quando
616 3231 776 3319 profectus
799 3231 931 3298 meram.
970 3227 1059 3312 Vela,
1082 3229 1191 3296 rivom
1208 3247 1284 3296 aero

106 3349 253 3434 longiore
276 3355 308 3416 et
330 3351 397 3418 rite
418 3349 574 3432 feliciore,
596 3347 801 3434 interpellans
825 3367 883 3434 pro
905 3367 967 3414 me.
1012 3343 1099 3412 Haec
1120 3364 1222 3432 panca
1244 3343 1286 3412 sd

107 3471 143 3534 te
164 3466 295 3555 scripsi,
319 3487 383 3534 nou
406 3472 590 3550 arroganter
612 3485 683 3534 mea
705 3463 945 3546 commendans,
968 3459 1024 3528 sed
1046 3461 1214 3530 humiliter
1229 3467 1286 3531 tua

107 3583 284 3671 deposcens
308 3588 340 3650 et
362 3603 419 3650 cen
441 3583 590 3670 propriae
613 3599 781 3666 germanae
803 3599 905 3666 nuper
927 3582 1071 3648 muetos.
1108 3576 1197 3650 Vale.

247 3725 282 3792 ln
306 3725 394 3794 caele
415 3724 553 3810 flagrans
575 3725 639 3792 iam
662 3723 753 3792 iustis
777 3721 844 3789 vita
865 3721 1024 3809 perennis,

246 3842 316 3921 Qua
337 3843 438 3910 sancti
460 3861 586 3928 semper
607 3840 773 3926 fulgebunt
794 3837 913 3906 lumine
935 3836 1066 3924 pulchro

184 3997 205 4031 ι
230 4001 259 4030 ex
276 3983 439 4033 Vll-lde.
468 3987 576 4031 laemera:
597 3983 653 4030 liam
669 3981 776 4043 epistola.
859 3980 883 4026 b.
906 3979 1006 4039 indlgnls
1024 3979 1052 4027 7.
1136 3989 1157 4024 ο.
1179 3975 1283 4026 modora-

105 4065 172 4112 ηοω
190 4065 217 4112 ν.
295 4063 319 4110 ο.
338 4081 405 4124 ,ψ
425 4063 519 4124 aynan
539 4066 647 4123 ,aaaron
666 4072 700 4112 ae
720 4073 815 4122 umens
833 4061 860 4107 r.
939 4074 960 4107 ο.
980 4059 1081 4106 nmen
1096 4062 1180 4120 aeae
1190 4077 1234 4120 m
1249 4059 1284 4106 a·

105 4147 187 4192 autam
205 4145 233 4191 7.
310 4143 327 4190 f.
348 4142 431 4190 sibillie
448 4144 477 4190 7.
554 4156 575 4202 g.
596 4142 691 4190 marium
707 4143 790 4201 saper·
802 4157 845 4201 pre
860 4139 993 4187 meritorum
1011 4140 1038 4186 7.

183 4239 209 4296 1.
232 4239 261 4294 iu
282 4243 339 4294 tres
356 4243 450 4310 partes
469 4237 635 4309 (Europam,
653 4236 764 4308 Asiam,
782 4233 921 4302 Africam)
940 4233 1030 4290 dirisi.
1119 4233 1144 4290 2.
1168 4247 1283 4304 regnum

105 4343 233 4399 aureum,
252 4330 422 4400 mgenteum,
440 4340 560 4400 meeum,
578 4325 705 4383 ferreum.
733 4325 769 4383 V.
788 4321 887 4380 Daniel
899 4324 925 4394 2,
938 4321 973 4380 38
984 4338 1045 4394 equ.
1125 4321 1151 4378 8.
1174 4321 1209 4379 V.
1228 4319 1283 4378 Da

103 4419 166 4474 niel
180 4419 206 4488 2,
219 4417 253 4474 31
266 4431 326 4487 equ.

1011 4507 1072 4564 20!¹
