3024 4864
305 251 371 318 202
554 269 582 318 s.
600 269 777 319 uoumnnn
799 271 844 318 ur
865 270 969 318 numu
990 269 1178 318 nursrounn
1198 269 1228 316 ro

189 417 247 504 vde·
303 409 417 478 etesiae
439 410 511 478 iura
533 416 565 478 et
586 429 702 477 norme
722 409 878 494 regularis
901 411 985 478 vitae
1008 411 1041 478 in
1064 411 1184 497 synodo
1206 411 1350 496 legantur
1369 415 1397 477 et
1414 430 1454 476 re

142 490 287 550 monum
303 531 520 612 cuperentur.
612 525 834 595 Deorevimus:
864 529 901 592 nt
929 527 1207 614 metropolitanus,
1235 527 1289 611 qni
1314 527 1357 594 sit
1374 525 1455 613 pullio

303 641 500 725 sublimatus,
523 641 668 708 hortetur
691 645 831 708 eaeteros
855 647 888 709 et
911 643 1094 722 admoneat3
1119 648 1151 709 at
1171 643 1354 724 investiget,
1381 639 1456 726 quis*

302 759 345 826 sit
365 759 450 826 inter
471 775 526 825 eos
548 756 690 824 omiosus
714 756 752 822 de
776 757 878 824 salute
893 756 1003 843 populi
1020 758 1129 842 quisve
1143 757 1321 841 neglegens.
1396 755 1458 824 Sor

301 873 367 940 vis⁰
390 873 449 940 Dei
479 871 678 938 venationes‘¹
709 876 741 938 et
769 871 929 940 silvaticas
958 874 1141 956 vagationes
1168 892 1240 940 oum
1267 872 1460 955 eunibm,ot

301 994 338 1055 ut
360 993 540 1075 aooeptores
564 992 596 1054 ot
618 986 791 1054 walcones·
806 1008 871 1054 non
886 987 1034 1071 habeant,
1057 987 1284 1075 prohibuimus.
1354 985 1459 1054 Statui-

302 1103 403 1170 mus‘:
439 1109 475 1170 ut
504 1123 561 1190 per
591 1122 690 1170 annos
718 1103 858 1186 singulos
887 1104 1103 1190 unusquisque
1139 1103 1296 1190 presbiter
1324 1103 1459 1190 episeopo

302 1239 360 1286 sno
389 1221 423 1286 in
446 1218 698 1304 quadragissima
719 1219 874 1286 rationem
898 1220 1083 1286 ministerii⁸
1107 1220 1157 1286 sni
1184 1219 1310 1303 reddat,
1340 1218 1404 1284 sive
1428 1216 1460 1284 de

300 1333 363 1401 lide
385 1335 539 1402 eatholiea
561 1335 628 1401 sire
651 1334 690 1400 de
720 1333 878 1420 baptismo
907 1336 973 1401 sive
1002 1335 1041 1402 de
1064 1336 1149 1402 omni
1173 1334 1283 1402 ordine
1304 1331 1460 1400 ministerii

301 1450 359 1518 sni.
452 1449 642 1518 statuimus:
666 1455 703 1516 nt
725 1449 857 1533 singulis
881 1451 972 1516 annis
988 1451 1203 1536 unusquisque
1219 1451 1384 1537 episeopus
1398 1468 1461 1535 par·

300 1566 440 1633 roohiam
462 1586 554 1632 suam
576 1565 709 1632 sollicite
732 1567 913 1649 oireumeot,
937 1565 1090 1652 populum
1112 1563 1297 1632 confirmare
1317 1571 1352 1632 et
1365 1564 1462 1652 plebes

300 1682 421 1766 dooere,
444 1681 689 1765 etinvestigare
711 1685 744 1748 et
766 1680 932 1768 prohibere
955 1700 1096 1768 paganus
1118 1680 1366 1764 observationes,
1392 1680 1462 1746 diri

298 1798 374 1865 nosh
397 1797 447 1865 uel
469 1797 646 1882 sortilogos,
675 1797 817 1881 auguria,
840 1794 1015 1881 liluotsria¹,
1038 1797 1267 1864 ineantetiones
1291 1795 1342 1864 vel
1364 1813 1463 1864 omnes

299 1914 468 2000 spurcitias
498 1913 672 1997 gentilium.
764 1911 988 1980 lutordiximus
1017 1914 1118 1980 servis
1141 1912 1218 1996 Dei,
1246 1911 1300 1980 ut*
1322 1916 1463 1998 pompato

298 2028 419 2096 habitu*
442 2027 493 2096 vel
515 2049 591 2112 sago
613 2027 665 2094 vel
688 2027 785 2096 armis
808 2033 947 2094 utantur.

387 2143 574 2227 statuimus,
591 2144 675 2228 quod
690 2143 855 2230 proprium
871 2143 914 2209 sit
928 2143 1195 2232 metropolitanom
1211 2143 1301 2209 iuxta
1314 2160 1463 2210 oanonum

297 2265 432 2328 etotntar
456 2259 668 2326 subieotorum
692 2259 753 2328 sibi
775 2260 993 2346 episeoporum
1013 2259 1204 2342 investigare
1218 2278 1340 2340 moree3
1365 2263 1398 2326 et
1411 2255 1465 2324 sol·

296 2375 494 2442 lioitudinem
516 2375 601 2442 eiroa
622 2375 773 2462 populos,
797 2374 900 2460 qualis
923 2375 979 2456 sit3
1004 2379 1036 2441 et
1058 2380 1195 2459 moneat,
1218 2379 1254 2442 ut
1276 2375 1466 2460 episeopis

296 2490 416 2577 synodo
441 2490 619 2574 venientes,
648 2491 682 2556 in
710 2492 841 2578 propria
870 2490 1037 2576 parroohia
1059 2507 1131 2558 oum
1155 2489 1341 2577 presbiteris
1365 2494 1398 2556 st
1417 2488 1466 2556 ou

296 2605 422 2674 batibus
437 2612 626 2674 eonventum
641 2605 802 2690 habentes,
825 2611 997 2693 praecepta
1011 2605 1123 2692 synodi
1139 2625 1265 2673 seruere
1278 2603 1465 2672 insinuando

295 2723 503 2808 praecipiant.
544 2720 587 2788 Et
609 2723 824 2808 unnsquisque
847 2723 1025 2808 episeopus,
1048 2721 1075 2787 si
1098 2721 1175 2806 quid
1195 2721 1231 2787 in
1253 2740 1311 2788 sua
1335 2719 1465 2788 diooesi'

295 2837 453 2921 corrigere
481 2836 531 2904 vel
560 2837 727 2904 emendare
750 2838 955 2922 nequiverit⁰,
990 2836 1024 2902 id
1045 2837 1140 2904 item’
1162 2837 1196 2902 in
1219 2836 1342 2923 synodo
1365 2855 1465 2904 eoram

296 2953 551 3039 arehiepiscopo¹
574 2956 606 3018 et
628 2951 751 3038 palam*
773 2953 918 3020 omnibus
941 2953 982 3020 ad
1003 2952 1223 3036 corrigendum
1243 2953 1397 3036 insinuet,
1419 2969 1467 3018 eo-

295 3066 367 3135 dem
382 3050 484 3134 'modo
507 3087 569 3153 quo
592 3067 734 3135 Romana
755 3069 889 3136 aeclesia
911 3088 969 3136 nos
992 3067 1153 3136 ordinatos
1176 3087 1248 3134 oum
1270 3072 1466 3134 sacramento

295 3183 495 3267 constrinxit,
518 3188 564 3266 ut,
587 3183 616 3250 si
639 3184 818 3252 saoerdotes
840 3183 890 3251 vel
914 3183 1022 3270 plebes
1045 3204 1064 3249 e
1085 3183 1155 3267 lege
1171 3182 1232 3250 Dei
1254 3183 1404 3250 deviasse
1425 3183 1468 3250 vi·

296 3297 396 3365 derim
421 3305 453 3366 et
475 3299 633 3383 eorrigere
655 3320 718 3365 non
741 3300 909 3386 potuerim,
934 3299 1067 3366 fideliter
1091 3319 1216 3386 semper
1238 3299 1321 3365 sedi·
1343 3305 1468 3386 aposto·

294 3414 375 3480 liaeo
399 3418 431 3480 et
453 3413 570 3480 vinario
593 3416 695 3482 sanati
712 3415 798 3482 Petri
821 3415 861 3482 ad
884 3415 1114 3483 emendandum
1129 3415 1382 3483 indiouverim¹¹.
1419 3413 1470 3479 Sio

296 3529 391 3612 enim,
415 3529 477 3594 nisi
499 3527 602 3612 fullon,
627 3550 734 3597 omues
753 3532 912 3618 episcopi·
928 3531 1043 3598 debent
1057 3529 1311 3617 metropolitano,
1336 3535 1372 3598 et
1386 3531 1469 3618 ipss'

295 3643 436 3711 Romano
465 3643 622 3732 pontifici,
652 3645 679 3711 si
710 3645 847 3730 quidde
870 3635 1062 3731 eorrigendis
1085 3645 1211 3733 populis
1234 3645 1319 3733 apud
1343 3665 1401 3713 eos
1423 3647 1469 3712 in·

366 3869 386 3903 r.
408 3856 564 3917 revipsrentur
581 3858 608 3912 V,
624 3859 786 3918 recuperantur
801 3861 842 3918 Sp.
905 3858 928 3904 b.
948 3860 988 3918 qui
1002 3861 1044 3918 sp.
1107 3875 1127 3906 e.
1149 3871 1229 3906 seruus
1244 3860 1285 3917 sp.
1350 3859 1375 3906 d.
1397 3859 1469 3906 natio·

292 3949 334 3984 uer
352 3937 380 3984 V.
450 3952 469 3983 e.
485 3936 586 3983 tnleonas
603 3940 630 3985 c.
696 3938 712 3984 t.
734 3937 859 3985 Ststuimns
880 3959 904 3972 ψ
922 3938 1044 3985 ministerii
1060 3939 1096 3986 sui
1112 3955 1156 3985 οιι.
1173 3941 1199 3986 c.
1265 3951 1288 3997 g.
1310 3939 1416 3987 minim
1431 3943 1470 3999 Sp

292 4015 316 4063 lt.
336 4015 426 4063 divinoe
446 4039 470 4048 -
488 4015 713 4063 emonensem.
731 4023 765 4066 dt.
842 4018 858 4064 i.
877 4017 980 4064 fllaotera
997 4019 1024 4065 V.
1102 4019 1124 4064 l.
1145 4031 1192 4066 non
1208 4019 1265 4065 adet
1284 4021 1310 4066 C.
1393 4019 1411 4066 l.
1431 4019 1470 4066 lev

292 4095 367 4142 bitatu
384 4096 411 4142 V.
469 4109 498 4142 nr.
519 4095 687 4156 metropolitem
704 4101 738 4151 M,
753 4099 794 4156 Sp.
853 4111 876 4144 ιι.
898 4095 1002 4144 diocense
1020 4099 1047 4144 V.
1108 4111 1130 4144 o.
1151 4098 1284 4158 usqueverit
1301 4099 1328 4144 7.
1388 4113 1414 4159 p.
1433 4099 1470 4146 iti·

293 4175 345 4222 dem
362 4179 393 4231 G,
408 4175 470 4222 idem
485 4177 525 4235 sp.
587 4189 610 4235 q.
631 4175 809 4236 archiepiscopis
825 4179 860 4224 dt.
939 4191 957 4223 r.
978 4176 1060 4237 pellam
1079 4177 1107 4225 V.
1176 4191 1196 4224 s.
1217 4178 1270 4225 vitel
1286 4182 1320 4225 M.
1396 4182 1416 4226 t.
1435 4181 1470 4226 in·

292 4255 392 4304 dloarem
409 4258 436 4304 C.
513 4271 535 4302 ιι.
556 4255 676 4316 episcopos
693 4259 728 4302 M.
805 4270 827 4302 v.
845 4256 892 4316 ipsi
908 4259 935 4305 c.

364 4361 389 4416 1.
413 4359 448 4416 V.
467 4374 510 4430 ep.
524 4360 558 4414 17
576 4373 660 4428 supra
675 4373 704 4428 p.
716 4360 760 4416 tl.
