3164 4842
313 261 380 333 506
451 284 498 332 nx
521 285 733 334 cessassem
755 283 997 334 memorarem
1019 285 1099 334 vrrs
1121 285 1147 333 a
1163 285 1337 334 normann

313 533 621 612 PRESBYTERI
647 443 996 614 Tanlscrssriffls
1023 534 1137 613 VITA
1164 535 1199 612 S.
1220 533 1461 612 BONIFATll.
1566 599 1567 620 ι

235 703 287 758 755
505 685 631 771 Peregit
657 687 755 772 igitur
784 691 909 753 sanctas
938 685 998 753 Dei
1024 683 1203 753 Bonifatius
1231 705 1356 752 cnrsnm
1383 705 1466 752 suum

223 776 402 868 1111ιῦεῐιιιιε
437 808 470 869 et
502 821 595 868 orans
629 807 825 890 tyrannoque
857 801 980 887 iugulos
1011 801 1050 868 ad
1078 801 1294 870 decollandum
1321 799 1467 888 praebens

315 925 425 1004 quarto
453 923 527 1006 post
548 917 705 985 Kalendas
728 917 808 986 lunii
835 917 951 984 mensis
973 918 1034 984 die.
1072 915 1163 984 Unde
1186 922 1217 984 et
1237 915 1316 983 illud
1338 915 1467 984 leucati-

314 1054 372 1100 oon
401 1033 553 1120 scriptum
581 1033 713 1102 habetur
741 1039 774 1102 et
800 1035 833 1100 in
862 1033 1066 1120 depositionis
1095 1035 1162 1102 eins
1190 1032 1349 1102 solemniis
1371 1033 1404 1100 in
1424 1051 1469 1100 co·

314 1149 410 1217 alesia
431 1155 590 1218 cantatur:

472 1266 586 1334 Iuniis·
608 1268 642 1333 in
664 1265 763 1333 Nonis
785 1267 901 1334 festum
923 1265 1102 1333 venerabile
1124 1265 1213 1332 nobis

473 1374 620 1459 Advenit,
645 1374 788 1442 exultant
809 1375 923 1442 fratres
947 1393 1019 1440 cnm
1041 1373 1162 1441 civibus
1184 1375 1217 1441 in
1241 1393 1311 1458 quo,

473 1481 561 1546 Tunc
583 1483 657 1568 quia
679 1482 835 1550 caelorum
858 1481 974 1550 meruit
994 1481 1175 1550 Boniiacins
1197 1480 1262 1547 alta

473 1586 640 1674 Scandere,
663 1597 847 1678 perpetuam
871 1595 1029 1658 mercatus
1051 1591 1202 1673 sanguine
1223 1589 1330 1655 vitam.

402 1701 481 1770 Mihi
510 1709 615 1772 antem
643 1707 677 1772 in
706 1707 815 1774 eadem
841 1707 969 1791 regione
998 1707 1171 1774 sciscitanti
1197 1705 1237 1771 de
1265 1723 1316 1787 eo,
1345 1704 1375 1769 si
1404 1701 1474 1788 qnid

314 1819 450 1888 scribere
472 1839 608 1907 possem,
631 1821 763 1888 relatam
789 1828 851 1889 est:
875 1822 977 1890 adhuc
1000 1823 1202 1910 superstitem
1225 1839 1293 1886 esse
1310 1819 1475 1904 qnamdam

313 1936 478 2004 mulierem
505 1937 560 2004 sed
589 1939 654 2004 iam
682 1938 773 2006 valde
795 1939 1004 2026 decrepitam,
1034 1959 1114 2023 quae
1135 1936 1335 2005 iureiurando
1359 1953 1475 2002 assere·

233 2085 236 2102 ·
314 2053 383 2138 bat,
411 2075 446 2122 se
472 2053 670 2121 decollationi
692 2054 803 2122 militie
826 2053 944 2122 Christi
965 2053 1065 2122 fuisse
1085 2059 1292 2142 praesentem.
1331 2051 1477 2120 Dicebat·
1540 2107 1544 2117 .

315 2189 390 2256 qne,
419 2170 519 2255 quod,
547 2189 618 2236 cum
640 2170 744 2254 gladio
765 2171 925 2238 feriendus
947 2178 1045 2256 esset,
1070 2191 1194 2238 ssorum
1217 2168 1376 2252 euangelii
1398 2167 1477 2236 eodi-

314 2305 383 2352 cem
405 2287 503 2372 capiti
526 2307 582 2353 suo
604 2287 799 2374 imposuerit,
823 2292 859 2354 ut
880 2287 938 2354 sub
954 2307 991 2354 ao
1005 2288 1102 2355 ictum
1117 2286 1311 2374 percussoris
1326 2285 1478 2371 reciperat

314 2402 444 2487 eiusque
466 2403 659 2489 praesidium
680 2403 865 2470 haberetis
888 2409 1004 2487 morte,
1027 2405 1116 2470 cuius
1138 2402 1302 2470 lectionem
1326 2401 1479 2470 dilexerat
1566 2471 1567 2496 ἶ

313 2517 348 2584 in
375 2517 450 2583 uita.
540 2517 699 2605 Perempti
727 2525 802 2586 sunt
828 2524 934 2586 autem
962 2524 995 2586 et
1021 2519 1168 2606 discipuli
1196 2519 1262 2586 eins
1291 2537 1364 2584 cnm
1389 2537 1426 2584 eo
1446 2516 1479 2582 in

313 2633 383 2700 loco
411 2634 465 2719 qui
487 2631 668 2718 Doclninga¹
690 2633 820 2716 dicitur3
851 2635 905 2702 ubi
934 2639 1043 2721 postea
1063 2637 1097 2703 in
1119 2635 1271 2702 honorem
1292 2633 1376 2700 tanti
1399 2653 1479 2698 mm

313 2751 394 2838 tyris
427 2755 608 2818 constructe
641 2755 689 2817 est
717 2749 847 2817 basilica
875 2749 1006 2834 nobilis,
1039 2751 1130 2818 iaxta
1159 2769 1253 2836 qnam
1280 2750 1353 2816 iens
1382 2767 1480 2835 aquae

314 2865 414 2933 dulcis
442 2872 583 2951 emanat,
612 2885 683 2933 casn
713 2865 789 2934 alibi
817 2886 873 2952 per
900 2872 1002 2934 totum
1028 2867 1188 2950 regionem
1212 2866 1302 2933 illem
1324 2865 1430 2933 salsae
1451 2869 1482 2932 et
1566 2879 1567 2910 ³

314 3003 440 3050 amaram
463 2983 527 3050 sint
550 3003 658 3068 aquae.
693 2981 737 3049 lit
757 2982 878 3066 icrunt,
900 2982 985 3049 hunc
1005 2983 1125 3050 iontem
1148 2981 1349 3049 aBonifacio
1372 2983 1482 3050 inven-
1565 3033 1567 3108 4

313 3104 381 3166 tum
411 3105 444 3166 et
471 3097 697 3166 sanctificatum
729 3117 813 3183 esse,
842 3099 974 3184 ideoque
998 3103 1089 3166 tanta
1109 3097 1273 3166 duloedine
1294 3099 1483 3184 insignitum
1566 3113 1567 3118 ’

315 3220 347 3282 et
368 3215 523 3302 potationi
546 3221 726 3282 cunctorum
751 3215 828 3281 satis
852 3215 1096 3282 accommodum.

402 3331 510 3417 Imque
537 3332 749 3398 uenerandum
772 3331 839 3398 eine
862 3349 976 3417 corpus
997 3332 1134 3418 primum
1157 3331 1302 3399 Treiecto
1323 3330 1484 3418 perlatum

315 3453 371 3514 est
411 3446 525 3514 Postea
558 3449 598 3514 ad
627 3447 784 3515 Fuidenee
818 3448 1043 3515 monasterium
1076 3447 1266 3515 translatum
1300 3451 1364 3531 ast,
1400 3445 1485 3534 quod

316 3565 440 3650 quidem
468 3564 538 3651 ipse
567 3584 586 3631 a
612 3563 815 3632 fundamento
844 3567 1064 3630 construxerat
1091 3569 1123 3630 et
1150 3564 1184 3629 in
1213 3583 1274 3648 quo
1300 3569 1414 3651 pastor
1435 3565 1484 3630 in·

315 3681 406 3748 clitus
428 3681 684 3748 honestissimum
705 3700 799 3747 uerae
814 3679 1011 3746 innocentiae
1025 3699 1153 3764 gregem
1169 3679 1341 3747 adunatum
1357 3679 1485 3747 Christo

315 3798 491 3864 devoveret
526 3797 561 3863 ln
591 3803 726 3883 quatuor
750 3817 825 3881 ergo
845 3796 1037 3863 felicissimis
1059 3795 1151 3880 locis,
1178 3795 1213 3862 id
1235 3801 1284 3864 est
1306 3795 1483 3881 liackingu,
1566 3875 1567 3880 ἵ

315 3913 473 3997 Treiecto,
501 3913 536 3978 in
558 3911 720 3997 Mogontia
747 3914 840 3997 urbe,
869 3913 903 3978 in
926 3911 1075 3980 Fuldensi
1096 3911 1262 3998 coenobio,
1292 3913 1375 3981 beati
1398 3933 1485 3980 mar·

314 4029 395 4116 tyris
423 4028 604 4114 praesentia
630 4029 806 4096 visibilibus
834 4027 943 4096 crebro
972 4029 1106 4096 sentitur
1132 4030 1275 4116 indiciis,
1309 4027 1485 4114 inquibus

315 4165 373 4232 per
405 4143 644 4212 intercessiones
677 4145 744 4212 cius
777 4145 932 4232 plumae
965 4147 1116 4213 sanitates
1146 4167 1165 4212 a
1192 4145 1329 4213 Domino
1358 4143 1484 4230 aliaque
1565 4075 1567 4234 4

316 4265 518 4346 praestantur
540 4261 690 4330 beneficia
710 4283 809 4348 nsque
832 4263 866 4328 in
887 4261 1075 4329 hodiernum
1099 4262 1184 4330 diem
1566 4327 1567 4366 1

389 4394 414 4448 1.
438 4391 577 4448 Dokknn.
780 4418 801 4451 a
821 4403 899 4452 suern
914 4403 951 4451 aa
1565 4373 1567 4412 ’

767 4533 1032 4556 -·-—--—
