3164 4842
306 295 375 365 teo
561 315 721 365 nonnoni
742 315 927 365 rutnansrs
950 317 1030 364 runs
1051 315 1223 366 nannenus

306 455 438 542 habant,
466 458 743 526 amministrabat
763 463 927 543 strennue,
953 458 1036 544 qnod
1057 456 1126 525 Deo
1149 457 1320 542 debebant,
1342 456 1465 544 optima

308 571 378 640 Tuli
400 593 440 641 ex
461 573 567 641 redies
589 573 710 660 palmes
732 579 819 642 ortus
843 580 900 658 est,
929 575 994 662 qui,
1021 579 1149 660 accepto
1170 574 1294 640 terrore
1315 573 1468 640 verissimi

307 687 399 773 solis,
430 690 465 756 in
493 709 572 756 uvas
598 689 752 756 virtutum
781 691 967 758 intumuerit
988 691 1151 775 omnique,
1179 689 1306 757 sioicnti
1327 688 1467 772 salutem

306 803 453 892 poculum
475 805 559 873 uitae
580 805 781 892 postmodum
804 805 964 888 effuderit3
989 825 1026 873 eo
1049 806 1131 891 quod
1154 825 1188 873 se
1210 806 1316 892 ipsum
1338 805 1400 872 sibi
1415 804 1469 872 ab·

306 922 469 1004 negaverit
495 927 542 1006 et,
576 927 703 1008 arrepta
731 940 822 990 muco
850 921 1060 988 mortificandi
1088 927 1214 990 terrens
1238 942 1297 989 sua
1318 920 1468 1004 membra,

306 1035 478 1102 Dominum
499 1041 624 1104 secutus
648 1037 699 1103 sit

395 1149 574 1220 Secundum
597 1153 783 1220 catholicam
805 1154 902 1238 igitur
923 1153 1108 1238 religionem
1130 1153 1322 1220 accusandi
1344 1152 1470 1236 sangui·

305 1267 356 1334 nis
373 1267 491 1336 Christi
513 1269 611 1336 tinotc
634 1269 834 1355 baptismate,
858 1270 984 1356 quidam
1007 1275 1169 1356 compater
1192 1270 1258 1336 eius
1281 1267 1469 1337 ammirabili

305 1383 435 1450 donarit
460 1403 533 1454 eum
561 1405 708 1454 munuc:
739 1385 846 1470 galea,
875 1405 971 1470 agno,
1000 1386 1161 1474 psalterio.
1200 1384 1260 1454 Per
1286 1404 1368 1472 quae
1389 1385 1470 1452 dona

305 1499 483 1566 materialia
510 1501 632 1568 adverti
658 1506 793 1589 possunt
818 1502 886 1568 eius
915 1501 999 1568 tacta
1027 1501 1199 1586 spiritalia,
1229 1500 1350 1568 seilicet
1376 1507 1414 1568 ut
1437 1501 1469 1566 in

304 1615 477 1701 primordio
505 1617 660 1684 secundae
685 1617 861 1684 naduitatis
889 1617 979 1686 nobis
1001 1617 1202 1704 resplendeat
1223 1615 1401 1703 prodigium
1423 1622 1468 1683 to-

304 1731 371 1798 dns
398 1733 557 1817 sequentis
579 1734 683 1801 etutin
718 1733 754 1800 ln
776 1733 867 1818 galea
889 1732 1030 1818 quidem,
1055 1733 1219 1818 queniam,
1244 1737 1350 1818 septus
1374 1732 1468 1798 umis

305 1847 516 1934 spiritalibus,
549 1867 710 1935 nunquam
744 1848 941 1916 deserviebat
967 1849 1181 1937 voluptatibus
1207 1846 1404 1929 carnalibus3
1437 1847 1468 1914 in

304 1983 385 2047 agno
407 1961 600 2052 prefigurata
618 1965 786 2052 pacientis,
810 1985 891 2051 quae
905 1964 1005 2032 multa
1019 1985 1092 2032 eum
1106 1965 1257 2032 comitata
1270 1968 1319 2031 est
1333 1964 1469 2050 aprima

304 2078 529 2163 adolescentin3
564 2081 597 2147 in
631 2081 774 2168 psalterii
800 2079 1058 2168 prefiguratione,
1091 2085 1242 2166 quantum
1271 2079 1469 2167 postmodum

303 2196 474 2282 profecerit
494 2197 688 2284 psalmodiae
711 2196 924 2264 meditatione.

392 2311 543 2380 Parentes
572 2313 727 2399 siquidem
754 2314 839 2397 *eiua
869 2319 901 2379 et
927 2312 961 2378 in
990 2311 1099 2378 diuina
1122 2313 1280 2399 sepientes
1302 2317 1335 2378 et
1356 2310 1391 2378 iu
1413 2309 1469 2376 bu-

303 2447 398 2494 mana
419 2429 601 2514 prudentes,
624 2434 697 2516 post
719 2427 961 2495 ablactationem
985 2448 1117 2514 puerum
1137 2447 1208 2494 oum
1227 2427 1297 2513 ipso
1319 2426 1468 2513 psalterio

303 2542 337 2607 in
365 2541 433 2608 loco
457 2554 528 2609 ...·
551 2545 676 2611 cuidam
705 2543 845 2627 sobriae,
875 2544 1002 2610 nomine
1025 2543 1208 2628 Benedicta,
1235 2542 1405 2610 tradebant
1431 2541 1469 2608 sd

303 2657 508 2726 erudiendum
530 2659 663 2728 litteras.
701 2659 759 2728 Illa
782 2679 856 2726 rero
878 2659 998 2744 uetula,
1024 2661 1058 2726 in
1079 2659 1233 2726 infantulo
1257 2679 1349 2726 sunm
1371 2659 1471 2725 solata

303 2775 435 2860 senium,
463 2775 609 2861 quicquid
633 2775 722 2842 nouit
743 2775 850 2844 docuit
872 2796 954 2859 oum,
977 2775 1011 2841 in
1033 2776 1153 2859 gremio
1175 2795 1232 2842 suo
1255 2776 1410 2863 positum3
1439 2779 1471 2842 at

302 2890 385 2957 inter
412 2891 465 2978 pio
490 2891 684 2979 decipiendi'
707 2911 871 2958 susurrum
893 2892 981 2958 brevi
1003 2895 1104 2958 totum
1127 2891 1218 2958 illum
1239 2891 1366 2960 edouuit
1386 2891 1470 2978 psal·

302 3006 427 3072 terium
463 3006 534 3094 lpse
557 3029 647 3092 vero,
671 3008 783 3075 borum
807 3029 870 3075 non
892 3009 1064 3091 inmemor,
1087 3012 1160 3094 post
1180 3009 1281 3075 sactus
1304 3008 1470 3096 opiscopus

302 3123 366 3190 iam
390 3128 520 3205 geronta
541 3125 674 3192 nutricis
695 3125 798 3192 factm
813 3130 862 3190 est
876 3125 1040 3208 nauium,
1062 3123 1265 3211 inopiamque
1280 3123 1348 3192 eius
1361 3125 1470 3192 multis

303 3237 464 3305 solabatur
484 3238 714 3323 largitionibus.

390 3351 460 3419 Non
489 3353 589 3422 multo
618 3360 706 3442 post,
737 3375 809 3421 cum
832 3355 993 3422 didicisset
1014 3354 1215 3442 psalterium,
1245 3356 1470 3442 aparentibus

134 3467 454 3538 997-1011Fuldam0
476 3471 660 3557 deportatus
683 3477 732 3537 ost
752 3471 860 3556 ibique
882 3471 940 3538 sub
958 3470 1196 3540 Herobuubaldo
1219 3468 1349 3539 abbate¹
1370 3471 1471 3539 socoln-=

7 3591 8 3620 l
301 3585 390 3652 ribus
411 3585 471 3653 alis
494 3587 666 3673 appositus.
702 3585 818 3654 Mirum
840 3588 874 3653 in
896 3587 1025 3654 modum
1047 3593 1156 3655 muers
1170 3591 1237 3654 etas
1252 3589 1389 3676 sapienti
1402 3593 1472 3655 uto·

302 3700 395 3768 batur
415 3702 556 3769 condlio.
591 3701 747 3781 Quoniam
770 3704 906 3788 quidem,
929 3703 1045 3790 spretis
1067 3703 1223 3770 hnmanae
1245 3703 1473 3792 phylosophiae

301 3815 425 3902 faleris,
453 3817 659 3901 fragilitatem
681 3818 893 3886 meditabatur
914 3819 999 3886 sitae
1021 3819 1193 3906 presentis3
1222 3826 1254 3887 et
1280 3839 1470 3906 quamquam

301 3931 336 3999 in
364 3933 477 4001 scolari
498 3933 648 4002 facundia
670 3934 840 4002 desudaret
861 3936 1006 4020 magistri
1027 3935 1157 4018 timore,
1183 3935 1217 4001 in
1241 3935 1472 4004 aecclesiastica

301 4055 409 4116 tamen
435 4050 640 4137 simplicitate
668 4055 734 4118 toto
761 4053 877 4118 mentis
905 4051 1091 4119 versabatur
1112 4057 1235 4120 tenore:
1263 4053 1298 4119 in
1319 4051 1471 4138 psalterio

301 4301 343 4352 hl
373 4241 394 4274 ι.
415 4231 439 4274 ιἰι
454 4229 507 4276 cod.
522 4245 567 4300 sos
582 4239 616 4276 ert
630 4230 725 4276 lucana.
791 4227 814 4275 b.
834 4231 869 4276 ss'r
883 4231 966 4290 scripsi
977 4247 1021 4290 pro
1037 4229 1174 4290 deripiendi.
1246 4243 1266 4277 c.
1288 4229 1378 4278 ouium
1393 4247 1470 4290 apro

280 4329 285 4340 ·
343 4305 404 4354 dnm.

373 4410 399 4464 1.
422 4412 590 4468 aet-1011.
