3176 4846
311 267 377 336 568
723 285 804 332 rura
827 285 1022 332 munus
1042 285 1070 332 n

311 431 435 516 mapsa·
456 449 540 493 asne
557 427 645 494 1863
664 449 702 492 eu
715 449 789 508 meo,
814 429 873 513 qai
885 426 1026 506 Ιιαόοικν,
1050 426 1251 494 bouem
1264 427 1464 493 Βωεῑὶαυίι

312 547 416 611 codice
430 545 531 623 8892,
552 543 786 609 manasse
801 565 827 608 s.
839 543 921 622 XII,
928 543 1044 628 fem
1059 547 1232 623 mnu,
1242 544 1307 628 fol.
1318 544 1467 619 54-76,·

310 663 345 726 in
368 662 457 726 meino
470 658 645 745 fol.100e
667 661 714 724 sie
735 671 796 724 est.-
819 657 912 725 Hune
931 657 1049 724 librum
1069 657 1148 724 emit
1169 658 1337 742 κωπίω)
1358 656 1468 744 Philip-

310 795 371 862 pus
393 775 433 842 de
452 773 556 860 Otlroy
579 793 661 840 anno
676 773 806 840 Domini
824 774 909 840 1422
932 787 962 840 st
973 775 1079 857 sol2
1101 775 1245 862 layum
1266 777 1359 842 sax:
1381 775 1469 842 sosio·

311 890 386 958 tatis
408 889 480 957 lesu
502 903 547 956 ot.-
570 889 764 976 Anuerpiae
786 889 849 956 dou
862 937 893 954 ..
922 887 1038 955 Prot..

400 1033 549 1100 Berole'm'
566 1033 672 1120 pridie
694 1033 767 1098 Kal.
791 1033 986 1098 Faenum
1009 1031 1105 1099 1866.

334 1326 483 1413 Incipit
510 1325 726 1412 proemium
754 1325 795 1392 in
818 1326 938 1393 vitum
960 1324 1209 1408 Aldelberti)
1231 1325 1454 1414 Magantini

743 1441 1048 1528 archiepiscopi

424 1583 631 1671 Temporibus
652 1582 725 1650 latis
746 1581 879 1650 florebat
899 1581 1000 1650 Roma
1021 1584 1134 1670 poetis,

424 1705 515 1785 gesta
535 1699 732 1766 tirannorum
755 1698 810 1784 qui
832 1699 1026 1786 desoripsere
1048 1699 1192 1786 priorum

423 1821 667 1904 presentumque
689 1814 820 1898 dueum,
844 1815 899 1900 qui
919 1816 970 1882 ius
992 1819 1121 1882 munere
1143 1815 1293 1884 tudunum

424 1932 512 1999 urbis
533 1930 695 1998 &manae
717 1929 768 1997 vel
790 1931 917 1997 honoris
939 1951 1054 1998 nomen
1078 1931 1187 2014 iuans;

388 2067 403 2114 s
426 2067 504 2134 qnos
527 2046 663 2114 sfimulis
684 2046 752 2112 irae
774 2057 879 2114 mons·
903 2052 1028 2132 eogeret
1050 2053 1123 2114 ante
1145 2050 1259 2136 parire,

423 2165 493 2230 iure
516 2161 724 2246 regendorum
747 2182 841 2247 quum
864 2183 929 2229 uon
949 2163 1128 2230 fruerentur
1150 2163 1314 2249 honorum,

424 2279 467 2346 sit
490 2279 580 2364 quasi
603 2275 693 2344 doleo
716 2278 807 2362 mori,
830 2279 893 2344 nisi
915 2279 1100 2346 succedatur
1122 2279 1249 2362 honori;
1274 2317 1315 2326 -

424 2415 497 2464 oum
518 2393 616 2460 nichil
638 2413 708 2460 esse
729 2399 833 2460 ratum
856 2399 996 2480 constet,
1019 2395 1098 2462 nihil
1120 2415 1189 2462 esse
1210 2393 1348 2481 beatum,

424 2509 484 2576 hoo
505 2511 568 2576 nisi
589 2507 733 2575 firmetur
755 2529 812 2595 per
835 2531 922 2596 eum,
947 2511 1001 2597 qni
1022 2515 1136 2578 ounota
1156 2515 1271 2578 tuetur.

373 2645 403 2692 ro
425 2625 568 2693 Christus
592 2625 693 2709 enim,
716 2626 846 2692 uerbum
869 2627 969 2713 patris
992 2625 1211 2694 adniohilando
1234 2627 1418 2716 superbum,

423 2748 517 2829 rapto
539 2743 608 2808 iure
630 2739 736 2808 throni
760 2759 978 2828 perversorum
1001 2743 1123 2826 ditioni,

425 2859 481 2926 dut
501 2859 603 2924 lasese
625 2856 753 2940 humili,
777 2857 833 2924 dat
853 2879 983 2944 regnum
1007 2857 1111 2926 nobile
1133 2857 1189 2924 uili
1199 2854 1216 2943 ¹,

424 2976 459 3041 in
482 2995 516 3042 se
538 2973 701 3041 eredentes
723 2973 841 3040 iaciens
864 2975 965 3058 magis
988 2993 1056 3040 esse
1078 2978 1233 3060 potentes,

427 3111 521 3176 quam
544 3090 613 3156 sine
636 3110 671 3157 se
693 3110 839 3174 magnos,
863 3110 955 3157 ausos
978 3110 1126 3175 regnare,
1149 3091 1298 3158 tirannos.

376 3225 405 3272 rs
429 3207 518 3286 Quod
540 3227 639 3291 genus
663 3206 779 3274 elatum
802 3207 892 3274 labor
915 3213 947 3274 et
968 3208 1124 3294 sapientia
1145 3213 1254 3276 uatum

428 3321 573 3389 laudibus
596 3322 735 3406 ornavit,
758 3322 937 3406 insignivit,
961 3321 1145 3406 celebrauit3

427 3437 534 3523 nilque
557 3438 692 3504 creatori
715 3437 765 3505 vel
787 3459 892 3505 rerum
916 3437 1098 3525 dispositori

426 3554 529 3621 laudis
552 3553 730 3639 solvebant,
754 3553 827 3622 fidei
850 3555 923 3640 quia
945 3553 1014 3621 lues
1037 3557 1199 3638 carebant3

428 3691 499 3737 oum
521 3691 585 3739 non
608 3673 771 3739 eredentes
794 3691 851 3759 per
874 3691 944 3738 eum
968 3691 1101 3755 regnare
1127 3677 1272 3760 potentes

378 3805 408 3852 ao
430 3807 503 3854 vore
525 3787 712 3872 constares,
735 3789 886 3874 regnique
907 3787 1050 3874 potentia
1073 3791 1185 3871 staret;

428 3924 545 3990 pompa
566 3903 641 3972 lieet
662 3903 736 3970 talis
759 3905 801 3970 sit
822 3903 948 3988 regibus
972 3903 1122 3970 exioialis.

472 4020 533 4087 Est
552 4021 651 4104 igitur
673 4021 818 4105 dignum,
840 4019 956 4104 Regem
980 4017 1109 4086 laudare
1132 4018 1301 4105 benignum

430 4137 496 4202 eius
519 4137 670 4221 emtores,
692 4135 782 4220 regni
805 4137 860 4222 qui
882 4140 1004 4222 prestat
1025 4135 1168 4202 honores.

393 4301 413 4336 ι
434 4291 468 4334 n'c
483 4297 517 4336 eet
531 4301 592 4335 mors
609 4297 729 4334 semesum
745 4291 768 4334 ὴ
785 4289 870 4334 codice.
947 4287 969 4333 b.
990 4287 1117 4334 somnust
1131 4305 1152 4334 e.

393 4383 417 4436 1.
441 4383 508 4436 Lue.
521 4383 546 4452 6,
559 4382 608 4437 20:
629 4381 730 4454 ,Beati
747 4397 891 4454 pauperes,
909 4381 975 4452 qnia
991 4385 1114 4438 vestrum
1131 4385 1176 4438 est
1192 4395 1308 4454 regnum
1325 4380 1409 4438 Dei“.
