3164 4842
474 297 647 346 succuum
667 299 746 346 ῊΤΔ
769 299 941 348 bannonis

348 499 609 585 ¹llULCULDl
643 501 760 580 VITA
795 503 1049 582 BARDONIS.

124 666 353 736 Beatissimi
385 669 595 754 Burdenis,
628 671 762 756 gregis
791 671 1107 756 ldoguntinensis
1141 673 1291 758 dignis-

126 784 216 850 simi
249 785 485 872 provisoris,
520 787 604 854 vita
631 787 797 874 iucipit3
833 809 945 874 quam
976 809 1179 856 successor
1208 789 1291 858 eius

124 898 399 986 Lliupoldus),
437 902 687 989 archipresul
720 904 876 988 dignus,
911 905 1099 990 quendam
1132 906 1292 993 cappel-

124 1015 256 1084 lanum
290 1037 399 1084 suum
433 1019 589 1087 nomine
617 1019 855 1088 chuldum·
885 1020 931 1088 ob
957 1021 1180 1089 memoriam
1209 1023 1292 1092 eius

524 1155 756 1222 componere
784 1135 891 1202 iecit

213 1276 309 1343 Ortus
337 1283 386 1344 est
412 1277 463 1343 bic
492 1279 603 1345 lucifer
625 1279 659 1345 in
682 1277 923 1344 Teutonicorum
946 1277 1095 1362 Francia,
1124 1284 1289 1365 parantum

122 1391 234 1476 gloria,
258 1393 387 1460 ecclesie
402 1394 557 1478 columna,
573 1393 824 1478 Mogontinansis
839 1394 985 1480 specialis
1000 1414 1124 1461 corona
1159 1395 1195 1462 ln
1210 1417 1292 1483 pago

121 1527 199 1574 vero
214 1507 400 1577 Wsdareiba
422 1511 516 1595 dicto,
539 1511 573 1577 in
596 1511 672 1577 villa
688 1505 1026 1597 Hebprshtssbovsn⁸¹
1048 1511 1192 1577 nomine⁰
1212 1531 1292 1577 nun·

122 1629 240 1712 cupata
256 1625 414 1692 mundane
429 1627 655 1714 procreationis
671 1627 801 1693 sortitus
817 1633 865 1694 est
880 1627 1063 1713 primordia
1097 1626 1173 1694 Fuit
1186 1632 1292 1694 autem

122 1740 164 1808 ds
187 1743 372 1826 cognatione
395 1747 427 1809 st
449 1743 488 1808 de
511 1747 603 1827 gente
626 1742 697 1827 illa,
722 1743 761 1809 dc
784 1763 847 1829 qua
869 1742 946 1808 dicit
967 1741 1166 1829 spalmistalz
1190 1745 1292 1810 Bacca

119 1879 210 1945 qaas,
234 1862 322 1924 caios
346 1873 390 1926 est
411 1860 570 1926 Dominus
593 1861 683 1926 Deus
706 1855 799 1940 eisd,
825 1859 917 1925 etde
941 1857 1085 1943 qualibus
1108 1879 1166 1945 par
1188 1857 1291 1926 lbere-

121 1973 221 2039 mium
249 1975 435 2061 prophetam
465 1975 605 2061 loquitur
635 1975 805 2042 Dominus:
835 1977 942 2041 Erant
969 1977 1050 2040 mibi
1069 1978 1105 2040 ic
1123 1977 1289 2063 populum,

122 2103 153 2155 at
175 2111 229 2175 ayo
253 2113 305 2156 erc
329 2094 372 2156 aia
394 2095 429 2156 iss
452 2095 561 2169 deomr
584 2093 726 2178 daboque
748 2095 791 2156 sa‘a
814 2113 869 2156 cor
890 2114 987 2156 aaron
1010 2103 1039 2156 ct
1059 2094 1160 2156 ciam·
1183 2115 1290 2172 usum,

121 2219 160 2273 ut
185 2209 314 2273 timeam
339 2231 388 2272 aaa
416 2221 444 2273 et
471 2209 545 2274 berse
572 2211 613 2273 sit
642 2211 685 2272 eis
715 2221 744 2273 et
757 2209 839 2290 filiis
863 2229 969 2272 eoram
986 2219 1062 2294 poet
1085 2201 1161 2272 eos'.
1197 2205 1293 2274 Pater

123 2339 198 2388 sero
222 2322 299 2406 eius,
323 2323 480 2390 Adclboro
503 2341 618 2389 nomen
640 2322 759 2389 babens
781 2321 956 2408 proprium,
980 2323 1030 2387 vir
1044 2327 1113 2389 crat
1126 2323 1292 2406 religiosus

123 2457 162 2504 ac
183 2439 298 2506 timens
314 2435 442 2506 Deum‘.
478 2439 712 2521 blaterantem,
736 2437 896 2505 christina
911 2444 1101 2525 nuncupata
1123 2439 1194 2525 ipso
1210 2437 1292 2505 chri·

122 2555 295 2621 stianitstis
325 2575 380 2621 sne
406 2556 557 2624 vocabulo
588 2555 801 2642 prefigurabat
830 2555 955 2621 indicia
996 2555 1073 2640 Qui,
1109 2573 1182 2622 cum
1212 2556 1291 2623 bene

123 2677 230 2738 essent
251 2671 413 2738 christiani
437 2679 469 2738 ct
491 2671 604 2738 nobilis
624 2670 796 2759 parentele,
818 2669 955 2737 Domino
970 2670 1116 2754 donante,
1139 2691 1291 2755 generan-

124 2793 172 2854 tes
194 2787 393 2874 protulerunt
414 2785 530 2872 lilium,
553 2787 727 2874 spiritualis
750 2787 851 2869 gratie
873 2785 1037 2854 nobilitate
1061 2787 1216 2853 decorum.

212 2902 311 2987 Igitur
325 2904 467 2990 primevo
482 2905 575 2971 etatis
591 2909 732 2988 tempore
747 2921 819 2970 oum
834 2902 898 2968 ianr
913 2903 1038 2988 pueruli
1052 2921 1177 2988 corpus,
1201 2923 1290 2970 sanc-

122 3024 191 3086 tum
220 3019 374 3106 templum
397 3017 483 3104 Dei⁶,
511 3018 676 3086 nimirumr
698 3019 739 3084 ad
767 3019 926 3103 sequentis
954 3037 1046 3084 usum
1068 3019 1133 3084 vite
1158 3019 1292 3085 honesta

124 3134 230 3220 aliqua
251 3135 486 3203 informandum
507 3135 589 3202 foret
612 3134 796 3218 eruditione,
819 3139 856 3200 ut
870 3133 1005 3200 Domino
1021 3133 1149 3222 placuit,
1171 3134 1290 3202 relictis

123 3250 335 3318 mundialibus
359 3253 532 3336 exercitiis,
560 3257 707 3337 parentes
731 3271 802 3317 eum
825 3249 954 3316 litterali
977 3249 1105 3318 scientie
1129 3250 1290 3336 assignare

124 3369 338 3436 decreverunt.
373 3367 520 3434 Unde-
537 3387 622 3451 mox,
647 3367 721 3433 dum
736 3368 841 3454 prima
856 3365 966 3432 didicit
988 3365 1151 3450 elementa,
1175 3368 1290 3435 virtute

124 3485 184 3552 Dei
215 3485 337 3569 agnita,
365 3503 427 3568 qua
455 3485 540 3549 socia
567 3483 708 3571 spirabat
728 3483 863 3549 infantia
883 3517 924 3528 -
945 3481 1035 3548 illum
1058 3481 1207 3549 Domini¹
1230 3503 1291 3570 que

123 3601 332 3668 comitabatur
365 3600 575 3667 exhortante*
603 3600 720 3684 gratia,
753 3617 811 3685 per
844 3597 1041 3685 supradictos
1075 3605 1222 3686 parentes
1254 3601 1289 3666 in

196 3800 218 3834 a.
237 3786 364 3834 chaldunr
380 3797 500 3834 correctura
515 3797 549 3834 us
564 3790 586 3834 ts
602 3785 731 3834 chuldum
746 3789 770 3834 in
786 3787 837 3832 cod.
915 3783 937 3832 b.
957 3784 1190 3846 Habprsbbtssbovsn
1205 3805 1233 3842 u,
1252 3788 1291 3834 uts'

124 3871 147 3915 sis
165 3870 267 3930 margins
282 3869 373 3926 scipsis
388 3885 468 3914 nam
486 3869 548 3914 aliu.-
567 3879 627 3914 nuno
643 3865 794 3926 Opprlsholan
811 3865 878 3913 diota.
964 3879 983 3913 o.
1004 3879 1027 3913 n.
1044 3866 1096 3912 aad.
1181 3865 1203 3914 d.
1226 3854 1252 3926 dp
1269 3885 1289 3913 a.

124 3963 145 3996 s.
165 3964 208 3994 cra.
224 3949 288 4004 cod„
308 3949 347 3994 scs·
362 3949 455 3994 lacus.
548 3947 564 3994 i.
585 3947 666 3994 mirum
682 3946 734 3992 eod.
827 3959 849 4004 g.
871 3945 909 3993 iffi
922 3963 945 4016 ¹c.
1039 3946 1063 3993 t.
1084 3945 1190 3994 orbertus
1205 3965 1225 3994 c.
1250 3950 1289 4004 Cf.

121 4045 147 4088 ρ.
158 4028 204 4075 522
219 4037 264 4074 aot.
277 4041 298 4075 ι.

197 4132 221 4186 1.
243 4129 430 4202 Oppersboten
442 4131 470 4186 in
481 4129 590 4200 Bassia,
609 4131 680 4186 inter
691 4127 807 4186 Glossen
819 4133 847 4186 et
857 4129 1015 4200 Frisdbsrg.
1086 4131 1112 4185 2.
1130 4130 1175 4184 Ps.
1188 4129 1231 4200 32,
1244 4131 1287 4186 12.

124 4221 151 4275 3.
173 4220 270 4276 ierem.
284 4221 328 4290 32,
340 4221 384 4275 38.
397 4221 441 4274 39.
517 4221 543 4274 4.
567 4220 655 4276 Actus
673 4222 761 4289 apost.
776 4221 819 4289 10,
833 4221 857 4274 1.
871 4221 900 4274 2:
921 4220 986 4290 ,Vir
998 4249 1031 4260 -
1044 4218 1186 4288 religiosus
1204 4233 1238 4274 ac
1255 4219 1288 4274 ti·

124 4324 201 4366 meus
218 4307 340 4364 Denm'¹.
429 4309 454 4366 5.
481 4307 628 4364 lOorintln
642 4309 667 4378 3,
681 4309 729 4364 ll:
755 4308 906 4378 ,templum
928 4309 1001 4364 onim
1019 4307 1071 4362 Dei
1093 4309 1219 4364 sanonum
1237 4311 1288 4380 est,

123 4397 197 4470 quod
215 4399 282 4454 estis
299 4395 380 4454 νον.
