3110 4844
308 257 376 326 320
653 276 841 326 samsonis
862 275 1091 326 moouromsn
1114 275 1130 322 4

201 441 225 484 o.
237 427 291 484 alt
307 420 363 502 mi,
386 423 555 505 utcumque
576 419 763 506 praedictis,
787 419 896 488 andire
918 419 1065 502 dignetur
1088 417 1275 486 excellentia
1294 421 1394 485 vestra
1412 437 1455 484 re·

308 533 527 602 clamationem
550 536 696 602 miseriae
717 539 854 602 nostrae.

396 648 471 716 Fuit
498 670 634 736 namque
661 650 769 735 nobb,
797 651 997 718 serenissime
1019 651 1206 737 imperator,
1234 653 1324 736 pater
1344 647 1460 715 nomine

308 765 454 832 Richart·
477 772 509 832 et
530 765 682 853 patruelis
704 765 831 832 nominc
853 765 1005 850 hierom,
1029 766 1122 833 ambo
1144 765 1302 851 Saxones,
1330 771 1361 832 et
1380 765 1460 832 here-

308 882 390 949 ditas
413 903 522 949 eornm
544 883 577 949 in
600 882 671 969 ipsa
692 883 841 950 extiterat
864 881 1011 949 Saxonia.
1054 882 1139 949 Dum
1162 887 1267 948 autem
1289 884 1322 949 in
1345 881 1462 948 servitio

307 999 408 1085 patris
431 999 539 1084 vestri,
561 997 661 1066 felicis
683 999 854 1066 memoriae
876 998 983 1065 domni
999 997 1104 1065 Caroli
1126 997 1338 1085 imperatoris,
1360 998 1463 1066 exrce-

307 1119 392 1200 runt,
414 1113 585 1202 propinqui
606 1135 715 1182 eorum
738 1121 832 1200 atque
854 1133 1024 1202 pagenses,
1047 1135 1143 1182 causa
1165 1115 1400 1182 christianitatis
1420 1113 1464 1178 tu·

307 1250 379 1298 rore
401 1250 436 1297 se
464 1245 569 1318 snper·
586 1249 639 1298 eos
666 1231 846 1315 turbantes,
874 1232 980 1298 omnia
1002 1231 1137 1317 quaein
1161 1231 1306 1298 domibus
1329 1230 1466 1317 propriae

307 1347 531 1414 elaborationis
553 1345 739 1432 habuerunt,
763 1353 875 1415 cuncta
896 1349 1014 1435 raptim
1038 1348 1250 1434 diripuerunt3
1275 1367 1311 1414 eo
1335 1345 1465 1433 quodiu

307 1463 368 1530 lide
390 1463 629 1530 christianitatis
651 1462 732 1530 velle
755 1483 808 1531 eos
830 1464 999 1552 persistere
1022 1469 1197 1548 senserunt,
1221 1469 1254 1531 et
1275 1483 1344 1532 eam
1359 1479 1467 1546 negare

307 1579 371 1646 ullo
394 1579 487 1646 modo
509 1579 686 1646 noluerunt.
727 1578 842 1648 Postea
864 1601 939 1647 vero
961 1579 1101 1665 contigit,
1124 1585 1160 1646 ut
1182 1580 1315 1647 domnus
1338 1580 1469 1664 impera·

237 1703 289 1759 rat
306 1702 358 1762 tor
386 1696 560 1782 patruelem
588 1717 694 1764 meum
716 1695 843 1764 Richoli
861 1697 948 1764 misit
969 1697 1004 1763 in
1025 1697 1221 1764 missaticum
1244 1717 1340 1784 super
1362 1694 1469 1761 Elbam

307 1831 378 1879 cum
401 1812 451 1879 his
472 1813 603 1880 inierim
626 1815 769 1900 scriptis,
793 1813 825 1878 id
848 1819 897 1880 cst
918 1813 1031 1880 Rorih⁶
1054 1813 1178 1897 comite,
1202 1811 1402 1880 Gotesscalc‘
1423 1829 1471 1876 cc-

306 1929 393 2012 mita,
417 1928 506 1995 Had·
518 1921 642 1996 'comita
664 1934 696 1995 st
711 1927 840 2010 Garih'3
864 1929 917 2013 qui
938 1947 1047 1996 omnes
1068 1949 1132 1996 una
1150 1929 1268 1996 ibidem
1281 1929 1411 1996 fuerunt
1424 1945 1471 1992 oc·

306 2041 382 2112 oisi¹
391 2051 522 2133 propter
537 2045 776 2112 christianitatis
792 2044 1049 2112 stabilimentum
1117 2044 1185 2124 Quo
1201 2045 1318 2129 audito,
1336 2043 1473 2132 perrexit

306 2165 398 2249 pater
416 2181 506 2228 mous
520 2161 651 2229 Richart
673 2163 819 2228 nuntiare
840 2161 900 2229 hoc
915 2161 1028 2228 domno
1044 2161 1229 2248 imperatori
1243 2161 1367 2229 Garolo.
1435 2159 1475 2226 Et

306 2278 381 2344 dum
403 2278 437 2345 in
459 2277 515 2345 illa
536 2277 590 2344 ria
609 2279 681 2362 fuit,
704 2277 901 2366 adprehensa
922 2283 971 2345 est
991 2278 1063 2365 ipsa
1083 2283 1185 2344 mater
1206 2297 1279 2346 mea
1301 2279 1342 2346 ah
1359 2276 1474 2346 eisdam

306 2393 399 2479 viris,
428 2394 483 2480 qui
510 2393 581 2460 illos
610 2394 768 2481 praelatos
795 2395 909 2462 missos
941 2398 1034 2461 antea
1058 2393 1300 2478 iuterfecerunt,
1337 2401 1370 2462 et
1396 2395 1476 2460 inter

306 2529 419 2576 manns
438 2508 656 2577 fideiussorum
672 2510 924 2578 commendatam
937 2509 1148 2596 reliquerunt3
1172 2515 1339 2596 ceteraque
1361 2509 1475 2592 omnia,

307 2645 387 2711 quae
408 2625 525 2694 ibidem
545 2627 580 2692 in
594 2627 770 2714 sumptibus
786 2626 836 2693 vol
851 2627 921 2694 aliis
937 2626 1128 2712 quibuslibet
1141 2626 1234 2694 rebus
1249 2634 1381 2714 reperta
1395 2631 1475 2708 sunt,

306 2761 413 2810 secum
435 2763 493 2830 per
514 2744 661 2830 rapinam
683 2745 852 2831 priserunt.
888 2743 978 2822 Quod
1000 2763 1071 2810 cum
1095 2749 1291 2831 compertum
1311 2744 1378 2810 fuit
1396 2741 1478 2830 patri

305 2879 391 2945 meo,
421 2859 568 2928 haurivit
595 2859 730 2928 latenter
757 2865 789 2926 et
816 2879 888 2926 eam
910 2861 1000 2945 qnasi
1022 2860 1132 2927 furtim
1156 2860 1305 2947 arripuit3
1334 2861 1478 2945 fugitque

306 2993 378 3043 cum
401 2997 439 3042 ea
459 2977 494 3042 iu
517 2996 650 3063 pagum,
675 2976 729 3062 qui
752 2981 881 3043 vocatur
903 2976 1106 3062 Marstheim,
1130 2977 1164 3042 in
1186 2982 1367 3044 maternam
1391 2977 1480 3043 here-

306 3091 438 3160 ditatam
462 3111 561 3158 snam.
599 3091 643 3159 Et
664 3092 710 3158 sic
731 3093 849 3160 mansit
870 3093 925 3178 ibi,
948 3094 1047 3162 donec
1069 3113 1109 3162 ex
1131 3093 1272 3161 iussione
1292 3093 1406 3160 domni
1421 3093 1480 3159 im-

236 3221 289 3276 804
306 3209 460 3294 paratoria
482 3207 633 3293 Saxones,
656 3208 740 3276 iacta
761 3210 1038 3293 transmigratione
1061 3210 1100 3277 de
1116 3208 1264 3294 Saxonia,
1287 3229 1347 3297 per
1370 3215 1481 3297 partes

307 3323 411 3391 educti
434 3331 521 3406 sunt3
546 3330 579 3392 et
601 3329 676 3391 tnnc
699 3325 795 3391 etiam
817 3327 969 3412 temporis
992 3345 1063 3393 cum
1086 3326 1206 3394 eisdem
1228 3332 1319 3414 pater
1341 3347 1436 3393 meus
1452 3327 1484 3391 et

306 3445 407 3507 mater
430 3440 533 3508 educti
555 3441 693 3508 fuerunt.
784 3441 903 3519 Quibus
926 3462 1000 3509 vero
1024 3442 1145 3510 eductis
1168 3449 1201 3510 et
1221 3443 1255 3508 in
1278 3443 1351 3530 ipra
1373 3448 1482 3510 trans·

306 3555 493 3642 migratione
515 3577 573 3645 per
595 3562 714 3642 quanta
737 3557 875 3642 qnalibet
891 3558 995 3645 spatia
1009 3559 1285 3644 commorantibus,
1310 3559 1484 3646 apropria

379 3722 400 3755 ι
420 3705 514 3754 Richart
528 3725 615 3754 aarum
632 3719 672 3754 ert.
740 3709 762 3754 b.
783 3707 875 3756 Richoll
888 3727 985 3757 aarum.
1053 3723 1073 3756 c.
1093 3709 1164 3757 Rcrlh
1180 3728 1268 3758 cruram
1283 3719 1323 3758 eat.
1391 3711 1416 3758 d.
1438 3711 1484 3758 Go-

306 3788 404 3834 leuttlt
419 3805 515 3835 amam.
593 3801 613 3833 a.
634 3787 685 3834 llud
700 3805 795 3835 naam.
872 3789 889 3836 i.
910 3789 980 3836 Garri
996 3805 1091 3837 aarum.

379 3893 402 3947 1.
427 3891 556 3948 Einhardi
580 3892 691 3946 anndes
711 3893 762 3947 798
781 3893 863 3957 (Mon.
882 3892 974 3948 Germ.
994 3891 1042 3949 SS.
1061 3895 1170 3961 1185):
1198 3892 1341 3964 ,Saxones
1360 3894 1485 3950 trmsal-

305 3979 381 4036 hiant
399 4009 432 4020 -
450 3981 556 4050 legatos
574 3979 654 4052 regis,
676 3981 722 4050 qui
741 3981 777 4036 ad
795 3997 843 4037 eos
861 3981 898 4037 ob
915 3982 1035 4040 iustitias
1053 3981 1193 4040 faciendas
1211 3982 1286 4038 missi
1305 3987 1397 4054 amnt,
1417 3998 1483 4038 eon·

304 4069 454 4140 prehensos
471 4067 644 4140 interficiunt,
662 4071 757 4139 paucis
776 4085 869 4126 eorsum
888 4073 968 4141 quasi
985 4071 1021 4126 ad
1039 4071 1225 4127 redimendum
1238 4072 1404 4144 reservatis;
1425 4077 1485 4128 tru-

306 4159 429 4215 cidantes
453 4173 516 4214 oum
536 4158 634 4214 ceteris
658 4163 687 4214 et
710 4157 969 4230 Godescalcum,
995 4161 1069 4230 ragis
1086 4161 1222 4232 legatum,
1246 4175 1328 4230 quom
1345 4161 1396 4216 ille
1416 4167 1485 4216 anta

305 4263 408 4318 paucos
430 4247 490 4303 dies
513 4247 548 4302 ad
567 4242 725 4318 sigifridum
745 4263 838 4318 regem
856 4247 997 4305 Dauomm
1016 4249 1136 4304 miserat
1163 4249 1191 4306 Is
1209 4265 1271 4306 cum
1289 4248 1390 4304 eodem
1410 4253 1485 4306 tem·

305 4351 370 4406 pore
394 4341 588 4406 reverteretur,
614 4336 650 4393 ab
672 4337 753 4393 buius
776 4337 918 4394 seditionis
939 4337 1097 4396 auctoribus
1115 4339 1282 4410 mteroeptua
1300 4343 1388 4410 atque
1407 4341 1485 4396 oeci

305 4439 353 4480 sus
369 4425 443 4482 est“.
