3142 4848
305 287 346 352 12
581 303 609 350 s.
625 301 800 351 normann
821 301 865 349 nr
888 301 991 350 nunu
1011 301 1199 350 seraranan

302 445 424 512 saeculo
458 465 542 510 nono
575 445 699 509 demum
726 444 940 527 conformatae
966 437 1065 510 rnnt¹.
1106 443 1244 530 Reliqua
1272 447 1379 531 capita
1406 445 1474 510 tot

302 563 346 627 ad
366 563 518 626 maiorem
537 559 819 645 Bonifatlanurum
842 560 1046 645 epistolarum
1069 560 1277 626 collectionem
1298 563 1474 646 pertinentr

302 680 391 742 cuins
413 679 514 763 iqitnr
535 677 702 741 dimidiam
715 675 790 761 fere
806 688 933 762 partem
954 676 1014 740 uni
1035 675 1108 740 duic
1128 678 1230 741 codici
1245 679 1473 762 predosmeimo

302 793 455 858 delemus.
546 791 634 856 Haec
657 795 764 856 omnia
785 792 907 857 saeculo
927 790 962 856 X
982 794 1103 877 scrupea
1124 804 1206 872 sunt,
1231 793 1475 878 archetyporum

301 907 632 994 Anqlosaconicorum
658 909 797 993 scorpiis
819 929 883 972 non
907 909 1034 972 ommino
1058 905 1174 971 deletis.
1211 906 1282 989 Quo
1304 911 1340 973 in
1360 927 1475 994 qenere

302 1037 347 1089 est
368 1023 457 1088 verbi
478 1022 624 1102 ,cntem“
648 1024 865 1109 compmdium
887 1023 959 1087 lunio
981 1025 1158 1109 scripturae
1170 1023 1361 1108 peculiare⁸,
1386 1024 1476 1109 quod

301 1159 522 1225 saepenumero
551 1150 686 1224 apparet
713 1141 749 1203 in
777 1140 882 1203 codice
909 1159 1008 1224 neque
1035 1139 1210 1223 quidquam
1231 1141 1351 1224 nepotii
1370 1139 1473 1204 labet.

301 1253 381 1319 Alia
412 1267 529 1335 autem,
567 1275 648 1340 qnae
674 1255 790 1320 ibidem
817 1257 983 1341 reperitur,
1018 1254 1192 1318 litterarum
1219 1257 1335 1340 specim
1360 1255 1473 1340 paullo

301 1370 475 1436 clamosior
498 1383 552 1451 cst,
575 1383 743 1457 propterea
766 1371 852 1456 quod
873 1371 917 1434 ad
930 1369 1096 1456 multiplea
1110 1382 1258 1434 notarum
1273 1372 1475 1435 secretiorum

300 1508 400 1572 penus
422 1497 530 1572 aperte
552 1498 680 1572 spectat,
705 1507 840 1571 qnorum
862 1488 1087 1570 eacoqe'totione
1108 1506 1228 1570 usuque
1250 1483 1389 1549 leumiim
1407 1507 1474 1549 nae-

301 1603 351 1667 dii
372 1604 444 1667 aeui
463 1604 600 1666 mammo
622 1601 863 1682 delectabantur,
891 1620 1032 1686 quaeque
1049 1600 1238 1686 plerumque
1262 1601 1387 1686 quidem
1408 1622 1475 1664 non

300 1720 396 1782 nimis
424 1720 562 1804 opimam
588 1716 754 1802 calipiuem
776 1717 942 1802 offundunt
964 1715 1091 1801 loquuti,
1120 1736 1350 1800 nonnunquam
1370 1728 1476 1780 tamm

301 1833 569 1920 inrecuperabilis
591 1833 731 1898 sambrae
753 1833 874 1898 labent.
909 1831 1037 1896 Facilia
1059 1830 1216 1896 intellectu
1238 1831 1314 1896 iaec
1336 1843 1424 1895 euru:

302 2021 323 2051 .
345 1935 1448 2076 morumnemmuasrfionsunznmrsuo

526 2141 1051 2253 duvrrszcmerxmoco·
1071 2130 1191 2244 sofr·

314 2407 447 2467 saur
587 2431 602 2466 ο
640 2399 990 2484 μνΗῇΜΝΗ·
1051 2389 1471 2517 ememusque·

375 2556 395 2588 a.
416 2551 438 2587 er
453 2541 515 2588 istud
532 2541 634 2603 quidem:
650 2539 677 2586 h'.

301 2636 462 2707 suscepisse
485 2633 637 2706 pontifices.
671 2633 750 2700 Quod
769 2637 861 2688 cutem
879 2633 921 2688 his
939 2633 1001 2704 qui³
1019 2638 1083 2702 post
1100 2633 1266 2702 baptismum
1284 2631 1387 2702 aliquid
1405 2648 1479 2688 mor-

302 2726 351 2780 tali
369 2730 484 2794 peceato
502 2727 644 2794 corruptos
663 2723 698 2778 ad
718 2723 905 2778 sacerdocium
923 2738 978 2777 non
996 2727 1196 2790 promoveatur,
1215 2721 1259 2776 lex
1278 2723 1479 2791 ipsatestatur.

301 2813 414 2884 Moyses
433 2814 504 2868 enim
522 2814 551 2867 in
568 2811 630 2881 iege
647 2812 770 2883 precepit
788 2809 985 2880 sacerdotibus,
1004 2826 1039 2865 ne
1057 2811 1166 2880 aliquod
1184 2826 1270 2880 perus
1287 2812 1417 2866 viciumm
1436 2811 1479 2868 oi·

301 2901 391 2956 ierant
409 2901 445 2956 ad
464 2916 538 2955 aram
557 2901 624 2972 Dei,
648 2900 722 2970 quod
739 2901 822 2969 ipsud
840 2905 938 2968 postea
955 2899 1147 2968 spernentibus
1165 2899 1355 2955 sacerdotibus
1372 2900 1479 2955 Israhel

301 3005 351 3058 pro
369 2989 531 3045 Malachiam
550 2989 735 3059 improperavit
748 2989 825 3044 Deus
844 2988 951 3043 dicens:
973 2988 1064 3056 „Vos
1083 2989 1149 3042 estis
1168 2988 1335 3058 sacerdotes,
1353 2989 1399 3057 qui
1417 2990 1478 3057 pol-

300 3078 389 3133 luistis
407 3093 507 3133 nomen
525 3093 616 3133 meum
635 3083 663 3132 et
682 3077 803 3132 dixistis:
827 3077 859 3132 In
877 3091 932 3144 quo
950 3076 1095 3144 polluimus
1114 3077 1198 3132 eum?
1222 3077 1373 3133 Offerentes
1393 3093 1480 3147 super

301 3167 387 3222 altare
402 3181 493 3221 meum
504 3182 603 3236 panem
615 3165 758 3234 pollutum,
777 3169 805 3218 et
817 3161 991 3218 offerebatisb
1004 3179 1098 3219 cecum
1112 3170 1140 3220 et
1152 3165 1357 3235 languidnm““.
1380 3165 1478 3220 Unde⁸
1514 3225 1517 3228 ,

301 3258 330 3308 et
348 3255 375 3308 in
388 3251 532 3310 Numeris‘*
546 3255 633 3308 vitula
651 3251 720 3322 rufa,
739 3253 818 3307 cuins
837 3253 905 3306 cinis
924 3253 1044 3320 expiatio
1061 3254 1155 3323 popuii
1173 3257 1223 3322 est,
1243 3269 1297 3308 uon
1310 3255 1388 3308 aliter
1399 3253 1478 3309 iube-

301 3347 346 3398 tur
370 3343 477 3398 oiicrri⁸
496 3343 531 3398 ad
550 3344 636 3397 altare
655 3342 777 3411 Domini,
801 3341 853 3395 nisi
872 3355 925 3410 que
943 3345 1052 3395 terrena
1071 3357 1154 3411 opera
1172 3355 1225 3396 non
1243 3339 1353 3397 feeeritr
1368 3342 1478 3410 iugum·

301 3447 355 3502 que
374 3431 483 3486 delicti⁸
502 3447 556 3488 non
572 3431 686 3486 traxerit
703 3446 754 3485 nee
767 3429 883 3485 urentis
899 3435 1074 3499 peecatorum
1092 3427 1173 3484 inerit
1184 3428 1328 3501 alligatam
1347 3430 1396 3486 sed
1408 3430 1478 3500 quid

301 3521 381 3590 plura
399 3519 601 3576 subieciamus‘l
628 3517 658 3575 Si
676 3519 748 3574 enim
767 3519 818 3589 his,
837 3520 892 3588 qni,
912 3519 966 3574 ium
984 3519 1012 3573 in
1029 3519 1189 3588 episeopatu
1206 3519 1250 3572 vel
1261 3519 1290 3572 in
1301 3519 1477 3588 presbiterio*

301 3610 417 3679 positus,
439 3609 553 3664 mortale
570 3613 714 3676 peceatum
733 3607 843 3675 miquod
862 3607 1010 3677 admiserit,
1029 3622 1083 3662 non
1101 3607 1183 3661 debet
1201 3608 1299 3662 offerre
1315 3622 1401 3676 panes
1420 3607 1477 3663 Do-

301 3699 383 3766 mino,
402 3701 505 3765 quanto
524 3697 611 3765 magis
630 3701 694 3752 ante
712 3695 900 3764 unusquisque
919 3697 1016 3763 sciens,
1035 3694 1128 3763 quodk
1141 3699 1268 3763 potentes
1281 3699 1408 3766 potenter
1420 3700 1477 3751 tor-

301 3789 394 3840 menta
410 3785 556 3854 patientur,
575 3784 716 3839 retrahant
734 3798 764 3838 se
783 3783 818 3838 ab
837 3782 889 3838 hoc
904 3799 959 3838 non
972 3781 1027 3837 iam
1041 3781 1141 3837 honore
1153 3798 1234 3852 quam
1248 3797 1329 3838 onere
1337 3781 1350 3852 ¹,
1370 3787 1398 3838 et
1410 3785 1477 3840 aiio-

301 3889 361 3928 urm
378 3873 482 3940 locum,
501 3871 547 3940 qui
566 3871 642 3941 digni
660 3875 738 3942 suut,
758 3888 812 3926 non
831 3871 955 3926 ambiant
972 3883 1115 3938 occupare.
1145 3871 1197 3936 Qui
1215 3872 1286 3926 enim
1304 3871 1332 3926 in
1350 3871 1476 3928 erudien-

301 3961 367 4016 dis*
381 3961 470 4030 adque
493 3959 669 4015 instituendis
694 3959 728 4013 cd
754 3961 882 4014 virtutem
907 3959 1032 4030 populis*¹
1053 3962 1177 4029 preest⁰,
1201 3974 1313 4013 neeesse
1337 3963 1429 4013 estut
1447 3960 1477 4014 in

301 4047 428 4106 omnibus
446 4052 558 4104 sanctus
577 4049 612 4102 sit
630 4049 704 4103 etin
722 4048 796 4103 nullo
815 4048 1032 4118 reprehensibilis
1050 4047 1191 4102 habeatnr.
1219 4047 1269 4112 Qui
1287 4048 1359 4104 enim
1372 4047 1478 4118 aliquid

302 4139 476 4210 depereatis
494 4137 593 4206 arguit,
612 4138 670 4206 ipse
689 4153 706 4192 a
723 4142 839 4206 peccato
858 4137 940 4193 debet
958 4151 1019 4192 esse
1038 4135 1168 4192 alienus“.

374 4229 398 4283 1.
422 4227 478 4282 Eas
497 4226 619 4281 invenies
639 4225 709 4280 inira
727 4227 755 4281 in
773 4226 904 4294 Epistoiis
922 4225 1098 4294 Mogentims.

374 4341 395 4373 a
412 4341 456 4388 qne
475 4327 502 4374 7.
564 4325 763 4372 moderatiene
782 4327 809 4371 V.
872 4337 891 4370 c.
907 4339 951 4370 nne
971 4325 997 4370 V.
1061 4325 1083 4370 d.
1100 4325 1200 4370 humeris
1219 4323 1246 4370 V.
1309 4339 1328 4370 a.
1347 4324 1429 4371 offerre
1448 4325 1479 4372 V.

300 4389 317 4436 i.
333 4389 376 4436 ieci
390 4391 417 4436 V.
480 4401 501 4446 g.
517 4387 595 4434 dilecti
611 4389 638 4436 V.
700 4386 845 4443 madusius
859 4387 886 4432 V.
948 4386 964 4432 i.
980 4385 1107 4446 presbitero
1122 4387 1148 4432 V.
1211 4386 1234 4432 k.
1251 4399 1294 4445 que
1308 4387 1335 4432 V.
1397 4387 1478 4434 inan

300 4452 346 4499 ism
361 4451 448 4499 honore
464 4464 509 4511 qua
524 4451 609 4498 honore
628 4449 655 4498 V.
718 4463 748 4495 na
765 4448 889 4496 erudientis
907 4447 935 4495 V.
997 4463 1019 4496 n.
1035 4448 1134 4508 populns
1153 4450 1180 4495 V.
1243 4462 1264 4494 0.
1280 4448 1341 4508 perit
1357 4448 1385 4496 V.
