3164 4842
504 298 621 348 enemo
643 298 670 346 s.
687 295 863 346 nomnen
1196 269 1264 370 ‚eto

100 437 221 506 clericis
248 439 315 506 sive
341 438 431 506 laicis
457 446 549 508 cante
571 445 680 508 contro
700 439 832 506 insidias
855 436 1106 506 adversariorum
1128 436 1262 521 vign‘lan·
1283 445 1335 500 'lto

99 554 199 639 tibus,
227 561 319 622 noete
346 554 456 622 eodem
484 555 539 622 lux
567 555 606 623 de
628 555 694 623 celo
717 552 968 636 tabernaculum,
990 553 1022 619 in
1047 573 1108 638 qno
1130 553 1179 618 vir
1201 552 1263 620 Dei

98 675 222 754 grates·
243 670 311 738 Deo
340 676 409 738 tota
434 677 526 738 noete
555 671 753 757 persolvebat
779 669 904 752 laudes,
941 668 1069 736 emicuit
1096 673 1128 734 et
1155 669 1201 734 sio
1228 669 1261 734 in

98 787 250 854 maiorem
271 793 395 873 portem
418 787 481 854 diei
503 786 743 874 perseveravit!
778 785 997 852 lllnccsoente‘
1012 785 1109 868 igitur
1123 783 1184 868 dis,
1207 803 1262 850 ex·
1279 803 1350 850 runo

96 901 282 970 hortabatur
303 923 376 970 suos
399 904 521 970 dicens:
552 905 623 970 Viro·
633 905 774 990 fratrea,
794 905 900 989 fortes
923 915 1016 968 estote
1037 904 1161 977 animer
1185 918 1260 985 qua·-

96 1021 200 1102 tenm,
224 1018 348 1105 quando
363 1019 418 1087 diu
432 1025 541 1106 optata
555 1019 621 1087 dies
636 1019 768 1104 reniret,
792 1019 895 1104 parati
911 1021 1024 1085 essent
1058 1015 1125 1082 Neo
1138 1015 1262 1097 mora⁴3

96 1135 289 1201 struentibus
312 1137 477 1203 contrariis
500 1141 533 1203 et
550 1137 614 1223 ipsi
627 1135 827 1202 interdicenti
842 1133 969 1217 bellum,
993 1131 1185 1219 Hyltibrant,
1209 1131 1263 1217 qui

97 1271 155 1318 sne
176 1271 284 1318 mense
306 1253 451 1318 minister
473 1257 557 1337 erat,
581 1251 806 1320 semicaltiatns
829 1270 864 1317 se
885 1251 919 1315 in
940 1267 1067 1336 pessum
1091 1247 1186 1314 dedit.
1220 1246 1264 1314 Et

95 1372 171 1454 post
193 1388 264 1435 eum
285 1368 383 1434 frater
406 1369 473 1436 eius
488 1368 650 1435 Hahmnnt
672 1368 841 1454 dyaconus,
864 1366 971 1432 statim
986 1369 1022 1431 ιιι
1037 1384 1181 1448 egressus
1195 1363 1263 1430 fue·

96 1487 148 1550 rat
170 1503 188 1549 e
210 1484 360 1568 tentorio,
389 1484 543 1551 occubuit
577 1483 700 1550 Deinde
723 1483 778 1550 alii
800 1488 893 1567 atque
916 1480 987 1564 alii,
1016 1481 1096 1546 sieut
1122 1479 1264 1564 hystorie

96 1599 254 1684 passionis
280 1601 347 1668 eins
375 1604 493 1666 namot.
538 1599 590 1666 Ad
613 1605 788 1666 extremum
810 1599 879 1685 ipse
901 1597 1081 1684 episcopus,
1111 1595 1263 1682 martyrio

95 1720 278 1799 coronatus,
307 1717 436 1803 proprio
467 1715 618 1800 sanguine
645 1715 783 1798 iniirsus,
813 1713 928 1800 palmis
951 1713 992 1779 ad
1014 1710 1115 1778 celum
1139 1713 1262 1794 erectis,

95 1829 185 1897 obiit.
276 1829 461 1918 Statimque,
484 1832 517 1898 in
539 1833 609 1918 ipso
632 1837 773 1917 tempore
795 1836 832 1896 nt
848 1833 974 1895 sanctus
991 1827 1040 1894 vir
1053 1847 1111 1913 pro
1126 1826 1262 1893 Domino

95 1965 192 2017 carno
220 1947 378 2032 occubuit,
408 1947 616 2014 Traiectensis
645 1946 774 2014 ecclesie
803 1946 909 2012 clerici
937 1965 1008 2012 cum
1035 1962 1091 2009 suo
1115 1942 1262 2029 episcopo

95 2069 271 2149 rapuerunt
293 2069 435 2130 sanctum
458 2083 587 2149 corpus,
616 2069 648 2130 et
670 2063 835 2130 voluerunt
855 2061 935 2127 illud
957 2059 1083 2126 omnino
1107 2058 1189 2145 apud
1213 2066 1263 2124 se·

94 2179 243 2246 retinere.
277 2177 365 2258 Quod
388 2200 459 2246 oum
479 2177 539 2246 Lul
562 2185 757 2265 compertum
779 2176 949 2260 habuisset,
972 2180 1162 2260 congregato
1182 2173 1263 2242 mnl-

94 2293 232 2363 titudine
254 2295 477 2382 oryentalinm,
507 2295 730 2363 venerabilium
753 2294 909 2377 virorum,
933 2291 1132 2376 clericorum,
1154 2311 1263 2357 mona·

95 2411 239 2495 chorum,
263 2413 417 2497 simulque
440 2418 471 2478 et
493 2412 655 2497 laicorum,
678 2411 820 2480 condicto
843 2410 960 2475 ieiunio
983 2428 1054 2476 cum
1077 2407 1262 2494 psalmodiis

96 2527 362 2612 morationibus,
391 2533 598 2615 porrexerunt
620 2534 746 2595 etcum
768 2527 800 2592 vi
823 2532 966 2593 sanctum
989 2545 1102 2612 corpus
1126 2525 1262 2592 abstule-

95 2649 187 2725 rnnt;
217 2641 447 2732 honorificeque
474 2643 514 2711 ad
541 2642 733 2730 Mogontiam
762 2642 923 2709 tricesimo
950 2641 1106 2730 passionis
1135 2639 1186 2708 die
1213 2646 1263 2708 tu·
1280 2657 1344 2706 nne

94 2760 211 2826 lerunt.

118 2963 225 3044 Quod
247 2964 410 3032 vulnero
439 2967 524 3032 eiua
552 2963 664 3048 qnasi
691 2962 867 3030 recentia
895 2962 1237 3045 sangninovorant.

186 3105 327 3194 Cumque
353 3127 466 3195 corpus
493 3107 554 3175 viri
582 3106 642 3175 Dei
670 3127 710 3174 ex
736 3125 823 3172 more
851 3104 991 3187 lavatur,
1020 3103 1110 3190 qnasi
1137 3103 1261 3170 noviter

4 3225 7 3230 ’
94 3223 181 3290 facta
202 3223 332 3290 vulnera
355 3223 421 3290 eius
444 3225 628 3308 sangninem
650 3223 865 3310 profuderunt
901 3219 963 3287 Sed
987 3224 1018 3286 et
1036 3217 1146 3286 Lullus
1168 3213 1262 3285 lotia¹

82 3340 130 3406 'in
151 3344 324 3407 testaceum
346 3359 402 3406 vas
425 3339 589 3408 collocavit
610 3345 642 3408 et
664 3339 721 3406 snb
743 3343 829 3405 terra
850 3336 932 3403 fodit
951 3337 985 3403 in
1007 3336 1085 3420 loco,
1109 3335 1162 3403 ubi
1178 3354 1262 3402 nunc

95 3457 198 3522 sancti
220 3455 370 3523 Bonifatii
392 3455 523 3524 ecclesia
544 3461 723 3522 constructa
744 3458 861 3538 manet,
885 3474 904 3520 a
926 3455 1147 3539 septentryone
1165 3451 1262 3519 ecole-

96 3572 178 3656 siae,
208 3591 267 3656 qne
293 3571 475 3639 nominatur
504 3570 723 3660 baptisterium
750 3569 911 3651 Iohannis3
940 3568 974 3634 in
1001 3588 1063 3653 qua
1084 3588 1184 3654 neque
1205 3568 1262 3634 ho-

95 3687 159 3773 die,
182 3693 219 3754 ut
239 3688 355 3774 ferunt,
376 3687 565 3755 vestimenta
585 3687 620 3755 in
643 3688 756 3773 quibus
779 3707 891 3773 passus
914 3685 1019 3752 estin
1042 3684 1137 3751 archa
1157 3683 1263 3768 lignea

94 3805 210 3872 iacent.
254 3803 291 3872 In
313 3803 423 3872 eadem
445 3805 562 3892 quippe
584 3803 720 3887 civitate,
744 3808 780 3869 nt
802 3801 906 3868 accole
927 3800 1013 3868 illius
1035 3806 1164 3888 putant,
1187 3821 1262 3866 nus-

96 3907 193 4007 qnam
216 3922 355 4008 exceptis
373 3925 547 4008 martyrum
568 3918 761 4007 corporibus,
783 3923 849 3985 tam
869 3938 985 4001 magna
1000 3917 1149 3983 sanctitas
1165 3916 1264 3984 claret
1293 3993 1295 4005 Ι

96 4042 134 4104 ιιι
159 4037 195 4104 in
217 4037 398 4125 supradicta
420 4035 560 4105 ecclesia
596 4035 687 4103 Multi
711 4033 828 4102 etenim
850 4038 926 4100 tunc
946 4033 1049 4119 fuere,
1079 4031 1134 4119 qui
1156 4033 1262 4119 cupie-

170 4230 192 4264 ι.
213 4217 287 4276 nme
302 4235 322 4264 c.
434 4216 457 4263 b.
477 4215 603 4276 persensit
620 4232 639 4261 e.
747 4227 767 4261 c.
788 4211 948 4261 illuscescente
963 4230 985 4260 e.
1095 4211 1119 4260 d.
1140 4209 1226 4258 maiore
1241 4225 1261 4258 e.

97 4312 118 4346 e.
138 4311 165 4346 ee
181 4297 275 4345 eddidit
291 4296 448 4344 Hmclreer'us.

169 4403 194 4459 1.
219 4417 327 4474 equam,
345 4416 401 4473 qua
417 4413 516 4472 corpus
533 4399 655 4455 hrotam
672 4401 739 4454 eret.
