3024 4864
283 285 349 354 222
532 303 559 350 a.
576 303 752 352 uomrsru
773 303 818 352 nr
839 303 943 352 autur
962 301 1150 350 namnetas
1173 301 1203 348 so

197 450 249 507 751
370 443 420 512 De
442 443 599 531 episeopis
622 449 727 512 anum
749 442 944 512 Francorum
967 448 1000 512 ot
1020 441 1151 530 poileio·
1173 439 1348 530 soupsisu,
1370 436 1453 524 quod

206 525 372 628 ⁰''⁴iuxu
395 560 635 647 promissionem
657 579 748 627 suum
769 559 908 628 nondum
931 559 1151 647 impleverunt
1197 557 1267 641 Qui,
1291 556 1320 623 si
1341 554 1454 642 imple·

282 676 403 744 uariuntb
425 677 517 743 iuxta
539 673 670 744 verbum
694 695 802 760 suum,
830 675 991 744 habebunt
1012 695 1052 743 ex
1074 693 1111 742 ao
1133 673 1275 754 laudam3
1305 671 1357 738 sin
1379 689 1454 736 varo

283 793 376 860 aliter
398 792 530 876 egerint,
553 791 616 878 ipsi
638 791 799 860 ridebunt
833 791 899 859 Noa
921 791 1017 876 enim,
1041 790 1150 858 divina
1168 788 1272 873 gratia
1285 786 1454 870 largienter

283 907 367 993 quod
389 908 488 992 gratis
512 908 700 995 oooepimu,
723 908 823 992 gratia
844 907 956 974 damus
966 903 983 974 ¹.
1019 907 1089 974 Tua
1105 905 1231 991 quidem
1247 907 1383 991 propter
1397 901 1458 968 hoo

282 1024 419 1108 benigna
439 1021 585 1090 voluntas
608 1043 628 1090 a
648 1022 740 1091 nobis
762 1028 909 1110 suscepta
931 1028 988 1092 ast

371 1139 472 1223 Igitur
494 1144 527 1206 et
547 1138 607 1206 hoo
627 1139 738 1225 petisti
759 1143 809 1206 ut:
832 1140 1060 1208 monasterium
1082 1137 1117 1204 in
1137 1135 1321 1204 ruefissima
1343 1131 1458 1200 solitu·

282 1370 449 1438 inndstum
473 1390 542 1438 esse
565 1375 659 1456 atque
682 1371 716 1438 in
738 1370 857 1438 honore
879 1370 1047 1438 salvatoris
1061 1368 1123 1436 Dei
1144 1367 1246 1436 nostri
1262 1365 1458 1448 dedioutum,

283 1484 337 1552 ubi
361 1486 457 1553 etiam
479 1491 512 1554 et
531 1486 704 1554 monaohos
727 1486 786 1554 sub
809 1486 919 1570 regula
939 1485 1025 1553 beati
1046 1484 1210 1552 Benedicti
1233 1483 1349 1566 degere
1371 1481 1459 1548 ordi·

282 1601 377 1686 uasti,
400 1600 495 1667 illud⁸
515 1601 694 1669 uenerabile
716 1603 945 1670 monasterium
965 1601 1087 1670 nomini
1109 1606 1164 1668 tuo
1187 1598 1355 1687 priuilegio
1371 1597 1460 1664 sadis

283 1716 455 1804 apostoliae
476 1717 604 1784 muniri.
639 1715 745 1801 Quod,
768 1718 851 1784 uotis
873 1717 936 1786 tuis
960 1717 1210 1803 acquiescentes,
1238 1713 1460 1782 ordinavimus

281 1833 373 1900 iuxta
398 1831 590 1900 desiderium
619 1832 864 1918 adpetitionem
890 1838 988 1902 tuam.
1041 1831 1195 1916 Congruit
1222 1830 1322 1912 enirn,
1353 1828 1462 1896 divini

282 1949 452 2016 ministerii
477 1947 727 2035 praedioatorem
754 1947 972 2034 optimumque
998 1949 1180 2016 ministrum
1208 1945 1249 2014 ud
1276 1944 1463 2012 desiderata

282 2065 462 2152 pertingere
490 2069 522 2130 et
549 2068 697 2150 ooeptum
725 2063 844 2132 bonnm
872 2085 951 2152 opus
979 2064 1139 2150 usquein
1167 2061 1264 2130 finem
1286 2057 1462 2148 porfioere3

281 2179 365 2246 daut
392 2179 546 2266 seriptum
574 2179 683 2245 estin
712 2178 870 2248 dominioo
897 2186 1084 2267 praesepto:
1120 2179 1188 2262 Qui
1210 2181 1464 2268 perseveraverat

281 2317 381 2382 usque
401 2299 437 2361 ἐπ
451 2295 565 2378 finan,
590 2296 641 2362 die
662 2297 767 2362 soloas
791 2291 886 2374 arit¹3
916 2301 963 2364 et:
992 2297 1112 2364 Beatus
1134 2319 1241 2364 aarum
1261 2295 1332 2376 ida,
1366 2317 1463 2381 quom

283 2431 354 2476 mem
381 2413 499 2478 omerio
527 2411 704 2494 Dominus,
740 2415 894 2480 invenerit
922 2415 969 2480 sio
992 2413 1186 2498 ferientem
1219 2413 1332 2478 etenim
1361 2433 1464 2498 aspar

283 2527 390 2592 masia
413 2525 495 2592 borso
517 2549 576 2592 aaa
598 2531 762 2595 condocet
783 2523 881 2596 σφω’.

371 2639 457 2707 Inter
485 2661 524 2709 aa
550 2641 731 2728 praediatus
753 2647 826 2710 tuus
848 2641 976 2727 gerulus
998 2641 1060 2710 Lu]
1082 2662 1155 2709 oum
1177 2641 1290 2710 ueteris
1314 2640 1382 2708 suis
1408 2660 1465 2710 oo·

282 2754 441 2840 nieuw,
470 2777 551 2842 quae
580 2757 737 2824 iniuncta·
759 2757 888 2826 fuerunt
917 2764 1015 2826 atus
1035 2758 1177 2826 {ramma
1198 2757 1368 2824 sanotitate
1391 2762 1464 2826 tarn

281 2871 316 2938 in
338 2871 434 2940 verbo
457 2892 614 2958 quamque
635 2894 693 2960 per
715 2871 858 2960 aoripta‘,
882 2875 989 2942 omnia
1009 2873 1163 2960 liquidius
1184 2876 1390 2957 suggerentes
1411 2873 1465 2942 in·

282 2991 461 3056 notuerunt.
508 2987 558 3055 De
579 2989 692 3074 quibus
715 2989 838 3056 tamin
860 2989 957 3057 uerbo
979 3009 1167 3076 responsum
1190 2989 1318 3071 dantes,
1344 2995 1378 3057 et
1402 3011 1466 3078 per

282 3103 402 3189 seripta
423 3108 497 3171 tuae
519 3103 700 3171 remisimus
721 3104 922 3172 &surditati
969 3104 1181 3173 Continebaut
1207 3106 1293 3173 enim
1316 3105 1466 3193 eapitula

281 3217 317 3286 in
339 3214 494 3305 petatio⁸⁴
517 3219 556 3287 ab
580 3219 625 3287 eis
648 3225 804 3306 porrecto,
828 3240 908 3305 quae
929 3221 1062 3288 userius
1078 3240 1204 3289 annexa
1217 3226 1307 3301 sunt3
1331 3220 1372 3288 de
1388 3223 1466 3306 qui·

282 3333 341 3402 bus
363 3331 515 3419 flagitasti
537 3355 557 3402 a
578 3335 680 3420 uobis,
703 3355 785 3421 quae
805 3336 990 3422 reoipiauda
1010 3357 1092 3424 quae
1114 3335 1293 3424 respuenda
1314 3336 1399 3406 siut:

371 3449 548 3536 Inprimis
576 3449 616 3518 de
637 3450 833 3535 volatilibus,
861 3451 896 3520 id
924 3457 973 3522 est
1000 3453 1040 3522 de
1068 3451 1206 3539 granulis
1234 3459 1266 3521 et
1287 3453 1466 3523 oornioulis

283 3569 377 3651 atque
406 3565 544 3634 oiooniis.
584 3565 671 3644 Quae
699 3567 826 3634 omniuo
849 3569 1007 3638 navandae
1029 3574 1105 3638 sunt
1127 3569 1167 3637 ab
1191 3589 1246 3636 esu
1268 3567 1466 3640 obrutione-

282 3701 363 3747 rum.
408 3679 518 3747 Etiam
540 3687 573 3749 et
593 3679 666 3749 fibri
689 3688 783 3768 atque
804 3683 929 3770 lepores
952 3691 985 3754 et
1007 3687 1080 3770 equi
1102 3685 1239 3754 silvatici
1260 3683 1363 3752 multo
1392 3705 1466 3754 am·

282 3794 366 3882 plius
388 3795 520 3863 vimndi.
555 3797 717 3882 Attamen,
741 3799 938 3869 sanotusime
959 3801 1069 3887 frater,
1092 3801 1132 3869 de
1155 3799 1301 3870 omnibus
1318 3801 1466 3888 seriptu-

282 3911 327 3978 ris
351 3911 450 3979 saeris
472 3911 553 3979 bene
576 3918 754 4000 compertus
778 3933 821 3980 es.

372 4026 422 4096 Da
443 4028 517 4112 igne
540 4031 647 4096 summ
668 4025 827 4115 paseha1i⁵
851 4030 934 4115 quod
956 4031 1126 4117 inquisisti.
1162 4031 1321 4119 Aprisois
1338 4035 1467 4102 sanetis

354 4182 375 4216 a
397 4187 453 4215 carr.
471 4172 493 4215 ιἰι
509 4167 586 4229 palliis
603 4173 629 4218 c.
702 4169 724 4217 b.
744 4171 895 4231 inpleverunt
912 4175 938 4221 c.
1008 4185 1028 4220 o.
1048 4171 1093 4220 hoo
1109 4177 1136 4222 C.
1207 4173 1231 4221 d
1252 4173 1427 4223 oouoomitibus
1439 4179 1467 4226 c.

282 4261 303 4295 a.
324 4247 420 4296 iniuncti
436 4253 472 4298 111.
548 4249 566 4296 i.
587 4249 673 4310 scripto
690 4253 725 4296 11.
802 4263 824 4309 g.
845 4250 964 4312 imputatio
981 4255 1016 4306 M,
1033 4267 1090 4300 cerr.
1106 4255 1130 4299 ur
1144 4253 1169 4300 in
1184 4253 1277 4313 prunus
1294 4257 1321 4302 c.

354 4343 380 4396 1.
402 4341 499 4398 unuh.
513 4343 555 4412 10,
568 4343 594 4399 8.
686 4345 712 4398 2.
736 4343 833 4399 Motu.
846 4345 888 4415 10,
901 4345 951 4417 223
970 4346 1072 4415 24,13.
1165 4347 1192 4404 3.
1215 4347 1403 4418 11211243.
1417 4351 1466 4407 44.

282 4428 309 4484 4.
332 4429 454 4499 pittsoio.
542 4431 569 4488 ὅ.
588 4429 630 4489 Oi.
648 4431 753 4488 Grimm
771 4431 910 4490 Deunohe
927 4433 1096 4507 Mythologie
1114 4435 1170 4504 (ad
1182 4437 1275 4506 tertia)
1293 4437 1387 4494 1583.
