3110 4844
295 279 361 347 352
634 297 820 346 nrrsrourm
843 297 1069 346 noeuvrrrsrn
1092 295 1124 344 vo

224 447 276 503 997
295 439 435 526 episcopi
463 436 565 506 officio
596 439 815 525 suspendatur.
862 439 1059 505 Auctoritete
1087 437 1158 504 Iulii
1182 457 1283 524 papae
1306 437 1459 504 sancitum

295 561 352 640 est,
376 556 430 641 qui
452 555 548 622 etism
571 555 739 623 orientales
761 556 936 642 episcopos,
960 554 1000 620 ad
1022 554 1168 622 sinodum
1188 553 1295 621 venire
1311 573 1460 641 spernen-

293 677 359 755 tes,
395 671 600 758 depositionis
628 691 699 738 reos
726 669 892 753 iudicavit3
922 669 994 737 illos
1023 690 1113 756 vero,
1145 671 1262 755 absque
1290 668 1462 756 apostolica

295 787 481 854 auctoritate
514 786 692 874 depositos,
728 787 909 854 innocentes
943 807 1115 854 remanere.
1210 786 1381 853 Decretum
1415 791 1462 851 est

295 905 401 988 etiam,
424 907 461 969 ut
482 898 557 968 rex¹
578 901 765 986 Robbertus,
788 903 843 989 qui
866 905 1129 989 consanguineam
1153 898 1263 970 suam'
1284 906 1396 968 contra
1414 901 1461 966 in-

294 1020 514 1086 terdictionem
537 1018 742 1106 apostolicam
762 1019 797 1113 in
819 1020 999 1105 coniugium
1021 1019 1127 1102 duxit,
1153 1019 1194 1086 ad
1216 1017 1462 1085 satisfactionem

295 1141 482 1202 convocetur
505 1155 576 1201 cum
600 1135 774 1222 episcopis,
802 1135 851 1203 hie
880 1138 999 1224 nuptiis
1028 1136 1155 1204 incestis
1184 1133 1461 1201 consentientibus.

296 1250 331 1318 si
346 1257 451 1318 autem
465 1251 637 1335 renuerint,
661 1253 879 1319 communione
898 1252 1071 1339 priventur.
1150 1250 1229 1316 Item
1245 1255 1354 1317 sancta
1369 1269 1462 1336 syuo-

296 1367 355 1437 dus
378 1367 525 1434 sancivit:
550 1372 587 1433 ut
608 1367 856 1455 Necppolitauus
878 1367 1017 1453 invasor,
1041 1367 1094 1453 qui
1116 1367 1201 1433 illius
1223 1366 1285 1433 loci
1308 1365 1462 1451 archiepi-

296 1503 426 1571 scopum
455 1485 690 1571 apprehendere
717 1484 793 1550 fecit
822 1487 855 1550 et
883 1503 917 1550 ee
939 1484 973 1550 iu
997 1483 1130 1550 eundem
1151 1483 1255 1548 locum
1277 1501 1335 1568 per
1358 1501 1462 1568 symo-

296 1600 419 1666 uiaoam
441 1599 577 1667 heresim
599 1600 747 1667 constitui
769 1599 853 1683 fecit,
876 1599 939 1667 nisi
962 1600 1144 1684 satisfaciat,
1169 1599 1462 1665 anathematizetur.

385 1715 572 1782 Constituit·
595 1717 707 1783 etiam:
730 1721 775 1798 ut,
800 1716 827 1781 si
851 1716 920 1801 quis
936 1717 1101 1803 episcopus
1117 1715 1273 1802 presbiter
1288 1718 1343 1780 aut
1358 1713 1463 1780 diaco-

294 1851 354 1898 nus
378 1839 432 1898 aut
454 1832 596 1916 clericus,
619 1852 705 1919 papa
725 1831 892 1916 incolume,
915 1837 948 1898 et
970 1851 1006 1899 eo
1022 1829 1207 1915 inconsulto,
1232 1835 1287 1896 aut
1302 1830 1463 1918 subscrip·

296 1949 415 2014 tionem
437 1967 495 2035 pro
510 1947 651 2015 Romano
675 1946 859 2035 pontificatu
882 1947 1081 2016 commodare
1104 1952 1158 2014 aut
1173 1947 1376 2033 pictationem
1390 1966 1464 2034 pro-

296 2063 421 2132 mittere
443 2069 499 2131 aut
520 2068 751 2131 sacramentum
774 2064 924 2152 praebere
945 2063 1149 2151 temptaverit
1170 2067 1224 2129 aut
1239 2062 1365 2148 aliquod
1379 2067 1465 2130 certe

297 2179 480 2265 suffragium
508 2179 667 2266 pollicitus
697 2181 810 2268 fuerit,
838 2180 901 2247 loci
923 2182 972 2247 sni
995 2180 1149 2264 dignitate
1172 2183 1203 2246 et
1226 2180 1365 2246 omnium
1387 2176 1465 2246 fide

296 2291 376 2362 lium
410 2297 629 2364 communione
657 2297 798 2384 privetur
826 2303 859 2364 et
885 2297 1177 2364 anathematizetur.
1208 2295 1353 2382 Synodus
1381 2295 1465 2361 Sim-

297 2411 402 2478 machi
424 2407 553 2498 papae⁸.
641 2411 789 2480 Decrevit
810 2413 1095 2500 sanctasynodus:
1120 2419 1155 2478 ut
1169 2432 1262 2478 nemo
1277 2411 1378 2478 sancti
1394 2409 1467 2497 Spi-

296 2527 377 2594 ritus
401 2527 517 2595 donum
540 2528 675 2597 vendere
697 2534 888 2617 praesumet,
912 2535 967 2595 aut
988 2549 1046 2615 pro
1070 2529 1201 2595 alicuius
1223 2527 1362 2615 episcopi
1377 2547 1467 2613 pres-

299 2642 391 2710 biteri
419 2643 544 2711 diaconi
571 2645 622 2712 vel
644 2645 774 2712 alicuius
798 2645 918 2712 ordinis
941 2646 1175 2712 consecratione
1197 2645 1362 2731 pecuniam
1386 2643 1468 2710 acci-

298 2780 389 2847 pere;
414 2765 446 2826 et
468 2762 522 2847 qui
543 2761 597 2828 dat
616 2763 716 2846 etqui
732 2762 847 2849 accipit
862 2766 895 2828 et
909 2761 964 2846 qui
979 2760 1133 2828 mediator
1149 2772 1207 2844 est,
1231 2759 1401 2852 anathema
1415 2761 1466 2826 sit

387 2875 511 2944 Placuit
533 2879 629 2944 etiam
649 2877 804 2962 omnibus,
827 2884 864 2943 ut
879 2876 1067 2945 Gisilharius
1090 2877 1266 2964 episcopus,
1290 2875 1344 2963 qui
1359 2881 1470 2942 contra

299 3012 434 3060 canones
457 2992 564 3059 sedem
587 2989 694 3060 suem⁸
717 2992 837 3060 dimisit
859 2999 891 3060 et
920 2989 1032 3060 aliam⁸
1055 2987 1186 3077 invasit,
1215 2993 1248 3059 in
1276 2991 1381 3058 natale
1404 2991 1470 3058 Do·

299 3103 396 3174 mini⁸
419 3105 552 3175 Romam
574 3115 701 3176 vocatus
725 3109 766 3175 od
788 3109 1045 3177 satisfaciendum
1067 3109 1188 3192 veniat;
1212 3109 1295 3194 quod
1313 3109 1340 3175 si
1355 3129 1470 3175 renue-

301 3223 354 3308 rit,
379 3245 399 3291 a
421 3223 608 3292 sacerdotali
630 3223 732 3292 officio
748 3225 967 3312 suspendatur.
1045 3225 1163 3292 Notum
1178 3226 1267 3292 vobis
1281 3225 1378 3292 etiam
1393 3223 1471 3292 iaci·

299 3359 387 3406 mus:
416 3340 551 3427 qualiter
572 3361 630 3428 per
652 3361 850 3408 communem
873 3361 1060 3408 consensum
1085 3343 1219 3408 fratrum
1242 3341 1470 3426 crescentium,

301 3462 430 3524 sauctae
452 3455 613 3524 Romanae
635 3458 803 3525 aecclesiae
825 3457 1003 3524 invasorem
1027 3463 1059 3524 et
1074 3457 1341 3545 depraedatorem,
1367 3479 1472 3543 agre·

301 3574 364 3638 mio
393 3579 520 3640 sauctae
548 3573 716 3641 aecclesiae
740 3579 771 3640 et
794 3574 934 3640 omnium
956 3569 1095 3641 fidelium
1119 3575 1336 3640 commuuione
1365 3595 1472 3659 segre·

301 3691 460 3776 gavimue3
490 3696 522 3756 et
549 3695 584 3756 ut
611 3709 691 3755 unus
721 3689 851 3776 quisque
879 3695 1018 3757 vestrum
1048 3691 1083 3755 in
1110 3709 1166 3756 suo
1190 3691 1375 3777 episcopatu
1398 3690 1473 3758 huic

302 3805 384 3872 lecto
409 3805 575 3872 adsonem
599 3805 764 3893 praebeat,
788 3807 952 3874 caritative
974 3827 1132 3890 rogamus.

391 3919 459 4005 Ego
484 3917 652 4005 Gregorius
681 3928 808 3988 sanotae
837 3920 1009 3990 catholicoe
1038 3929 1069 3991 et
1097 3921 1289 4011 apostolieae
1310 3911 1474 3991 Romanae

459 4035 627 4105 aecclesiae
649 4037 777 4126 praesul
799 4037 981 4125 subscripsi.

375 4185 395 4218 a
416 4169 524 4218 constitui
539 4189 560 4216 c.

375 4258 399 4314 1.
419 4255 532 4312 (tulius.
594 4257 619 4312 2.
638 4257 776 4314 Bertham.
836 4259 862 4314 3.
881 4257 915 4314 v.
929 4255 1086 4330 Symmachi
1103 4258 1240 4330 synodum
1257 4255 1284 4313 d
1299 4257 1405 4314 lhlsrt.
1418 4259 1475 4316 499

303 4343 433 4401 habitam.
461 4347 667 4416 Regestapont.
680 4347 757 4404 Rom.
775 4364 804 4417 p.
817 4349 860 4402 61.
932 4347 958 4401 4.
982 4345 1245 4418 hamaburgensem.
1316 4351 1342 4404 5.
1361 4349 1474 4420 blegde

303 4430 477 4504 burgensem.
548 4436 574 4492 6.
598 4435 633 4491 25
650 4435 718 4491 Dec.
736 4437 798 4491 997.
