3142 4848
320 244 364 310 60
568 261 595 310 s.
614 261 789 310 normann
810 262 854 308 nr
876 261 979 309 nuum
999 259 1186 310 nmsronan
1209 261 1239 308 ro

162 407 302 464 vla-⁷18
320 403 520 468 mitterentur
547 401 742 470 crudelitatis
768 421 877 470 eornm
904 402 1098 469 voluntatem
1126 401 1161 468 in
1189 421 1226 468 eo
1256 421 1410 470 sxmoore.
1442 401 1479 470 Et

320 517 510 604 inputabant
542 519 573 584 ei
603 517 787 585 horribilem
815 537 852 584 ac
878 517 1064 585 nefandam·
1092 516 1327 584 multitudinem
1353 516 1479 601 flagitio-

320 653 407 714 rum3
431 638 463 700 et
484 634 642 700 minantes
665 633 820 716 dicebant,
842 632 931 698 illum
949 633 1007 698 sub
1023 632 1200 698 durissimis
1214 633 1387 700 inferorum
1402 632 1480 699 clau·

321 749 395 815 stris
423 747 630 816 claudendum
659 753 692 815 et
716 748 778 833 ibi,
805 747 943 834 peccatis
968 747 1235 833 promerentibus,
1266 749 1401 816 aeternis
1422 753 1481 814 tor-

320 862 454 931 mentisb
477 863 680 929 cruciandum
701 883 780 930 osse.
815 863 903 928 Tunc
918 861 1022 947 angeli
1036 862 1128 930 solito
1144 864 1299 931 tristiores
1313 864 1390 931 iacti
1404 863 1482 930 dice-

321 978 412 1046 bant:
436 981 504 1045 Pro
527 981 635 1046 dolor:
659 982 745 1065 qaod
766 979 857 1044 homo
875 991 1023 1064 peccator
1044 982 1103 1045 iate
1116 993 1209 1046 cernet
1222 983 1328 1067 aptam
1337 981 1415 1067 pluo
1432 981 1481 1046 dc·

312 1097 448 1182 fondere
474 1118 538 1163 noc
562 1098 735 1183 permitit,-
763 1107 792 1160 et
819 1095 856 1160 ob
884 1098 1002 1181 a'poiao⁸
1020 1097 1161 1182 proprio
1181 1099 1294 1160 marato
1315 1097 1485 1162 andlamai

322 1214 516 1278 adiutorium
536 1233 702 1298 persanata
720 1211 862 1298 prebere.
907 1208 951 1275 Et
979 1209 1163 1276 auferebant
1191 1211 1382 1297 superpositi
1404 1215 1484 1277 tuta·

321 1326 417 1392 minis
439 1326 662 1392 defensionem.
698 1325 786 1391 Tunc
801 1325 968 1391 daemonas
991 1325 1162 1408 gaudentes
1185 1330 1217 1392 ct
1239 1325 1426 1408 exultantes,
1449 1325 1485 1392 de

322 1441 478 1508 universis
500 1441 610 1507 mundi
632 1439 776 1526 partibus
799 1440 978 1523 congregati
1005 1440 1119 1506 maiori
1147 1430 1365 1525 multitudine,
1393 1459 1485 1526 quam

323 1557 464 1623 omnium
487 1557 694 1622 animantium
722 1557 755 1622 in
779 1554 903 1622 saeculo
931 1553 1001 1621 fieri
1028 1555 1224 1640 aestimaret,
1254 1555 1386 1622 diversis
1416 1575 1485 1624 eum

322 1672 487 1738 tormentis
510 1671 782 1738 inaestimabiliter
803 1671 973 1754 fatigantes
995 1670 1186 1738 lacerabant

412 1785 493 1852 Tum
515 1786 641 1853 demum
664 1787 748 1853 beati
771 1786 875 1870 augeb
897 1785 1134 1873 praecipiebant
1148 1786 1188 1871 ei,
1212 1787 1266 1872 qui
1281 1786 1357 1853 haec
1371 1785 1487 1872 omnia,

323 1906 415 1970 extra
436 1919 550 1988 corpus
573 1922 666 1968 suum
688 1906 808 1989 raptus,
833 1899 970 1989 spiritali
992 1901 1256 1990 contemplatione
1278 1901 1358 1968 vidit
1379 1905 1412 1967 et
1433 1923 1488 1968 au·

323 2019 419 2086 divit:
448 2025 484 2086 nt
512 2019 580 2084 sine
606 2038 696 2084 mora
725 2017 766 2083 ad
792 2016 957 2104 proprium
980 2015 1099 2084 rediret
1120 2036 1249 2105 corpus;
1278 2023 1311 2085 ct
1330 2018 1489 2102 universa,

323 2155 403 2221 quae
424 2134 474 2201 illi
495 2139 621 2200 ostensa
641 2134 779 2216 bierunt,
802 2131 1001 2198 erodentibus
1024 2137 1057 2199 et
1077 2134 1251 2200 intentione
1271 2133 1378 2200 divina
1391 2134 1490 2200 intor-

322 2249 506 2334 rogantibua
522 2250 724 2316 manifestare
739 2269 802 2316 non
818 2246 985 2331 dubitaret,
1000 2247 1224 2316 insultantibus
1240 2255 1345 2316 autem
1358 2269 1491 2316 narrare

323 2367 507 2450 denegaret;
530 2370 563 2432 et
584 2370 621 2432 ut
641 2365 767 2430 cuidam
786 2363 922 2447 mulieri,
946 2384 1026 2449 quae
1039 2364 1113 2431 inde
1127 2365 1161 2430 in
1175 2364 1347 2450 longinqua
1360 2367 1492 2450 regione

322 2480 500 2564 habitabat,
525 2480 592 2547 eius
614 2483 796 2566 perpetrata
818 2485 948 2565 paccata
968 2499 1027 2566 per
1048 2480 1188 2546 ordinem
1212 2486 1383 2568 exponeret
1404 2487 1440 2549 et
1462 2481 1494 2547 ei

323 2597 494 2678 intimaret,
518 2594 601 2680 quod
623 2596 870 2681 omnipotentem
884 2595 988 2662 Deum
1002 2594 1158 2681 potuisset
1170 2615 1228 2682 per
1242 2595 1496 2664 satisfactionem

322 2711 525 2799 repropitiari
548 2711 624 2794 sibi,
653 2711 680 2776 si
702 2709 867 2791 voluisset3
896 2715 928 2777 et
954 2715 990 2782 ut
1018 2711 1144 2777 cuidam
1165 2711 1339 2798 presbitero
1362 2714 1495 2780 nomine

322 2827 450 2912 Baggan
478 2829 555 2893 istas
584 2825 740 2912 spiritales
772 2826 908 2892 visiones
936 2831 1063 2892 cunctas
1092 2826 1281 2913 exponeret“
1309 2832 1342 2894 et
1367 2833 1496 2914 postea,

324 2943 587 3029 quemadmodum
611 2942 649 3008 ab
666 2941 721 3009 illo
736 2942 908 3008 instructus
923 2939 1037 3025 hereb,
1060 2942 1237 3009 hominibus
1252 2943 1496 3030 pronuntiaret,

322 3061 453 3147 propria
475 3059 592 3144 quippe
614 3061 758 3143 peccata,
789 3076 870 3142 quaa
897 3057 945 3122 illi
968 3056 1007 3123 ab
1029 3057 1193 3143 spiritibus
1214 3057 1374 3124 inmundis
1395 3059 1497 3147 inpu-

323 3179 391 3240 tata
412 3173 561 3256 fuerunt‘,
585 3173 737 3256 confessa,
761 3192 858 3258 supra
880 3173 956 3239 dicti
977 3173 1146 3259 presbiteri
1160 3173 1275 3241 iudicio
1291 3175 1497 3258 emendaret,

323 3295 355 3356 et
370 3289 410 3356 ad
425 3290 576 3355 indicium
593 3288 725 3372 angelici
746 3288 906 3375 praecepti
924 3287 1108 3376 presbytero
1123 3288 1372 3374 testificaretur⁸,
1396 3291 1498 3375 quia¹¹

322 3405 473 3491 iamper
504 3403 658 3492 plurimos
688 3424 786 3470 annos
815 3423 926 3470 zonam
954 3405 1090 3470 ferream
1118 3405 1203 3471 circa
1228 3405 1368 3490 lumbos,
1401 3406 1499 3475 nullo

323 3520 485 3586 hominum
507 3520 648 3604 conscio,
673 3539 780 3586 amore
802 3519 931 3587 Domini
953 3526 1098 3604 cogente,
1122 3519 1282 3587 habuerat.

412 3634 579 3722 Proprium
602 3654 715 3723 corpus
739 3635 863 3702 dicabat
884 3655 928 3720 se,
952 3636 1039 3702 dum¹
1062 3641 1154 3702 extra
1174 3636 1287 3720 fuerat,
1312 3641 1377 3702 tam
1398 3637 1501 3705 valde

321 3750 566 3837 perhorruissek,
595 3755 631 3817 ut
656 3751 690 3816 in
714 3750 857 3817 omnibus
886 3750 949 3817 illis
972 3751 1145 3818 visionibus
1171 3751 1251 3818 nihil
1273 3756 1339 3818 tam
1362 3751 1501 3838 odibile,

322 3866 401 3933 nihil
423 3871 490 3932 tam
513 3866 705 3953 despectum,
729 3865 809 3932 nihil
829 3871 896 3932 tam
918 3867 1032 3934 durum
1053 3866 1206 3934 foetorem
1226 3887 1411 3954 evaporans,
1436 3889 1502 3936 ex-

395 4056 415 4088 a
436 4042 557 4089 nefandum
574 4047 608 4089 M.
685 4043 707 4089 b.
729 4043 892 4090 dormientibus
913 4063 968 4090 corr.
985 4047 1007 4090 ia
1028 4043 1144 4091 doloribus
1162 4049 1201 4102 M,·
1222 4043 1372 4091 tormantibus
1394 4063 1457 4092 cerr.
1476 4051 1503 4094 ἰι

321 4123 442 4170 tormentis
459 4125 485 4175 C,
503 4121 658 4168 (formantibus
677 4124 703 4170 V.
764 4135 783 4168 c.
804 4124 827 4168 et
844 4122 896 4169 onib
915 4127 948 4177 M,
965 4125 989 4170 et
1004 4123 1070 4170 obius
1087 4142 1142 4170 corr.
1159 4127 1182 4171 ia
1198 4123 1227 4172 ob
1243 4125 1292 4172 aius
1310 4129 1336 4174 C.
1408 4125 1431 4172 d.
1458 4141 1505 4175 ex·

321 4216 406 4263 ponera
425 4203 452 4248 V.
535 4216 554 4247 e.
576 4201 606 4248 fla
625 4203 651 4248 V.
735 4201 751 4248 f.
771 4201 787 4248 f.
804 4203 831 4248 V.
909 4216 930 4261 g.
951 4203 1070 4249 mitificari
1092 4205 1148 4258 MV,
1171 4223 1226 4251 corr.
1243 4207 1265 4251 in
1285 4205 1504 4256 arancarum-c.

321 4281 344 4328 h.
366 4280 404 4340 qni
421 4281 478 4334 MV,
501 4298 558 4327 corr.
574 4283 597 4327 r'a
617 4281 671 4340 quia
687 4285 713 4329 C.
806 4282 821 4328 i.
842 4281 919 4329 fedum
937 4287 963 4329 M
979 4299 1021 4342 pro
1038 4295 1063 4329 aa
1079 4283 1140 4330 dnm.
1232 4282 1255 4330 h
1275 4283 1449 4344 perhorruisnet
1471 4287 1505 4343 V,

322 4361 383 4422 qnod
398 4359 567 4421 perhorruisset
582 4364 617 4408 M.
