3090 4848
332 272 396 339 144
578 291 604 340 s.
625 291 800 339 sosmnrrr
821 293 865 340 su
888 293 990 340 uuum
1011 291 1198 370 semronnn
1221 291 1251 338 so

241 437 293 493 745
330 453 411 499 auno
435 435 489 516 26,
512 433 805 518 postconsulatum
828 433 895 500 eius
919 453 1000 500 cuno
1016 435 1048 518 5,
1071 453 1180 501 meuse
1195 433 1353 515 octobrio,
1377 431 1476 515 decc,

222 511 312 559 (Μ
327 548 499 614 indictione
522 551 572 615 14.
662 549 873 617 Praecedeute
896 551 1095 616 sanctissimo
1120 569 1157 616 ac
1178 549 1361 617 beatissimo
1384 547 1479 612 donno

329 663 482 730 Zacharia
504 685 589 751 pape
610 665 645 730 iu
666 665 860 752 patriarchio
883 665 1107 749 Laterauonse
1131 665 1164 730 iu
1188 664 1319 730 basilica
1342 683 1419 748 quae
1438 681 1481 748 ap

329 780 466 867 pellatur
482 779 654 863 Theodori3
678 781 919 849 consedentibus
943 783 1038 848 etiarn
1061 801 1133 847 cum
1156 801 1192 847 eo
1211 779 1416 846 sanctissimis
1430 777 1482 863 epi·

329 897 433 982 scopis
456 896 635 982 Epiphanio
659 896 746 964 Silva
769 897 925 981 Candide,
957 897 1127 964 Benedioto
1150 897 1321 978 Nomento,
1344 893 1483 960 Veuautio

328 1010 510 1095 Penestrae,
534 1011 686 1096 Gregorio
701 1012 884 1096 Portueuse,
907 1012 1020 1079 Niceta
1035 1011 1153 1096 Gabiis,
1177 1011 1340 1078 Theodoro
1356 1009 1483 1088 Osteuse,

331 1125 477 1194 Gratioso
495 1127 665 1211 Villitrias3
689 1149 744 1196 seu
766 1128 998 1215 venerabilibus
1021 1129 1215 1215 presbiteris,
1238 1127 1342 1194 idest
1365 1125 1486 1191 Iohanne

330 1243 607 1330 archipresbitero,
632 1243 799 1328 Gregorio,
824 1244 1001 1332 Stephano,
1023 1245 1101 1311 item
1124 1243 1300 1330 Stephano,
1324 1241 1487 1322 Dominio,

330 1357 509 1443 Theodoro,
539 1359 723 1444 Anastasio,
752 1359 903 1444 Georgio,
934 1360 1059 1444 Sergio,
1088 1359 1258 1442 iordauue,
1280 1357 1403 1442 Leone,
1423 1358 1487 1422 item

329 1475 450 1560 Leone,
479 1473 647 1562 Gregorio,
678 1475 855 1563 Stephano,
884 1475 1068 1560 Eustathio,
1096 1475 1248 1562 Procopio
1280 1479 1374 1560 etque
1403 1473 1489 1540 Theo·

329 1591 456 1678 phanio.

418 1707 612 1795 Praepositis
647 1709 680 1774 in
707 1709 812 1775 madio
841 1709 1050 1776 sacrosanctis
1080 1707 1268 1790 euangeliis,
1305 1705 1491 1773 adstantibus

330 1843 453 1909 quoquo
475 1823 658 1890 diaconibus
680 1822 731 1890 vel
754 1829 865 1891 cuncto
889 1824 983 1907 clero,
1007 1821 1178 1906 Gregorius
1202 1823 1343 1890 noterius
1358 1823 1493 1906 regiona

329 1940 395 2007 rius
424 1945 455 2006 ct
484 1937 722 2007 numenculator
752 1939 848 2006 dixit:
886 1941 1066 2008 Secundum
1103 1943 1190 2026 quod
1218 1964 1239 2005 a
1266 1953 1366 2006 uestro
1397 1951 1492 2004 saeuo

329 2057 508 2144 apostolatu
531 2068 734 2144 praeceptum
757 2069 800 2121 est
822 2060 856 2122 iu
876 2061 1047 2143 praeterito
1063 2060 1240 2136 eeucado,
1264 2069 1299 2121 ut
1312 2057 1494 2122 Deneurdue

328 2174 498 2258 relegiosus
509 2173 665 2258 presbiter
680 2173 771 2238 bodie
785 2195 818 2238 se
832 2176 942 2237 vesum
959 2174 1113 2239 obtectione
1125 2185 1352 2260 praesentaret,
1373 2183 1494 2259 praesto

320 2302 374 2354 est
392 2288 628 2376 praeforibus.
667 2288 754 2369 Quid
770 2289 982 2376 praecipitus?
1043 2287 1172 2354 Dictum
1196 2293 1261 2354 est:
1287 2289 1496 2374 regrediatur.

331 2403 472 2489 Cumque
494 2403 656 2488 ingressus
678 2404 799 2488 fuisset,
822 2402 990 2471 Zacharias
1011 2404 1228 2470 sanctissimus
1250 2423 1287 2470 ac
1301 2403 1498 2471 beatissimus

331 2539 415 2607 papa
437 2519 534 2586 dixit:
558 2522 667 2587 Habes
690 2521 793 2586 adbuc
816 2544 853 2586 eu
873 2521 1099 2606 socrdeporum
1113 2522 1242 2587 iliorum
1258 2526 1448 2608 contempto,
1470 2531 1500 2583 ut

331 2659 437 2703 corum
459 2637 591 2703 concilio
610 2641 776 2724 porregere
798 2638 907 2702 &boae
929 2637 1149 2723 relegendum?
1214 2635 1404 2703 Deueardus
1427 2634 1501 2702 relc-

331 2753 436 2836 giosus
459 2752 616 2838 presbiter
638 2752 818 2838 respondit:
841 2753 961 2834 Etiam,
987 2755 1111 2818 domiue
1124 2756 1179 2833 eui,
1204 2753 1501 2831 dedecorationem,

332 2893 427 2957 quom
450 2871 511 2936 sibi
533 2869 719 2935 Atdebertue
742 2891 916 2955 conponere
943 2873 1031 2934 uisus
1060 2883 1120 2947 est3
1149 2881 1177 2934 et
1199 2891 1265 2934 ecoe
1287 2891 1372 2956 prae
1402 2873 1502 2934 moui·

331 2988 388 3051 bue
410 3009 479 3052 eam
498 3009 584 3073 pero.
624 2985 729 3051 iubete
751 3007 819 3050 eam
839 2988 967 3073 suscipi.
1044 2983 1087 3050 Et
1104 2983 1261 3071 accipiens
1276 2983 1394 3069 relegit
1409 2987 1443 3052 iu
1458 2983 1504 3051 bis

331 3103 528 3169 sermonibus
551 3102 737 3185 orationem,
760 3101 849 3167 ouius
872 3101 998 3166 initium
1021 3099 1084 3166 taio
1107 3105 1172 3166 est:

419 3219 558 3284 Domine
579 3219 667 3284 Deua
691 3222 885 3304 omnipotens
892 3265 901 3297 ,
933 3215 1051 3282 cuca
1069 3217 1138 3299 filo·
1158 3217 1224 3282 Dea'
1240 3229 1349 3304 pater,
1385 3221 1509 3284 domiui

331 3333 676 3414 sussuranensis,
702 3347 730 3401 et
753 3331 783 3399 Α
808 3347 837 3399 et
859 3329 912 3414 c),
937 3337 995 3420 qui
1015 3335 1097 3398 sedis
1120 3355 1215 3420 eumer
1237 3337 1367 3420 septimo
1394 3337 1508 3402 ebroas

332 3465 361 3517 et
389 3473 483 3537 super
511 3449 666 3516 Cbenuba'n
693 3465 722 3518 et
752 3449 912 3537 Seraphin
918 3473 930 3527 ,·
961 3452 1065 3536 pietas
1093 3471 1211 3535 magua
1239 3463 1268 3516 et
1296 3451 1508 3518 dulcitudias's

332 3571 409 3634 eatae
439 3581 484 3632 est
512 3569 600 3653 opud
628 3567 694 3633 tibi.
746 3566 845 3631 Pater
873 3579 1053 3631 sanctonum
1081 3567 1279 3652 angelorum,
1316 3572 1376 3654 qui
1395 3571 1513 3654 secreti

333 3684 452 3748 caetum
475 3697 504 3750 et
526 3696 651 3764 terram,
676 3695 815 3749 nearest
839 3685 945 3748 omnia
968 3685 1107 3769 quaein
1130 3685 1174 3747 eie
1198 3696 1279 3763 eune,
1305 3697 1334 3749 te
1349 3688 1468 3752 invoco
1485 3697 1512 3750 et

333 3801 443 3881 clamo,
469 3813 497 3866 et
518 3803 616 3865 cauco
639 3813 668 3865 te
690 3821 785 3885 super
806 3821 856 3864 me
877 3801 1036 3880 miseriae,
1061 3801 1139 3885 quia
1161 3812 1195 3864 tu
1212 3801 1327 3885 diguus
1342 3802 1448 3880 fuisti
1462 3804 1512 3866 di·

333 3939 415 3981 cere:
445 3914 692 4002 „Quodcumque
714 3918 871 4002 percussu
900 3940 923 3979 a
948 3915 1048 3980 Putre
1076 3918 1112 3980 iu
1141 3917 1267 3980 nomine
1294 3939 1380 3998 meo,
1421 3919 1515 3984 dedi·

330 4033 440 4098 uobab“
451 4027 467 4096 ¹.
503 4032 535 4096 A
558 4045 587 4098 te
603 4045 690 4120 peto,
715 4056 736 4095 a
758 4043 786 4096 te
808 4032 918 4112 eloneo,
944 4056 966 4096 a
987 4033 1114 4098 domiuo
1138 4029 1259 4098 Christo
1283 4034 1412 4116 confido
1439 4037 1513 4098 aui·

331 4171 417 4212 mam
444 4170 555 4212 oseam.
646 4144 786 4230 Cumque
812 4165 870 4233 per
902 4145 1045 4212 ordinem
1077 4146 1250 4231 legeretur,
1284 4150 1441 4234 pervenit
1477 4149 1517 4216 ad

404 4303 425 4336 u.
446 4289 506 4336 dedo
523 4291 550 4337 C.

403 4393 430 4448 1.
455 4391 652 4462 110u.1s,23.
