3024 4864
187 1120 240 1175 748

140 1195 194 1253 post
202 1193 286 1239 Maium

302 245 369 312 200
551 261 578 310 s.
596 263 771 311 nourrnrn
793 265 837 310 nr
860 263 962 312 noum
983 263 1171 312 sumnonem
1194 263 1224 310 ro

305 401 366 473 70.
391 405 578 490 Bonifatius
601 405 775 472 &domito
800 407 1036 494 archiepiscopo
1059 406 1283 474 Cantuooienai
1303 409 1341 474 dc
1360 429 1449 472 munc-

391 522 479 586 rn'hus
503 523 675 609 litterisque
696 526 801 588 messis
822 527 945 609 pronas
968 527 1043 610 opit.
1078 525 1110 589 A
1126 547 1191 590 sese
1205 528 1240 590 in
1255 526 1372 611 synodo
1385 545 1452 610 quus

392 651 510 703 statuto
532 641 604 718 sint
629 640 795 725 &optent
839 639 961 706 Suadet
982 641 1206 732 senectutem.
1242 641 1343 706 Addit
1363 641 1397 706 dc
1407 640 1451 724 fc·

390 757 550 818 minorum
575 755 710 820 Rooncm
728 758 984 842 percpcinctionc
1005 757 1190 836 coercendo,
1214 758 1254 821 dc
1274 757 1453 821 mummii

386 891 448 955 per
471 869 568 935 tricos
590 893 654 934 noo
677 873 837 956 ommes,
861 873 900 936 dc
921 874 1052 935 cestium
1076 873 1231 937 lucosio'.

1089 985 1125 1064 (S
1144 987 1217 1071 105,
1240 983 1279 1052 W
1297 988 1349 1071 te,
1370 983 1470 1066 cest·

395 1115 556 1204 Spiritalis
580 1115 752 1184 adfinitatis
775 1117 1005 1186 necessitudine
1032 1119 1207 1206 copulando
1234 1119 1342 1220 fratri,
1369 1117 1456 1183 urchi·

303 1230 504 1318 pontificatus
528 1233 629 1299 infula
648 1233 827 1316 sublimato,
851 1237 1035 1322 coepiscopo
1051 1231 1267 1302 Cudbsrhto⁵¹
1281 1231 1455 1316 Bonifatius,

301 1345 424 1430 legatus
446 1346 652 1415 Germanicus
680 1349 867 1416 catholicae⁸
896 1351 1086 1437 apostolicae
1107 1350 1285 1417 Romanae·¹
1313 1350 1456 1430 eeclesiae,

302 1462 473 1548 optabilem
496 1465 530 1530 in
553 1463 695 1531 Christo·
717 1465 864 1532 intimae*
887 1467 1028 1533 caritatis
1051 1467 1195 1534 salutem.

394 1577 555 1666 Scriptum
578 1581 662 1646 enim
686 1585 735 1648 est
757 1582 789 1647 in
813 1581 894 1649 libro
918 1581 1111 1650 Salomonis:
1140 1584 1258 1648 Bccucs
1282 1583 1387 1662 torno,
1413 1583 1460 1667 qui

302 1698 422 1762 incenit
450 1700 601 1778 amicam,
632 1721 703 1761 cum
732 1719 794 1783 quo
817 1703 917 1784 possit
940 1700 1031 1786 loqui
1051 1703 1145 1786 quusi
1167 1723 1237 1764 cum
1259 1711 1353 1763 semet
1373 1689 1458 1784 ipso¹.

303 1810 382 1878 Cum
405 1813 587 1879 muneribus
610 1812 860 1878 munificentiae⁸
882 1815 1023 1880 vestrae*¹
1047 1814 1244 1880 dulcissimas
1271 1813 1392 1880 litteras
1416 1829 1460 1877 re·

304 1933 402 2011 stras,
426 1928 567 1994 fraterna
590 1929 721 1995 caritate
744 1926 922 2013 interlitas,
945 1949 1076 2014 magnas
1099 1929 1167 1996 Dec
1191 1934 1223 1996 et
1244 1930 1334 1996 vobis
1356 1927 1460 2012 gratias

303 2050 447 2128 agentes,
470 2043 535 2111 filio
558 2051 661 2111 vestro
685 2045 816 2110 diacono
839 2042 1055 2130 Cynebcrhto'
1079 2044 1243 2130 offerente,
1265 2044 1459 2131 suscepimus.

301 2159 401 2226 Visae
423 2161 509 2226 vocis
532 2178 655 2244 quoque
677 2157 828 2225 melliflua
850 2160 1016 2244 conloquia
1037 2166 1143 2228 vestra
1165 2161 1204 2228 de
1224 2161 1375 2228 fraternis
1396 2177 1458 2225 cou-

303 2274 383 2341 siliis
406 2295 464 2361 per
486 2273 576 2340 illum
598 2273 688 2340 nobis
718 2275 833 2340 ceritas
862 2281 967 2342 vestra
995 2276 1166 2343 mundavit.
1212 2276 1298 2355 Quae
1329 2275 1462 2344 consilio

302 2409 374 2456 rum
398 2389 555 2477 spiritalis
578 2390 744 2474 conloquia
767 2395 912 2476 optamus
935 2397 980 2475 ut,
1006 2391 1074 2458 Deo
1098 2392 1221 2459 volente
1245 2411 1341 2476 quam
1365 2392 1417 2458 diu
1435 2391 1464 2456 in

303 2507 363 2573 hac
391 2504 517 2572 mortali
546 2507 612 2572 vita
640 2507 801 2590 vivamus,
836 2507 920 2572 inter
947 2527 1004 2573 uos
1033 2507 1148 2590 iugiter
1176 2508 1392 2590 insinuantur,
1417 2504 1464 2570 illo

304 2627 482 2707 prestante,
513 2643 532 2688 a
561 2642 621 2706 qno
651 2621 718 2688 solo
740 2627 850 2688 sancta
872 2623 1043 2707 desideria,
1072 2629 1159 2689 recte
1183 2622 1315 2689 consiliu
1339 2629 1371 2690 et
1392 2623 1466 2688 iusta

304 2743 378 2804 sunt
401 2734 525 2825 opera³.
569 2737 632 2803 Vos
655 2737 768 2803 melius
792 2743 823 2803 et
844 2737 1025 2824 plenius-
1044 2739 1156 2823 quibus
1178 2738 1265 2805 Deus
1287 2739 1398 2806 multis
1419 2736 1465 2802 do

304 2854 393 2920 navit
422 2859 454 2921 et
481 2853 667 2941 prudentius
697 2872 790 2919 nosse
820 2859 853 2919 et
881 2852 993 2919 melius
1023 2859 1055 2921 et
1076 2855 1200 2941 plenius
1223 2873 1316 2942 posse
1342 2891 1384 2901 -
1406 2871 1465 2934 nos,

305 2971 395 3056 quusi
418 2971 451 3035 in
474 2971 583 3057 paucis
606 2967 713 3035 fideles
736 2969 847 3035 nestri¹
871 2975 903 3036 et
923 2969 1044 3054 deuon,
1068 2971 1249 3036 studeamus
1271 2971 1398 3054 instrui,
1421 2989 1467 3034 au·

304 3095 384 3151 rsom
404 3084 548 3152 caelestis
572 3085 688 3150 amon's
711 3084 853 3169 vinculo,
878 3086 961 3170 quod
984 3087 1090 3172 rumpi
1112 3106 1176 3151 non
1197 3091 1318 3172 potest,
1342 3087 1467 3152 invicem

305 3201 451 3268 catenati.
496 3199 579 3266 Nam
602 3200 691 3294 labor
714 3201 814 3266 nostri
838 3199 1006 3266 ministerii
1028 3203 1121 3268 unius
1146 3207 1178 3268 et
1199 3202 1340 3268 ciusdem
1364 3219 1469 3267 causae

377 3357 398 3388 ι.
420 3361 448 3388 e:
465 3345 493 3388 Μ
509 3341 685 3396 12212-1281·,
709 3343 793 3388 cate
803 3341 907 3394 -103o,
931 3343 956 3388 V
967 3343 1085 3390 fil-loc.
1110 3347 1230 3390 Praetereo
1251 3343 1347 3390 adunus
1361 3342 1471 3403 Spelnum'

308 3423 424 3470 (Concilio
440 3422 500 3467 ortis
516 3424 644 3468 mansne
658 3423 672 3468 1
681 3422 737 3470 237}
755 3423 873 3468 editionem
888 3439 940 3477 „ex
957 3423 1009 3468 cod.
1023 3426 1172 3470 cutrsnr'mr'rno
1188 3441 1228 3469 ms.
1245 3425 1314 3470 literis
1330 3422 1469 3472 Snaeonin's“

304 3507 394 3559 suctum
413 3504 485 3560 (Sp).
501 3510 521 3546 ct
537 3517 586 3545 conr
604 3519 671 3560 quum
687 3503 749 3548 Gs'lcs
767 3502 901 3548 (Anccdotu
918 3503 996 3548 nedae
1012 3505 1142 3558 Lnnfruncr'
1155 3513 1176 3548 et
1192 3505 1287 3549 oliorum
1301 3521 1326 3560 p.
1338 3503 1429 3552 7-17)
1445 3515 1470 3543 a

306 3583 385 3627 codice
403 3597 446 3626 non
462 3581 564 3626 inrdiculo
578 3583 671 3638 putauit
687 3581 803 3626 aditionem
823 3583 866 3632 (G.
878 3588 932 3628 un).
1041 3580 1063 3627 b.
1087 3581 1199 3628 Gudbcrto
1217 3586 1276 3638 MC,
1298 3581 1429 3628 cudberllto
1446 3579 1470 3630 V»

306 3661 430 3708 Outhberto
446 3661 485 3719 Sp.
556 3671 576 3704 c.
597 3661 620 3704 ct
637 3660 693 3704 add.
712 3662 738 3714 C,
754 3663 794 3720 Sp.
866 3659 888 3706 d.
908 3659 1021 3706 Ramanac
1041 3662 1068 3707 V.
1141 3675 1161 3706 e.
1182 3679 1224 3707 cm.
1242 3665 1268 3708 C.
1339 3661 1356 3708 l.
1378 3678 1420 3706 οιι.
1435 3661 1470 3712 1:

305 3742 408 3788 inmense
426 3743 451 3787 C.
518 3751 540 3795 g.
561 3740 710 3786 munlccnticc
730 3741 757 3786 V.
840 3739 863 3786 lu.
883 3739 1038 3785 munificentia
1052 3744 1129 3786 restra
1150 3744 1182 3786 M.
1265 3741 1280 3786 i.
1300 3739 1421 3787 interlatns
1435 3741 1471 3796 Sp·

305 3821 328 3868 k.
350 3818 492 3879 cynebertho
511 3821 543 3870 Μ,
560 3820 605 3877 Spe
628 3835 684 3864 corr.
700 3823 723 3865 ia
740 3818 882 3866 Gunebcrhto
899 3822 931 3874 6,·
947 3819 1090 3878 Gyncbarhto
1109 3821 1136 3866 V.
1213 3818 1228 3866 l.
1249 3820 1288 3866 uni
1304 3823 1331 3871 C.
1347 3821 1424 3866 tamen
1436 3819 1471 3875 Sp.

306 3916 336 3947 m.
355 3899 411 3946 aur‘o
429 3903 468 3955 M,·
489 3911 544 3944 curo
560 3915 615 3943 corr.
634 3901 655 3943 in
677 3911 745 3945 aureo
763 3901 795 3956 C,-
816 3913 871 3945 auro
890 3901 918 3954 V,·
937 3913 1005 3944 aureo
1022 3901 1063 3958 Sp.

378 3997 402 4050 1.
427 3993 546 4061 archiep.
565 3993 763 4062 Cuntuariensi‚
783 3994 936 4048 740-762.
1009 3995 1035 4047 2.
1061 3991 1102 4048 Oi.
1121 3993 1205 4048 Eccli.
1218 3995 1260 4064 25,
1276 3995 1322 4048 12:
1343 3993 1472 4062 „Beatus

306 4085 352 4153 qui
371 4083 476 4138 invenit
493 4083 611 4137 amicum
623 4096 727 4152 venum,
747 4085 775 4136 et
787 4083 833 4151 qui
846 4086 954 4137 sument
966 4083 1097 4136 iustitiam
1110 4083 1170 4138 nuri
1182 4081 1333 4138 nudisnti“.
1392 4083 1420 4137 3.
1439 4065 1478 4150 „a'

306 4188 361 4242 quo
384 4175 481 4226 sanctu
499 4174 616 4225 -sunt
638 4170 741 4240 opern¹‘
762 4186 797 4226 ex
820 4171 979 4240 precatione
1002 4171 1126 4226 sollemni
1147 4171 1191 4238 (in
1209 4169 1407 4227 Processionnli
1424 4170 1474 4222 Ro·

307 4277 401 4316 mano:
420 4260 544 4314 Litaniss
563 4259 679 4314 maiores
697 4265 726 4314 et
744 4260 881 4327 minores),
901 4259 978 4312 cuiun
997 4258 1103 4314 initium
1122 4259 1173 4315 hoc
1191 4265 1248 4314 est:
1269 4259 1375 4330 „Deus
1394 4269 1474 4326 aquo

307 4355 403 4402 sanctu
421 4347 564 4417 desideria,
583 4353 659 4402 rectu
677 4348 790 4403 consilia
807 4352 836 4402 et
853 4348 926 4402 iusta
943 4353 1007 4402 sunt
1025 4363 1117 4418 opera,
1137 4348 1173 4403 ds
1191 4348 1278 4402 serris
1296 4347 1372 4429 tuis⁶⁴
1392 4351 1445 4402 cet
